2010 3417
117 153 216 208 516]
1624 152 1704 190 433

576 208 727 250 515516.
787 207 851 249 To
882 207 1031 248 PETER
1062 207 1240 249 GILLEs.

163 276 327 323 Farrago
344 289 379 323 p.
404 287 478 322 194.
1365 274 1544 311 Brussels.

164 337 202 371 F.
221 349 257 382 p.
276 347 366 382 329:
391 336 483 372 HN:
509 336 625 372 Lond.
644 335 705 370 vii.
725 345 791 381 34:
820 334 892 370 LB.
913 345 992 379 300.
1254 343 1299 368 20
1315 333 1483 379 January
1503 331 1657 380 (1517).

493 428 698 459 ERASMVS
729 427 871 457 PETRO
901 426 1092 458 AEGIDIO
1125 427 1206 456 SVO
1238 427 1271 457 S.
1300 427 1343 456 D.

173 503 234 541 ΤΕ
252 503 339 542 filia
357 504 526 542 auctum
545 502 709 554 gaudeo,
725 505 817 542 tum
837 505 1091 552 compatrem
1110 501 1376 540 Tunstallum
1395 501 1473 540 tibi
1493 501 1679 551 gratulor
1695 515 1704 549 3

120 582 200 619 quo
236 568 328 607 viro
370 569 477 606 nihil
518 568 643 607 habet
684 568 784 606 haec
827 570 938 606 aetas
979 581 1053 606 nec
1095 566 1301 605 eruditius
1338 579 1412 605 nec
1446 566 1598 606 melius
1635 578 1709 605 nec

119 633 356 672 humanius.
413 633 504 683 Age
535 633 587 671 ad
616 633 745 672 istum
774 635 961 671 tenorem
999 632 1109 670 vices
1145 631 1344 681 gignendi
1381 632 1444 670 fac
1483 645 1636 679 serues,
1665 633 1712 669 vt

121 697 304 747 aequalis
337 697 391 735 sit
423 711 624 736 numerus
653 697 838 736 filiorum
868 710 911 735 ac
945 696 1140 735 filiarum.
1201 696 1307 734 Mihi
1341 696 1425 735 13111
1456 709 1539 734 11011
1572 697 1713 735 videor

121 763 261 800 viuere
279 762 472 812 adempto
491 762 720 810 Tunstallo,
742 775 817 800 nec
847 761 963 800 video
994 764 1136 800 tamen
1157 775 1238 810 quo
1257 760 1425 810 fugiam.
1486 761 1714 800 Montioius
1733 772 1748 800 5

122 827 236 866 abest
255 828 432 876 longius.
490 827 735 875 Louanium,
758 827 925 866 tametsi
953 840 1048 865 cum
1073 826 1278 875 theologis
1304 827 1512 875 vtcunque
1532 826 1715 864 reditum

122 894 183 931 est
212 891 258 930 in
284 893 470 942 gratiam,
504 892 650 931 durius
677 894 819 930 tamen
847 905 924 930 nos
951 891 1151 941 acciperet
1176 891 1222 929 in
1251 891 1574 940 quadragesima.
1635 890 1714 928 Hic

124 957 261 996 sedere
280 957 438 996 diutius
457 957 628 996 omnino
647 970 733 995 non
753 958 816 995 est
841 956 1016 995 animus.
1076 955 1122 995 Si
1141 956 1244 994 citra
1262 957 1384 994 tuum
1404 955 1715 994 incommodum

125 1023 265 1061 cedere
292 1025 410 1072 potes
443 1022 679 1061 cubiculum
706 1035 838 1060 vnum
872 1022 979 1071 quod
1005 1021 1129 1060 habet
1154 1020 1364 1069 latrinam,
1395 1021 1584 1059 fortassis
1609 1020 1715 1059 istuc

125 1087 389 1137 immigrabo,
415 1089 633 1137 paraturus
659 1099 761 1136 quae
787 1086 956 1124 mittam
984 1085 1204 1124 Basileam.
1262 1085 1378 1134 Quod
1408 1098 1532 1135 supra
1552 1085 1717 1124 solitam
1738 1101 1775 1123 10

129 1151 333 1191 rationem
369 1152 634 1202 impenderis,
669 1151 776 1189 mihi
809 1151 903 1189 volo
934 1150 1156 1200 imputari:
1200 1150 1259 1188 ita
1288 1164 1363 1188 nec
1395 1152 1437 1188 te
1469 1163 1718 1200 magnopere

128 1217 308 1267 grauabo
327 1230 402 1255 nec
420 1219 467 1255 tu
486 1230 564 1256 me.
624 1216 703 1255 Fac
726 1215 854 1266 igitur
873 1217 920 1254 vt
939 1216 1067 1254 sciam
1087 1228 1213 1266 quam
1231 1215 1428 1265 primum,
1452 1215 1522 1254 sed
1544 1228 1642 1254 caue
1666 1228 1718 1252 ne

130 1282 229 1331 quid
248 1295 416 1320 moueas
444 1281 558 1320 domi
576 1283 680 1329 tuae,
704 1281 830 1319 donec
849 1280 923 1319 abs
944 1282 985 1319 te
1003 1280 1136 1318 factus
1155 1279 1306 1318 certior
1325 1282 1366 1318 te
1385 1279 1570 1319 vicissim
1591 1280 1721 1319 reddi-

131 1348 228 1386 dero
256 1346 482 1385 certiorem.
543 1346 605 1384 De
630 1346 804 1396 pecunia
829 1345 938 1384 nihil
961 1344 1094 1383 adhuc
1116 1345 1250 1392 audio,
1275 1348 1316 1384 et
1338 1350 1480 1383 tamen
1503 1358 1594 1384 mea
1619 1358 1721 1384 non-

132 1411 240 1450 nihil
259 1411 394 1460 refert,
417 1425 470 1450 ne
495 1425 542 1450 03
568 1411 721 1450 diutius
744 1411 798 1449 sit
824 1410 869 1449 in
895 1410 1089 1449 manibus
1114 1410 1432 1449 foeneratorum.
1491 1410 1721 1450 onrculae

131 1479 227 1516 tuae
259 1477 528 1515 suauissimae
560 1476 696 1515 fausta
727 1476 867 1515 omnia
895 1488 1050 1525 precor.
1111 1475 1289 1514 Fabulae
1319 1489 1456 1514 rerum
1486 1478 1723 1515 nostrarum

131 1541 377 1592 prolixiores
415 1543 517 1580 sunt
551 1555 675 1592 quam
707 1544 755 1580 vt
791 1541 926 1579 literis
964 1540 1171 1579 committi
1206 1542 1378 1591 possint.
1436 1541 1579 1592 Nuper
1614 1542 1722 1592 apud

134 1605 439 1646 Cancellarium
462 1607 670 1656 prandens
700 1606 973 1645 honorificam
1005 1606 1068 1644 tui
1093 1606 1171 1645 feci
1199 1606 1469 1654 mentionem,
1499 1608 1540 1644 et
1570 1606 1723 1656 accepit

135 1671 234 1710 satis
262 1671 408 1721 pronis
433 1671 614 1710 auribus.
673 1670 789 1710 Patri
816 1671 984 1721 optimo,
1016 1671 1100 1709 iam
1131 1670 1197 1709 bis
1219 1671 1338 1720 patri,
1369 1672 1548 1710 multam
1576 1684 1625 1710 ex
1658 1684 1724 1709 me

136 1737 316 1776 salutem
335 1736 473 1776 dicito.
533 1737 648 1775 Bene
667 1736 769 1776 vale.
1746 1749 1786 1771 20

191 1801 427 1841 Bruxellae.
448 1802 580 1852 pridie
600 1803 788 1851 Agnetis,
849 1799 992 1854 [Anno
1012 1799 1252 1854 M.D.XV111.]

383 1940 479 1980 517.
540 1938 672 1979 FROM
701 1938 794 1978 LEO
823 1937 864 1978 X
895 1948 950 1978 To
980 1938 1183 1978 ANDREW
1213 1938 1481 1980 AMMONIUS.

188 2029 297 2065 Basle
316 2029 392 2064 Ms.
412 2029 502 2065 Urk.
523 2028 589 2064 11².
609 2039 642 2072 4.
1437 2029 1564 2065 Rome.

185 2088 344 2123 Vischer
360 2099 396 2132 p.
418 2088 472 2122 26.
1330 2088 1375 2122 26
1393 2087 1560 2132 January
1581 2097 1681 2132 1517.

186 2169 262 2210 [An
294 2168 447 2208 original
473 2167 678 2206 document,
707 2166 800 2198 with
831 2166 1026 2207 autograph
1054 2167 1310 2206 subscriptions
1337 2168 1385 2206 by
1410 2168 1628 2199 Ammonius
1658 2168 1729 2199 and

143 2213 281 2248 Sixtin;
315 2214 353 2243 at
380 2221 447 2242 one
474 2211 563 2242 time
595 2211 633 2241 in
663 2211 724 2241 the
753 2210 951 2250 possession
981 2210 1020 2240 of
1045 2209 1226 2249 Erasmus,
1254 2220 1336 2241 now
1362 2212 1402 2242 in
1428 2212 1491 2243 the
1517 2212 1731 2251 University

143 2256 294 2295 Library
316 2258 352 2286 at
377 2255 492 2286 Basle.
538 2254 611 2285 The
637 2255 877 2294 counterpart,
902 2253 1022 2284 which
1049 2253 1094 2284 he
1121 2253 1193 2284 had
1218 2254 1424 2285 subscribed
1449 2255 1521 2285 and
1546 2255 1612 2286 left
1639 2256 1729 2286 with

143 2299 370 2337 Ammonius,
388 2308 461 2329 was
477 2298 648 2328 returned
664 2299 700 2328 to
717 2297 795 2327 him
813 2295 903 2327 after
918 2296 1143 2328 Ammonius’
1160 2297 1269 2328 death
1284 2298 1332 2336 by
1347 2298 1450 2329 Peter
1465 2299 1611 2329 Vannes
1626 2309 1633 2337 ;
1657 2299 1729 2330 and

145 2344 191 2374 he
214 2352 261 2372 no
285 2342 396 2372 doubt
419 2341 608 2380 destroyed
630 2341 660 2372 it
679 2341 735 2382 (cf.
754 2340 824 2371 LB.
844 2341 938 2380 App.
955 2341 1028 2380 228,
1049 2350 1121 2380 132,
1140 2341 1233 2381 281).
1280 2341 1393 2372 There
1416 2342 1448 2373 is
1472 2343 1544 2373 also
1567 2344 1603 2372 at
1626 2342 1730 2374 Basle

145 2396 165 2417 a
187 2395 275 2425 copy
297 2385 417 2415 which
438 2386 470 2415 is
489 2385 702 2424 apparently
726 2384 766 2415 in
788 2384 1014 2415 Ammonius’
1038 2384 1137 2415 hand
1159 2384 1231 2415 and
1252 2385 1282 2415 is
1304 2385 1475 2416 endorsed
1500 2387 1545 2425 by
1563 2386 1735 2416 Erasmus

148 2432 157 2446 ‘
170 2429 380 2459 Commissio
392 2428 400 2441 ’
416 2428 486 2468 (Gss.
506 2428 556 2459 ΙΙ.
572 2429 615 2458 66
630 2428 674 2459 ad
690 2426 781 2468 fin.).

190 2472 265 2502 The
283 2471 364 2502 date
380 2471 491 2502 needs
506 2481 553 2502 no
569 2471 839 2503 corroboration.
888 2470 950 2501 See
967 2470 1030 2510 Ep.
1048 2481 1111 2509 447
1126 2471 1274 2511 introd.]

781 2558 867 2589 LEO
898 2558 1014 2588 PAPA
1045 2554 1102 2587 XS.

203 2641 388 2678 Darem
408 2638 480 2685 fili,
495 2638 670 2677 salutem
690 2642 731 2677 et
745 2639 1012 2688 apostolicam
1033 2638 1372 2676 benedictionem.
1432 2638 1596 2688 Exponi
1616 2639 1737 2678 nobis

150 2717 282 2754 nuper
300 2702 434 2741 fecisti
454 2703 563 2752 quod
582 2703 676 2741 istic
701 2703 750 2741 ad
776 2716 944 2753 presens
971 2702 1112 2740 existit
1135 2702 1200 2740 vir
1225 2703 1391 2752 quidam
1415 2703 1602 2742 doctrina
1626 2717 1735 2753 prae-

150 2770 296 2817 clarus,
319 2768 389 2817 qui
408 2770 592 2816 tempore
611 2781 708 2805 suae
733 2768 930 2817 pueritiae
957 2780 1029 2817 per
1053 2780 1122 2806 eos
1145 2767 1215 2816 qui
1239 2767 1327 2805 eius
1352 2780 1493 2806 curam
1513 2767 1733 2816 habebant,

327 2871 400 2901 516.
420 2880 449 2907 7.
475 2871 514 2900 in
525 2873 594 2907 post
607 2870 780 2909 acciperet
795 2880 853 2900 om.
871 2871 911 2899 H.
1045 2878 1096 2900 21.
1121 2869 1228 2900 Anno
1245 2878 1411 2900 M.D.xvnt
1428 2873 1500 2902 add.
1521 2873 1561 2903 H.

369 2933 444 2989 51⁴6·
469 2967 500 2997 5.
526 2957 736 2998 Montioius]
760 2956 811 2988 Cf.
830 2957 892 2997 Ep.
906 2958 978 2996 508.
1000 2966 1037 2995 17
1057 2966 1090 2986 n.

375 3011 423 3040 14.
450 3001 616 3042 pecunia]
643 3001 799 3040 Perhaps
814 3000 895 3031 that
913 2999 1121 3031 mentioned
1138 3000 1177 3031 in
1194 3001 1256 3041 Ep.
1274 3010 1348 3041 513.
1365 3011 1394 3041 5.

221 3067 328 3088 annm<
347 3067 374 3087 u
919 3068 943 3094 F
963 3057 983 3094 f
