2010 3417
87 164 186 220 497]
560 169 632 208 rro
668 170 819 210 JOHN
857 170 1210 211 PALUDANUS
1595 170 1673 208 411

121 287 406 319 EPITAPHIVM
438 288 646 321 CARMINE
676 290 870 322 IAMBICO
901 290 1131 321 TRIMETRO
1161 290 1204 320 D.
1233 289 1390 322 IACOBI
1421 290 1481 320 DE
1510 288 1641 330 CROY,

457 358 591 390 DVCIS
623 359 677 389 ET
708 359 910 390 EPISCOPI
942 358 1298 391 CAMERACENSIS.

355 439 582 490 Vtriusque
610 440 747 490 gentis
774 439 941 479 Croicae
969 442 1010 478 et
1038 439 1298 489 Lalaingicae

356 504 490 542 Decus
518 517 708 554 perenne,
740 504 914 543 Iacobus
940 504 1017 542 hoc
1046 505 1152 542 situs
1180 505 1278 551 loco,
1695 509 1713 541 5

355 568 583 608 Praesulne
611 568 736 608 fuerit
764 569 915 608 melior
942 582 995 607 an
1025 569 1109 607 dux
1138 569 1291 618 clarior,

356 634 464 682 Tibi,
495 634 722 681 Camerace,
755 647 878 673 nemo
906 633 1024 673 facile
1054 633 1214 672 dixerit.

356 699 536 738 Euectae
565 699 614 737 ad
643 700 754 738 astra
782 699 936 748 virgini
964 699 1088 736 matri
1116 711 1235 747 sacer,

357 764 435 802 Cui
465 764 597 803 fuerat
625 777 752 814 vsque
778 765 942 814 pectore
970 763 1156 802 addictus
1183 764 1263 813 pio,

354 828 508 868 Euexit
534 829 646 868 hunc
675 843 696 867 e
725 829 849 868 rebus
877 828 1074 867 humanis
1101 829 1197 867 dies.
1698 836 1737 858 10

437 1013 593 1055 ‘²⁸³498.
655 1013 788 1055 FROM
819 1013 1024 1054 ANDREW
1055 1013 1321 1054 AMMONIUS.

132 1101 240 1137 Basle
260 1101 338 1138 MS.
1281 1102 1556 1138 Weetminster.

130 1159 288 1197 Vischer
303 1173 340 1207 p.
361 1171 414 1207 25.
1209 1172 1231 1205 4
1250 1160 1456 1197 December
1476 1160 1627 1209 (1516).

130 1240 206 1283 [An
229 1243 428 1282 autograph
453 1243 492 1273 in
514 1243 577 1274 the
601 1242 704 1274 Basle
721 1242 934 1282 University
957 1243 1118 1283 Library,
1145 1242 1209 1274 No.
1227 1253 1247 1273 2
1270 1243 1310 1274 in
1332 1243 1395 1273 the
1418 1242 1560 1274 volume
1582 1243 1675 1274 from

84 1283 205 1316 which
228 1285 292 1325 Ep.
310 1287 375 1324 466
395 1296 533 1317 comes:
555 1285 730 1318 endorsed
753 1287 800 1326 by
815 1286 984 1318 Erasmus
1001 1286 1150 1318 ‘Manus
1169 1286 1317 1317 Andree
1338 1287 1553 1318 Ammonii'.
1600 1287 1675 1318 The

86 1337 228 1360 answer
243 1332 280 1360 to
296 1329 326 1360 it
341 1329 372 1360 is
390 1328 600 1361 mentioned
616 1330 657 1360 in
673 1330 737 1370 Ep.
756 1339 832 1370 505.
853 1329 919 1371 17.]

487 1446 594 1478 AND.
624 1445 868 1476 AMMONIVS
899 1445 1080 1476 ERASMO
1111 1445 1144 1475 S.
1169 1445 1204 1477 P.
1231 1445 1272 1476 D.

136 1535 285 1573 Amm:
304 1534 405 1573 haec
423 1535 475 1574 ad
495 1537 537 1574 te
552 1536 697 1584 scribo,
718 1538 767 1575 vt
787 1536 858 1586 qui
877 1535 1101 1575 tertianula
1124 1535 1307 1574 laborem
1334 1548 1436 1586 quae
1455 1538 1553 1574 nata
1571 1535 1679 1574 mihi

82 1601 145 1638 est
175 1613 224 1639 ex
252 1601 456 1640 stomachi
488 1601 652 1650 dolore;
695 1602 762 1640 cui
795 1602 897 1640 dum
927 1601 1089 1640 vomitu
1120 1601 1396 1651 fomentisque
1427 1601 1677 1651 quibusdam

83 1665 229 1704 calidis
248 1666 406 1705 mederi
426 1668 583 1716 studeo,
602 1667 702 1706 bilis
722 1667 896 1706 excitata
914 1667 959 1705 in
978 1666 1128 1704 febrim
1149 1666 1285 1716 erupit
1301 1681 1310 1714 3
1341 1679 1422 1716 qua
1441 1667 1548 1705 mihi
1566 1679 1677 1705 nunc

83 1731 266 1780 primum
291 1731 437 1770 videor
462 1732 634 1771 leuatus.
694 1732 780 1770 Nec
807 1745 935 1782 paruo
961 1732 1042 1770 fuit
1068 1731 1310 1770 adiumento
1330 1731 1524 1781 voluptas
1553 1745 1678 1782 quam

81 1809 132 1834 ex
161 1795 314 1834 litteris
339 1796 390 1834 ab
415 1797 526 1835 Vrbe
546 1798 596 1835 de
622 1811 665 1836 re
692 1801 763 1836 tua
786 1810 920 1848 nuper
947 1796 1085 1835 allatis
1109 1796 1285 1845 concepi.
1347 1795 1545 1835 Intellexi
1564 1797 1677 1835 enim
1695 1807 1713 1839 5

83 1859 282 1912 Ἀρχιερέα
308 1861 483 1900 mirifice
511 1862 556 1900 in
583 1864 626 1900 te
654 1875 914 1912 propensum,
941 1864 982 1900 et
1010 1861 1108 1912 quid
1137 1860 1351 1911 impetrari
1380 1863 1512 1911 queat,
1545 1861 1677 1900 immo

88 1926 186 1977 quid
224 1926 497 1977 impetratum
530 1926 595 1976 sit,
633 1940 656 1966 a
688 1927 964 1978 Vigorniense
1000 1927 1163 1977 accepi:
1207 1926 1314 1977 quod
1352 1926 1503 1964 idcirco
1541 1927 1678 1966 noluit

86 1990 291 2041 expedire,
324 1992 492 2040 veritus,
524 1993 633 2042 quod
663 1995 737 2041 est,
767 2006 820 2032 ne
848 1992 1103 2032 satisfactum
1132 1991 1251 2030 nobis
1279 1992 1417 2041 (non)
1447 1994 1562 2031 esset.
1621 1993 1677 2032 Et

89 2057 325 2106 exemplum
346 2058 396 2095 ad
416 2070 484 2096 me
503 2058 627 2107 misit,
649 2060 706 2107 vt,
729 2058 765 2097 si
783 2058 905 2097 nobis
926 2057 1135 2108 probetur,
1159 2057 1209 2095 ad
1229 2070 1272 2096 se
1291 2057 1581 2106 remittamus;
1609 2058 1677 2097 sin

86 2135 184 2160 vero
203 2122 284 2160 alia
304 2122 592 2171 desideremus,
616 2125 658 2162 te
677 2123 868 2162 hortatur
886 2125 932 2162 vt
951 2123 1002 2162 ad
1018 2122 1266 2161 Pontificem
1286 2122 1516 2161 Maximum
1534 2135 1678 2162 rursus
1698 2132 1737 2155 10

82 2190 269 2227 accurate
307 2188 470 2238 scribas,
507 2202 630 2239 seque
662 2191 756 2228 tuas
788 2189 947 2228 litteras
980 2188 1067 2227 suis
1099 2187 1291 2237 precibus
1322 2187 1676 2237 subsequuturum

85 2252 314 2301 pollicetur.
373 2253 462 2303 Ego
491 2254 641 2292 suadeo
667 2255 714 2293 vt
739 2255 782 2293 et
806 2253 900 2293 illas
925 2256 966 2293 et
994 2253 1142 2292 alteras
1170 2253 1221 2291 ad
1240 2252 1559 2302 Vigorniensem
1584 2266 1675 2292 con-

86 2318 243 2357 scribas
262 2320 308 2357 in
331 2332 423 2358 eam
450 2319 701 2358 sententiam
727 2332 852 2369 quam
877 2322 924 2358 tu
953 2318 1165 2368 putaueris
1190 2318 1671 2357 accommodatissimam.

86 2381 136 2420 Id
167 2383 274 2432 quod
303 2384 389 2422 dixi
416 2384 654 2434 exemplum
683 2398 779 2423 cum
808 2385 875 2423 his
903 2383 1055 2423 litteris
1082 2383 1266 2434 accipies,
1297 2385 1338 2421 et
1365 2383 1411 2420 in
1440 2396 1487 2421 eo
1515 2382 1676 2421 videbis

88 2447 290 2496 quaedam
308 2462 384 2498 pro
403 2463 496 2488 meo
515 2449 668 2488 iudicio
686 2449 946 2488 subinducta.
1696 2463 1733 2495 15

141 2511 268 2550 Volui
298 2512 509 2552 Sixtinum
538 2515 760 2563 consulere,
793 2515 864 2565 qui
893 2516 1061 2553 vocatus
1089 2513 1137 2551 ad
1170 2526 1237 2551 me
1266 2513 1406 2559 venit;
1447 2512 1515 2550 sed
1545 2524 1675 2561 quum

92 2589 235 2615 vacare
253 2578 352 2616 tunc
372 2578 409 2616 ei
427 2579 544 2617 nullo
564 2580 686 2618 modo
704 2593 880 2629 possem,
899 2592 1064 2618 causam
1078 2577 1261 2616 indicaui
1279 2590 1352 2614 cur
1370 2575 1676 2614 accersiuissem

89 2644 132 2680 et
156 2642 300 2691 rogaui
324 2644 371 2680 vt
396 2643 558 2682 rediret.
616 2644 830 2692 Promisit,
852 2645 925 2682 sed
953 2644 1116 2693 magnis
1138 2642 1347 2691 aliquibus
1370 2640 1549 2690 negociis
1577 2643 1677 2690 puto

92 2706 221 2745 fuisse
253 2709 473 2747 retentum.
544 2708 649 2746 Mihi
678 2722 776 2747 vero
806 2708 1073 2758 postmodum
1107 2707 1151 2745 in
1183 2707 1367 2745 mentem
1401 2705 1514 2744 venit
1547 2705 1676 2745 satius

91 2784 181 2811 esse
206 2785 348 2810 curam
372 2772 480 2811 hanc
504 2772 583 2811 tibi
610 2773 852 2822 relinquere,
873 2775 920 2811 vt
947 2775 994 2811 tu
1019 2773 1107 2822 ipse
1135 2774 1250 2810 tuam
1278 2784 1366 2809 rem
1392 2769 1588 2809 discutias
1609 2770 1676 2810 vel
1694 2787 1734 2810 20

466 2881 541 2912 497.
560 2891 590 2919 4.
617 2880 843 2920 Lalaingicae
859 2883 973 2911 correxi
988 2891 994 2910 :
1018 2879 1239 2920 Calaingicae
1255 2883 1292 2911 D.

132 2981 208 3012 498.
253 2991 284 3020 9.
331 2979 554 3021 exemplum]
597 2979 792 3020 Evidently
832 2989 853 3010 a
919 2978 1192 3010 desired'relief
1218 2989 1291 3011 was
1321 2981 1357 3011 to
1388 2980 1431 3011 be
1461 2979 1611 3020 granted
1637 2982 1676 3012 to

89 3025 188 3056 draft
211 3024 249 3055 of
270 3024 334 3055 the
361 3024 552 3055 document
576 3024 624 3062 by
645 3023 767 3054 which
789 3023 852 3054 the
919 3022 1111 3062 Erasmus3
1134 3022 1177 3054 ef.
1194 3033 1226 3063 p.
1243 3033 1307 3063 292
1323 3023 1395 3054 and
1411 3023 1474 3063 Ep.
1493 3032 1568 3063 505.
1585 3034 1615 3062 4.
