<?xml version="1.0" encoding="UTF-8"?>
<!DOCTYPE html PUBLIC "-//W3C//DTD XHTML 1.0 Transitional//EN"
    "http://www.w3.org/TR/xhtml1/DTD/xhtml1-transitional.dtd">
<html xmlns="http://www.w3.org/1999/xhtml" xml:lang="en" lang="en">
 <head>
  <title>
</title>
<meta http-equiv="Content-Type" content="text/html;charset=utf-8" />
  <meta name='ocr-system' content='tesseract 3.04.00' />
  <meta name='ocr-capabilities' content='ocr_page ocr_carea ocr_par ocr_line ocrx_word'/>
</head>
<body>
  <div class='ocr_page' id='page_1' title='image "./opusepistolarumd02erasuoft/opusepistolarumd02erasuoft_0291.png"; bbox 0 0 2010 3417; ppageno 0'>
   <div class='ocr_carea' id='block_1_1' title="bbox 107 135 1210 190">
    <p class='ocr_par' dir='ltr' id='par_1_1' title="bbox 107 135 1210 190">
     <span class='ocr_line' id='line_1_1' title="bbox 107 135 1210 190; baseline 0 -14"><span class='ocrx_word' id='word_1_1' title='bbox 107 135 204 190; x_wconf 87' lang='lat'>428]</span> <span class='ocrx_word' id='word_1_2' title='bbox 594 138 665 177; x_wconf 88' lang='grc' dir='ltr'>ΤΟ</span> <span class='ocrx_word' id='word_1_3' title='bbox 700 137 852 176; x_wconf 84' lang='lat' dir='ltr'><strong>JOHN</strong></span> <span class='ocrx_word' id='word_1_4' title='bbox 891 137 1210 178; x_wconf 83' lang='lat' dir='ltr'><strong>CAESARIUS</strong></span> 
     </span>
    </p>
   </div>
   <div class='ocr_carea' id='block_1_2' title="bbox 105 246 1764 2121">
    <p class='ocr_par' dir='ltr' id='par_1_2' title="bbox 105 246 1696 364">
     <span class='ocr_line' id='line_1_2' title="bbox 105 246 1696 299; baseline -0.001 -13"><span class='ocrx_word' id='word_1_5' title='bbox 105 247 362 298; x_wconf 88' lang='lat' dir='ltr'>compendio,</span> <span class='ocrx_word' id='word_1_6' title='bbox 402 260 526 299; x_wconf 83' lang='lat' dir='ltr'>quam</span> <span class='ocrx_word' id='word_1_7' title='bbox 564 247 669 287; x_wconf 88' lang='lat' dir='ltr'>miro</span> <span class='ocrx_word' id='word_1_8' title='bbox 713 247 871 294; x_wconf 86' lang='lat' dir='ltr'>ordine,</span> <span class='ocrx_word' id='word_1_9' title='bbox 912 249 1066 297; x_wconf 87' lang='lat' dir='ltr'>quanta</span> <span class='ocrx_word' id='word_1_10' title='bbox 1102 246 1370 297; x_wconf 75' lang='lat' dir='ltr'>simplicitate</span> <span class='ocrx_word' id='word_1_11' title='bbox 1409 246 1696 296; x_wconf 80' lang='lat' dir='ltr'>grammatices</span> 
     </span>
     <span class='ocr_line' id='line_1_3' title="bbox 107 312 1584 364; baseline -0.001 -12"><span class='ocrx_word' id='word_1_12' title='bbox 107 326 317 352; x_wconf 88' lang='lat' dir='ltr'>summam</span> <span class='ocrx_word' id='word_1_13' title='bbox 336 313 576 364; x_wconf 88' lang='lat' dir='ltr'>complexus</span> <span class='ocrx_word' id='word_1_14' title='bbox 594 314 669 361; x_wconf 85' lang='lat' dir='ltr'>est,</span> <span class='ocrx_word' id='word_1_15' title='bbox 693 325 766 351; x_wconf 92' lang='lat' dir='ltr'>ceu</span> <span class='ocrx_word' id='word_1_16' title='bbox 784 312 1007 351; x_wconf 86' lang='lat' dir='ltr'>simulacro</span> <span class='ocrx_word' id='word_1_17' title='bbox 1028 313 1207 362; x_wconf 89' lang='lat' dir='ltr'>quodam</span> <span class='ocrx_word' id='word_1_18' title='bbox 1226 312 1346 350; x_wconf 90' lang='lat' dir='ltr'>nobis</span> <span class='ocrx_word' id='word_1_19' title='bbox 1364 312 1584 351; x_wconf 87' lang='lat' dir='ltr'>deliniato!</span> 
     </span>
    </p>

    <p class='ocr_par' dir='ltr' id='par_1_3' title="bbox 108 377 1763 1601">
     <span class='ocr_line' id='line_1_4' title="bbox 164 377 1694 429; baseline -0.001 -12"><span class='ocrx_word' id='word_1_20' title='bbox 164 377 249 417; x_wconf 88' lang='lat' dir='ltr'>Nos</span> <span class='ocrx_word' id='word_1_21' title='bbox 288 378 418 428; x_wconf 88' lang='lat' dir='ltr'>igitur</span> <span class='ocrx_word' id='word_1_22' title='bbox 459 392 540 429; x_wconf 88' lang='lat' dir='ltr'>quo</span> <span class='ocrx_word' id='word_1_23' title='bbox 572 377 707 428; x_wconf 85' lang='lat' dir='ltr'>magis</span> <span class='ocrx_word' id='word_1_24' title='bbox 749 377 874 417; x_wconf 86' lang='lat' dir='ltr'>etiam</span> <span class='ocrx_word' id='word_1_25' title='bbox 916 378 1175 427; x_wconf 86' lang='lat' dir='ltr'>quorundam</span> <span class='ocrx_word' id='word_1_26' title='bbox 1218 377 1331 416; x_wconf 88' lang='lat' dir='ltr'>tedio</span> <span class='ocrx_word' id='word_1_27' title='bbox 1374 377 1694 425; x_wconf 79' lang='lat' dir='ltr'>consuleremus,</span> 
     </span>
     <span class='ocr_line' id='line_1_5' title="bbox 109 442 1698 493; baseline 0.001 -12"><span class='ocrx_word' id='word_1_28' title='bbox 109 444 445 483; x_wconf 81' lang='lat' dir='ltr'>commoditatem</span> <span class='ocrx_word' id='word_1_29' title='bbox 491 444 600 483; x_wconf 85' lang='lat' dir='ltr'>hanc</span> <span class='ocrx_word' id='word_1_30' title='bbox 645 444 786 482; x_wconf 85' lang='lat' dir='ltr'>nostra</span> <span class='ocrx_word' id='word_1_31' title='bbox 830 442 1015 481; x_wconf 90' lang='lat' dir='ltr'>iuuimus</span> <span class='ocrx_word' id='word_1_32' title='bbox 1056 442 1274 492; x_wconf 87' lang='lat' dir='ltr'>industria,</span> <span class='ocrx_word' id='word_1_33' title='bbox 1320 456 1495 493; x_wconf 90' lang='lat' dir='ltr'>eumque</span> <span class='ocrx_word' id='word_1_34' title='bbox 1540 443 1698 482; x_wconf 91' lang='lat' dir='ltr'>librum</span> 
     </span>
     <span class='ocr_line' id='line_1_6' title="bbox 110 505 1759 556; baseline -0.001 -11"><span class='ocrx_word' id='word_1_35' title='bbox 110 506 308 545; x_wconf 88' lang='lat' dir='ltr'>Latinum</span> <span class='ocrx_word' id='word_1_36' title='bbox 344 507 530 554; x_wconf 81' lang='lat' dir='ltr'>fecimus,</span> <span class='ocrx_word' id='word_1_37' title='bbox 573 505 773 556; x_wconf 87' lang='lat' dir='ltr'>exemplis</span> <span class='ocrx_word' id='word_1_38' title='bbox 809 506 1012 544; x_wconf 84' lang='lat' dir='ltr'>duntaxat</span> <span class='ocrx_word' id='word_1_39' title='bbox 1048 505 1239 556; x_wconf 88' lang='lat' dir='ltr'>exceptis.</span> <span class='ocrx_word' id='word_1_40' title='bbox 1317 505 1386 544; x_wconf 88' lang='lat' dir='ltr'>Ad</span> <span class='ocrx_word' id='word_1_41' title='bbox 1423 506 1524 544; x_wconf 89' lang='lat' dir='ltr'>haec</span> <span class='ocrx_word' id='word_1_42' title='bbox 1561 506 1701 545; x_wconf 91' lang='lat' dir='ltr'>titulis</span> <span class='ocrx_word' id='word_1_43' title='bbox 1720 518 1759 540; x_wconf 88' lang='lat'>20</span> 
     </span>
     <span class='ocr_line' id='line_1_7' title="bbox 109 570 1696 620; baseline 0 -10"><span class='ocrx_word' id='word_1_44' title='bbox 109 571 386 620; x_wconf 81' lang='lat' dir='ltr'>distinximus,</span> <span class='ocrx_word' id='word_1_45' title='bbox 418 574 460 611; x_wconf 90' lang='lat' dir='ltr'>et</span> <span class='ocrx_word' id='word_1_46' title='bbox 496 570 850 611; x_wconf 86' lang='lat' dir='ltr'>annotatiunculis</span> <span class='ocrx_word' id='word_1_47' title='bbox 886 570 1039 610; x_wconf 90' lang='lat' dir='ltr'>additis</span> <span class='ocrx_word' id='word_1_48' title='bbox 1074 571 1271 610; x_wconf 90' lang='lat' dir='ltr'>nonnihil</span> <span class='ocrx_word' id='word_1_49' title='bbox 1307 570 1415 610; x_wconf 90' lang='lat' dir='ltr'>lucis</span> <span class='ocrx_word' id='word_1_50' title='bbox 1450 571 1696 620; x_wconf 84' lang='lat' dir='ltr'>addidimus,</span> 
     </span>
     <span class='ocr_line' id='line_1_8' title="bbox 110 635 1700 687; baseline 0.001 -12"><span class='ocrx_word' id='word_1_51' title='bbox 110 640 157 676; x_wconf 89' lang='lat' dir='ltr'>vt</span> <span class='ocrx_word' id='word_1_52' title='bbox 193 637 278 676; x_wconf 92' lang='lat' dir='ltr'>iam</span> <span class='ocrx_word' id='word_1_53' title='bbox 318 650 443 687; x_wconf 90' lang='lat' dir='ltr'>quam</span> <span class='ocrx_word' id='word_1_54' title='bbox 480 637 656 676; x_wconf 81' lang='lat' dir='ltr'>minimo</span> <span class='ocrx_word' id='word_1_55' title='bbox 693 635 858 686; x_wconf 88' lang='lat' dir='ltr'>negotio</span> <span class='ocrx_word' id='word_1_56' title='bbox 894 636 1050 686; x_wconf 90' lang='lat' dir='ltr'>percipi</span> <span class='ocrx_word' id='word_1_57' title='bbox 1086 636 1226 686; x_wconf 87' lang='lat' dir='ltr'>possit.</span> <span class='ocrx_word' id='word_1_58' title='bbox 1286 635 1456 675; x_wconf 87' lang='lat' dir='ltr'>Mendas</span> <span class='ocrx_word' id='word_1_59' title='bbox 1493 637 1700 676; x_wconf 88' lang='lat' dir='ltr'>confessas</span> 
     </span>
     <span class='ocr_line' id='line_1_9' title="bbox 109 702 1700 752; baseline -0.001 -11"><span class='ocrx_word' id='word_1_60' title='bbox 109 702 233 741; x_wconf 92' lang='lat' dir='ltr'>modo</span> <span class='ocrx_word' id='word_1_61' title='bbox 253 702 510 741; x_wconf 84' lang='lat' dir='ltr'>sustulimus.</span> <span class='ocrx_word' id='word_1_62' title='bbox 568 702 677 741; x_wconf 91' lang='lat' dir='ltr'>Nam</span> <span class='ocrx_word' id='word_1_63' title='bbox 702 702 811 752; x_wconf 89' lang='lat' dir='ltr'>quod</span> <span class='ocrx_word' id='word_1_64' title='bbox 830 715 852 740; x_wconf 90' lang='lat' dir='ltr'>e</span> <span class='ocrx_word' id='word_1_65' title='bbox 874 702 1127 741; x_wconf 87' lang='lat' dir='ltr'>doctissimis</span> <span class='ocrx_word' id='word_1_66' title='bbox 1146 702 1249 740; x_wconf 88' lang='lat' dir='ltr'>viris</span> <span class='ocrx_word' id='word_1_67' title='bbox 1272 702 1343 751; x_wconf 89' lang='lat' dir='ltr'>qui</span> <span class='ocrx_word' id='word_1_68' title='bbox 1369 715 1465 740; x_wconf 89' lang='lat' dir='ltr'>cum</span> <span class='ocrx_word' id='word_1_69' title='bbox 1484 702 1700 741; x_wconf 86' lang='lat' dir='ltr'>Theodoro</span> 
     </span>
     <span class='ocr_line' id='line_1_10' title="bbox 109 767 1701 819; baseline 0.001 -14"><span class='ocrx_word' id='word_1_70' title='bbox 109 767 455 806; x_wconf 88' lang='lat' dir='ltr'>consuetudinem</span> <span class='ocrx_word' id='word_1_71' title='bbox 483 769 657 819; x_wconf 89' lang='lat' dir='ltr'>egerunt</span> <span class='ocrx_word' id='word_1_72' title='bbox 685 767 835 818; x_wconf 89' lang='lat' dir='ltr'>quique</span> <span class='ocrx_word' id='word_1_73' title='bbox 864 767 961 806; x_wconf 90' lang='lat' dir='ltr'>huic</span> <span class='ocrx_word' id='word_1_74' title='bbox 986 767 1209 806; x_wconf 79' lang='lat' dir='ltr'>interfuere</span> <span class='ocrx_word' id='word_1_75' title='bbox 1233 767 1412 817; x_wconf 84' lang='lat' dir='ltr'>negotio,</span> <span class='ocrx_word' id='word_1_76' title='bbox 1432 767 1531 805; x_wconf 90' lang='lat' dir='ltr'>olim</span> <span class='ocrx_word' id='word_1_77' title='bbox 1558 767 1701 806; x_wconf 90' lang='lat' dir='ltr'>audire</span> 
     </span>
     <span class='ocr_line' id='line_1_11' title="bbox 110 832 1759 883; baseline -0.001 -13"><span class='ocrx_word' id='word_1_78' title='bbox 110 832 299 881; x_wconf 90' lang='lat' dir='ltr'>memini,</span> <span class='ocrx_word' id='word_1_79' title='bbox 336 832 379 871; x_wconf 90' lang='lat' dir='ltr'>id</span> <span class='ocrx_word' id='word_1_80' title='bbox 412 832 517 872; x_wconf 90' lang='lat' dir='ltr'>liber</span> <span class='ocrx_word' id='word_1_81' title='bbox 546 833 631 883; x_wconf 86' lang='lat' dir='ltr'>ipse</span> <span class='ocrx_word' id='word_1_82' title='bbox 659 832 797 883; x_wconf 90' lang='lat' dir='ltr'>palam</span> <span class='ocrx_word' id='word_1_83' title='bbox 829 846 926 883; x_wconf 87' lang='lat' dir='ltr'>prae</span> <span class='ocrx_word' id='word_1_84' title='bbox 956 845 999 871; x_wconf 89' lang='lat' dir='ltr'>se</span> <span class='ocrx_word' id='word_1_85' title='bbox 1030 832 1111 871; x_wconf 89' lang='lat' dir='ltr'>fert</span> <span class='ocrx_word' id='word_1_86' title='bbox 1126 847 1136 880; x_wconf 90' lang='lat'>;</span> <span class='ocrx_word' id='word_1_87' title='bbox 1176 832 1380 870; x_wconf 90' lang='lat' dir='ltr'>nimirum</span> <span class='ocrx_word' id='word_1_88' title='bbox 1407 832 1516 871; x_wconf 91' lang='lat' dir='ltr'>locos</span> <span class='ocrx_word' id='word_1_89' title='bbox 1544 833 1702 882; x_wconf 88' lang='lat' dir='ltr'>aliquot</span> <span class='ocrx_word' id='word_1_90' title='bbox 1722 845 1759 876; x_wconf 88' lang='lat'>25</span> 
     </span>
     <span class='ocr_line' id='line_1_12' title="bbox 110 896 1703 948; baseline -0.001 -13"><span class='ocrx_word' id='word_1_91' title='bbox 110 910 134 935; x_wconf 91' lang='lat' dir='ltr'>a</span> <span class='ocrx_word' id='word_1_92' title='bbox 152 897 290 936; x_wconf 89' lang='lat' dir='ltr'>sciolis</span> <span class='ocrx_word' id='word_1_93' title='bbox 309 899 350 936; x_wconf 93' lang='lat' dir='ltr'>et</span> <span class='ocrx_word' id='word_1_94' title='bbox 369 897 414 935; x_wconf 91' lang='lat' dir='ltr'>in</span> <span class='ocrx_word' id='word_1_95' title='bbox 433 897 569 937; x_wconf 92' lang='lat' dir='ltr'>alieno</span> <span class='ocrx_word' id='word_1_96' title='bbox 587 897 692 936; x_wconf 88' lang='lat' dir='ltr'>libro</span> <span class='ocrx_word' id='word_1_97' title='bbox 710 897 974 948; x_wconf 89' lang='lat' dir='ltr'>impudenter</span> <span class='ocrx_word' id='word_1_98' title='bbox 987 896 1212 947; x_wconf 86' lang='lat' dir='ltr'>ingeniosis</span> <span class='ocrx_word' id='word_1_99' title='bbox 1225 909 1439 946; x_wconf 86' lang='lat' dir='ltr'>perperam</span> <span class='ocrx_word' id='word_1_100' title='bbox 1459 897 1703 935; x_wconf 87' lang='lat' dir='ltr'>immutatos</span> 
     </span>
     <span class='ocr_line' id='line_1_13' title="bbox 108 961 1702 1014; baseline -0.001 -14"><span class='ocrx_word' id='word_1_101' title='bbox 108 975 208 1001; x_wconf 88' lang='lat' dir='ltr'>esse.</span> <span class='ocrx_word' id='word_1_102' title='bbox 270 962 388 1011; x_wconf 79' lang='lat' dir='ltr'>Quod</span> <span class='ocrx_word' id='word_1_103' title='bbox 418 976 549 1014; x_wconf 85' lang='lat' dir='ltr'>genus</span> <span class='ocrx_word' id='word_1_104' title='bbox 578 964 640 1001; x_wconf 90' lang='lat' dir='ltr'>est</span> <span class='ocrx_word' id='word_1_105' title='bbox 669 962 790 1011; x_wconf 87' lang='lat' dir='ltr'>illud,</span> <span class='ocrx_word' id='word_1_106' title='bbox 820 962 928 1013; x_wconf 91' lang='lat' dir='ltr'>quod</span> <span class='ocrx_word' id='word_1_107' title='bbox 957 962 1287 1012; x_wconf 87' lang='lat' dir='ltr'>comparatiuum</span> <span class='ocrx_word' id='word_1_108' title='bbox 1319 962 1472 1012; x_wconf 84' lang='lat' dir='ltr'>excipit</span> <span class='ocrx_word' id='word_1_109' title='bbox 1502 962 1549 1000; x_wconf 93' lang='lat' dir='ltr'>in</span> <span class='ocrx_word' id='word_1_110' title='bbox 1578 961 1702 1000; x_wconf 90' lang='lat' dir='ltr'>tertia</span> 
     </span>
     <span class='ocr_line' id='line_1_14' title="bbox 110 1027 1702 1079; baseline -0.001 -13"><span class='ocrx_word' id='word_1_111' title='bbox 110 1027 334 1066; x_wconf 90' lang='lat' dir='ltr'>nominum</span> <span class='ocrx_word' id='word_1_112' title='bbox 363 1028 658 1068; x_wconf 85' lang='lat' dir='ltr'>declinatione:</span> <span class='ocrx_word' id='word_1_113' title='bbox 692 1028 800 1078; x_wconf 91' lang='lat' dir='ltr'>quod</span> <span class='ocrx_word' id='word_1_114' title='bbox 826 1041 1018 1079; x_wconf 87' lang='lat' dir='ltr'>praesens</span> <span class='ocrx_word' id='word_1_115' title='bbox 1046 1029 1087 1066; x_wconf 92' lang='lat' dir='ltr'>et</span> <span class='ocrx_word' id='word_1_116' title='bbox 1114 1027 1387 1077; x_wconf 87' lang='lat' dir='ltr'>praeteritum</span> <span class='ocrx_word' id='word_1_117' title='bbox 1412 1027 1702 1077; x_wconf 88' lang='lat' dir='ltr'>imperfectum</span> 
     </span>
     <span class='ocr_line' id='line_1_15' title="bbox 109 1092 1703 1144; baseline 0 -13"><span class='ocrx_word' id='word_1_118' title='bbox 109 1094 226 1132; x_wconf 87' lang='lat' dir='ltr'>tanto</span> <span class='ocrx_word' id='word_1_119' title='bbox 251 1093 475 1133; x_wconf 86' lang='lat' dir='ltr'>verborum</span> <span class='ocrx_word' id='word_1_120' title='bbox 500 1092 716 1144; x_wconf 87' lang='lat' dir='ltr'>dispendio</span> <span class='ocrx_word' id='word_1_121' title='bbox 741 1106 814 1143; x_wconf 93' lang='lat' dir='ltr'>per</span> <span class='ocrx_word' id='word_1_122' title='bbox 836 1093 982 1132; x_wconf 92' lang='lat' dir='ltr'>modos</span> <span class='ocrx_word' id='word_1_123' title='bbox 1006 1093 1142 1131; x_wconf 86' lang='lat' dir='ltr'>omnis</span> <span class='ocrx_word' id='word_1_124' title='bbox 1164 1092 1326 1142; x_wconf 87' lang='lat' dir='ltr'>repetit,</span> <span class='ocrx_word' id='word_1_125' title='bbox 1349 1106 1446 1131; x_wconf 89' lang='lat' dir='ltr'>cum</span> <span class='ocrx_word' id='word_1_126' title='bbox 1468 1093 1514 1131; x_wconf 93' lang='lat' dir='ltr'>in</span> <span class='ocrx_word' id='word_1_127' title='bbox 1539 1093 1606 1132; x_wconf 93' lang='lat' dir='ltr'>his</span> <span class='ocrx_word' id='word_1_128' title='bbox 1631 1105 1703 1142; x_wconf 91' lang='lat' dir='ltr'>per</span> 
     </span>
     <span class='ocr_line' id='line_1_16' title="bbox 110 1157 1763 1209; baseline -0.002 -13"><span class='ocrx_word' id='word_1_129' title='bbox 110 1158 250 1197; x_wconf 91' lang='lat' dir='ltr'>omnia</span> <span class='ocrx_word' id='word_1_130' title='bbox 288 1160 552 1198; x_wconf 88' lang='lat' dir='ltr'>consentiant</span> <span class='ocrx_word' id='word_1_131' title='bbox 594 1158 762 1209; x_wconf 90' lang='lat' dir='ltr'>passiua</span> <span class='ocrx_word' id='word_1_132' title='bbox 807 1172 902 1198; x_wconf 91' lang='lat' dir='ltr'>cum</span> <span class='ocrx_word' id='word_1_133' title='bbox 943 1158 1119 1197; x_wconf 90' lang='lat' dir='ltr'>mediis:</span> <span class='ocrx_word' id='word_1_134' title='bbox 1167 1157 1276 1207; x_wconf 87' lang='lat' dir='ltr'>quod</span> <span class='ocrx_word' id='word_1_135' title='bbox 1313 1157 1537 1196; x_wconf 87' lang='lat' dir='ltr'>verborum</span> <span class='ocrx_word' id='word_1_136' title='bbox 1578 1157 1623 1195; x_wconf 89' lang='lat' dir='ltr'>in</span> <span class='ocrx_word' id='word_1_137' title='bbox 1660 1175 1703 1206; x_wconf 84' lang='grc' dir='ltr'>μι</span> <span class='ocrx_word' id='word_1_138' title='bbox 1722 1171 1763 1202; x_wconf 81' lang='lat'>30</span> 
     </span>
     <span class='ocr_line' id='line_1_17' title="bbox 111 1223 1701 1275; baseline -0.001 -14"><span class='ocrx_word' id='word_1_139' title='bbox 111 1224 395 1263; x_wconf 89' lang='lat' dir='ltr'>desinentium</span> <span class='ocrx_word' id='word_1_140' title='bbox 429 1224 605 1275; x_wconf 86' lang='lat' dir='ltr'>passiuis</span> <span class='ocrx_word' id='word_1_141' title='bbox 642 1224 810 1263; x_wconf 88' lang='lat' dir='ltr'>additur</span> <span class='ocrx_word' id='word_1_142' title='bbox 846 1224 1035 1262; x_wconf 83' lang='lat' dir='ltr'>futurum</span> <span class='ocrx_word' id='word_1_143' title='bbox 1073 1236 1120 1262; x_wconf 86' lang='lat' dir='ltr'>ac</span> <span class='ocrx_word' id='word_1_144' title='bbox 1156 1223 1426 1272; x_wconf 88' lang='lat' dir='ltr'>praeteritum</span> <span class='ocrx_word' id='word_1_145' title='bbox 1463 1223 1701 1272; x_wconf 84' lang='lat' dir='ltr'>perfectum,</span> 
     </span>
     <span class='ocr_line' id='line_1_18' title="bbox 113 1286 1703 1340; baseline -0.001 -14"><span class='ocrx_word' id='word_1_146' title='bbox 113 1301 208 1327; x_wconf 89' lang='lat' dir='ltr'>cum</span> <span class='ocrx_word' id='word_1_147' title='bbox 228 1290 368 1340; x_wconf 85' lang='lat' dir='ltr'>regula</span> <span class='ocrx_word' id='word_1_148' title='bbox 386 1290 608 1339; x_wconf 88' lang='lat' dir='ltr'>precedens</span> <span class='ocrx_word' id='word_1_149' title='bbox 630 1290 792 1340; x_wconf 83' lang='lat' dir='ltr'>negarit</span> <span class='ocrx_word' id='word_1_150' title='bbox 817 1289 917 1328; x_wconf 91' lang='lat' dir='ltr'>haec</span> <span class='ocrx_word' id='word_1_151' title='bbox 943 1290 1131 1338; x_wconf 87' lang='lat' dir='ltr'>tempora</span> <span class='ocrx_word' id='word_1_152' title='bbox 1152 1287 1237 1326; x_wconf 89' lang='lat' dir='ltr'>illis</span> <span class='ocrx_word' id='word_1_153' title='bbox 1264 1301 1350 1326; x_wconf 90' lang='lat' dir='ltr'>esse</span> <span class='ocrx_word' id='word_1_154' title='bbox 1378 1288 1564 1338; x_wconf 85' lang='lat' dir='ltr'>propria:</span> <span class='ocrx_word' id='word_1_155' title='bbox 1595 1286 1703 1337; x_wconf 89' lang='lat' dir='ltr'>quod</span> 
     </span>
     <span class='ocr_line' id='line_1_19' title="bbox 110 1353 1703 1403; baseline -0.001 -11"><span class='ocrx_word' id='word_1_156' title='bbox 110 1356 152 1392; x_wconf 90' lang='lat' dir='ltr'>et</span> <span class='ocrx_word' id='word_1_157' title='bbox 171 1354 271 1394; x_wconf 84' lang='lat' dir='ltr'>alias</span> <span class='ocrx_word' id='word_1_158' title='bbox 289 1355 336 1393; x_wconf 88' lang='lat' dir='ltr'>in</span> <span class='ocrx_word' id='word_1_159' title='bbox 354 1356 506 1394; x_wconf 88' lang='lat' dir='ltr'>horum</span> <span class='ocrx_word' id='word_1_160' title='bbox 531 1355 807 1394; x_wconf 87' lang='lat' dir='ltr'>declinatione</span> <span class='ocrx_word' id='word_1_161' title='bbox 834 1354 979 1393; x_wconf 80' lang='lat' dir='ltr'>miscet</span> <span class='ocrx_word' id='word_1_162' title='bbox 1004 1353 1230 1392; x_wconf 86' lang='lat' dir='ltr'>nonnullas</span> <span class='ocrx_word' id='word_1_163' title='bbox 1247 1366 1369 1392; x_wconf 86' lang='lat' dir='ltr'>voces</span> <span class='ocrx_word' id='word_1_164' title='bbox 1392 1353 1703 1403; x_wconf 80' lang='lat' dir='ltr'>primitiuorum</span> 
     </span>
     <span class='ocr_line' id='line_1_20' title="bbox 109 1417 1702 1471; baseline -0.001 -13"><span class='ocrx_word' id='word_1_165' title='bbox 109 1432 158 1458; x_wconf 86' lang='lat' dir='ltr'>ac</span> <span class='ocrx_word' id='word_1_166' title='bbox 171 1419 507 1459; x_wconf 88' lang='lat' dir='ltr'>deriuatiuorum.</span> <span class='ocrx_word' id='word_1_167' title='bbox 543 1421 684 1471; x_wconf 87' lang='lat' dir='ltr'>Atque</span> <span class='ocrx_word' id='word_1_168' title='bbox 698 1421 776 1459; x_wconf 91' lang='lat' dir='ltr'>hoc</span> <span class='ocrx_word' id='word_1_169' title='bbox 788 1419 935 1459; x_wconf 87' lang='lat' dir='ltr'>erroris</span> <span class='ocrx_word' id='word_1_170' title='bbox 951 1419 1164 1458; x_wconf 90' lang='lat' dir='ltr'>Demetrio</span> <span class='ocrx_word' id='word_1_171' title='bbox 1179 1418 1391 1468; x_wconf 85' lang='lat' dir='ltr'>imputant</span> <span class='ocrx_word' id='word_1_172' title='bbox 1407 1417 1702 1467; x_wconf 81' lang='lat' dir='ltr'>Ghalcondylo,</span> 
     </span>
     <span class='ocr_line' id='line_1_21' title="bbox 113 1483 1762 1535; baseline -0.001 -12"><span class='ocrx_word' id='word_1_173' title='bbox 113 1484 204 1523; x_wconf 90' lang='lat' dir='ltr'>viro</span> <span class='ocrx_word' id='word_1_174' title='bbox 222 1486 316 1524; x_wconf 91' lang='lat' dir='ltr'>tum</span> <span class='ocrx_word' id='word_1_175' title='bbox 335 1485 463 1535; x_wconf 91' lang='lat' dir='ltr'>probo</span> <span class='ocrx_word' id='word_1_176' title='bbox 482 1487 576 1524; x_wconf 92' lang='lat' dir='ltr'>tum</span> <span class='ocrx_word' id='word_1_177' title='bbox 595 1485 773 1534; x_wconf 79' lang='lat' dir='ltr'>erudito,</span> <span class='ocrx_word' id='word_1_178' title='bbox 791 1485 861 1524; x_wconf 89' lang='lat' dir='ltr'>sed</span> <span class='ocrx_word' id='word_1_179' title='bbox 888 1485 1004 1523; x_wconf 91' lang='lat' dir='ltr'>cuius</span> <span class='ocrx_word' id='word_1_180' title='bbox 1030 1484 1293 1523; x_wconf 89' lang='lat' dir='ltr'>mediocritas</span> <span class='ocrx_word' id='word_1_181' title='bbox 1320 1485 1510 1522; x_wconf 87' lang='lat' dir='ltr'>exactum</span> <span class='ocrx_word' id='word_1_182' title='bbox 1529 1483 1635 1521; x_wconf 91' lang='lat' dir='ltr'>illud</span> <span class='ocrx_word' id='word_1_183' title='bbox 1659 1495 1704 1521; x_wconf 90' lang='lat' dir='ltr'>ac</span> <span class='ocrx_word' id='word_1_184' title='bbox 1724 1496 1762 1526; x_wconf 80' lang='lat'>35</span> 
     </span>
     <span class='ocr_line' id='line_1_22' title="bbox 112 1549 1485 1601; baseline -0.001 -13"><span class='ocrx_word' id='word_1_185' title='bbox 112 1549 290 1588; x_wconf 89' lang='lat' dir='ltr'>sublime</span> <span class='ocrx_word' id='word_1_186' title='bbox 309 1550 516 1589; x_wconf 84' lang='lat' dir='ltr'>Theodori</span> <span class='ocrx_word' id='word_1_187' title='bbox 534 1550 735 1590; x_wconf 88' lang='lat' dir='ltr'>iudicium</span> <span class='ocrx_word' id='word_1_188' title='bbox 754 1551 865 1590; x_wconf 90' lang='lat' dir='ltr'>haud</span> <span class='ocrx_word' id='word_1_189' title='bbox 887 1563 1094 1601; x_wconf 92' lang='lat' dir='ltr'>quaquam</span> <span class='ocrx_word' id='word_1_190' title='bbox 1112 1549 1276 1599; x_wconf 87' lang='lat' dir='ltr'>assequi</span> <span class='ocrx_word' id='word_1_191' title='bbox 1294 1549 1485 1599; x_wconf 90' lang='lat' dir='ltr'>potuerit.</span> 
     </span>
    </p>

    <p class='ocr_par' dir='ltr' id='par_1_4' title="bbox 114 1613 1764 2121">
     <span class='ocr_line' id='line_1_23' title="bbox 168 1613 1703 1666; baseline -0.001 -13"><span class='ocrx_word' id='word_1_192' title='bbox 168 1614 376 1665; x_wconf 82' lang='lat' dir='ltr'>Gratulor,</span> <span class='ocrx_word' id='word_1_193' title='bbox 397 1615 458 1654; x_wconf 89' lang='lat' dir='ltr'>mi</span> <span class='ocrx_word' id='word_1_194' title='bbox 482 1616 654 1664; x_wconf 86' lang='lat' dir='ltr'>Caesari,</span> <span class='ocrx_word' id='word_1_195' title='bbox 676 1617 818 1655; x_wconf 90' lang='lat' dir='ltr'>nostro</span> <span class='ocrx_word' id='word_1_196' title='bbox 842 1616 1003 1655; x_wconf 88' lang='lat' dir='ltr'>saeculo</span> <span class='ocrx_word' id='word_1_197' title='bbox 1030 1628 1111 1666; x_wconf 93' lang='lat' dir='ltr'>quo</span> <span class='ocrx_word' id='word_1_198' title='bbox 1130 1615 1321 1653; x_wconf 89' lang='lat' dir='ltr'>videmus</span> <span class='ocrx_word' id='word_1_199' title='bbox 1345 1614 1500 1664; x_wconf 88' lang='lat' dir='ltr'>passim</span> <span class='ocrx_word' id='word_1_200' title='bbox 1524 1613 1703 1664; x_wconf 88' lang='lat' dir='ltr'>repullu-</span> 
     </span>
     <span class='ocr_line' id='line_1_24' title="bbox 115 1678 1703 1729; baseline 0 -13"><span class='ocrx_word' id='word_1_201' title='bbox 115 1679 266 1718; x_wconf 89' lang='lat' dir='ltr'>lascere</span> <span class='ocrx_word' id='word_1_202' title='bbox 286 1680 460 1720; x_wconf 86' lang='lat' dir='ltr'>Graecas</span> <span class='ocrx_word' id='word_1_203' title='bbox 479 1681 633 1721; x_wconf 82' lang='lat' dir='ltr'>literas.</span> <span class='ocrx_word' id='word_1_204' title='bbox 693 1681 802 1719; x_wconf 90' lang='lat' dir='ltr'>Nam</span> <span class='ocrx_word' id='word_1_205' title='bbox 821 1682 868 1719; x_wconf 87' lang='lat' dir='ltr'>vt</span> <span class='ocrx_word' id='word_1_206' title='bbox 887 1681 1039 1719; x_wconf 90' lang='lat' dir='ltr'>harum</span> <span class='ocrx_word' id='word_1_207' title='bbox 1058 1679 1272 1729; x_wconf 84' lang='lat' dir='ltr'>neglectus</span> <span class='ocrx_word' id='word_1_208' title='bbox 1292 1680 1481 1717; x_wconf 90' lang='lat' dir='ltr'>omnium</span> <span class='ocrx_word' id='word_1_209' title='bbox 1501 1678 1703 1717; x_wconf 88' lang='lat' dir='ltr'>bonarum</span> 
     </span>
     <span class='ocr_line' id='line_1_25' title="bbox 114 1743 1702 1796; baseline 0 -15"><span class='ocrx_word' id='word_1_210' title='bbox 114 1743 438 1795; x_wconf 88' lang='lat' dir='ltr'>disciplinarum,</span> <span class='ocrx_word' id='word_1_211' title='bbox 475 1746 664 1785; x_wconf 90' lang='lat' dir='ltr'>omnium</span> <span class='ocrx_word' id='word_1_212' title='bbox 696 1746 996 1796; x_wconf 87' lang='lat' dir='ltr'>elegantiorum</span> <span class='ocrx_word' id='word_1_213' title='bbox 1028 1746 1224 1784; x_wconf 89' lang='lat' dir='ltr'>autorum</span> <span class='ocrx_word' id='word_1_214' title='bbox 1255 1745 1503 1793; x_wconf 82' lang='grc' dir='ltr'>πανολεθρίαν</span> <span class='ocrx_word' id='word_1_215' title='bbox 1534 1743 1702 1790; x_wconf 86' lang='lat' dir='ltr'>inuexit,</span> 
     </span>
     <span class='ocr_line' id='line_1_26' title="bbox 114 1809 1764 1859; baseline -0.002 -13"><span class='ocrx_word' id='word_1_216' title='bbox 114 1809 172 1847; x_wconf 90' lang='lat' dir='ltr'>ita</span> <span class='ocrx_word' id='word_1_217' title='bbox 191 1822 285 1858; x_wconf 88' lang='lat' dir='ltr'>spes</span> <span class='ocrx_word' id='word_1_218' title='bbox 300 1811 362 1849; x_wconf 88' lang='lat' dir='ltr'>est</span> <span class='ocrx_word' id='word_1_219' title='bbox 376 1810 568 1850; x_wconf 90' lang='lat' dir='ltr'>futurum</span> <span class='ocrx_word' id='word_1_220' title='bbox 582 1812 629 1850; x_wconf 83' lang='lat' dir='ltr'>vt</span> <span class='ocrx_word' id='word_1_221' title='bbox 642 1810 709 1849; x_wconf 90' lang='lat' dir='ltr'>his</span> <span class='ocrx_word' id='word_1_222' title='bbox 725 1811 879 1849; x_wconf 89' lang='lat' dir='ltr'>renatis</span> <span class='ocrx_word' id='word_1_223' title='bbox 893 1812 935 1849; x_wconf 90' lang='lat' dir='ltr'>et</span> <span class='ocrx_word' id='word_1_224' title='bbox 954 1809 1026 1848; x_wconf 87' lang='lat' dir='ltr'>illa</span> <span class='ocrx_word' id='word_1_225' title='bbox 1041 1809 1312 1848; x_wconf 87' lang='lat' dir='ltr'>reflorescant.</span> <span class='ocrx_word' id='word_1_226' title='bbox 1361 1809 1472 1847; x_wconf 91' lang='lat' dir='ltr'>Illud</span> <span class='ocrx_word' id='word_1_227' title='bbox 1487 1809 1706 1859; x_wconf 89' lang='lat' dir='ltr'>aliquoties</span> <span class='ocrx_word' id='word_1_228' title='bbox 1722 1823 1764 1853; x_wconf 90' lang='lat'>40</span> 
     </span>
     <span class='ocr_line' id='line_1_27' title="bbox 115 1874 1705 1924; baseline 0 -12"><span class='ocrx_word' id='word_1_229' title='bbox 115 1887 281 1913; x_wconf 91' lang='lat' dir='ltr'>mecum</span> <span class='ocrx_word' id='word_1_230' title='bbox 296 1875 407 1914; x_wconf 92' lang='lat' dir='ltr'>soleo</span> <span class='ocrx_word' id='word_1_231' title='bbox 421 1876 627 1924; x_wconf 86' lang='lat' dir='ltr'>demirari,</span> <span class='ocrx_word' id='word_1_232' title='bbox 643 1888 738 1914; x_wconf 91' lang='lat' dir='ltr'>cum</span> <span class='ocrx_word' id='word_1_233' title='bbox 753 1875 976 1923; x_wconf 84' lang='lat' dir='ltr'>Sarmatae,</span> <span class='ocrx_word' id='word_1_234' title='bbox 996 1888 1092 1914; x_wconf 91' lang='lat' dir='ltr'>cum</span> <span class='ocrx_word' id='word_1_235' title='bbox 1107 1874 1241 1913; x_wconf 84' lang='lat' dir='ltr'>Scotti</span> <span class='ocrx_word' id='word_1_236' title='bbox 1259 1876 1300 1913; x_wconf 89' lang='lat' dir='ltr'>et</span> <span class='ocrx_word' id='word_1_237' title='bbox 1315 1874 1509 1924; x_wconf 88' lang='lat' dir='ltr'>Hyberni</span> <span class='ocrx_word' id='word_1_238' title='bbox 1529 1874 1705 1913; x_wconf 79' lang='lat' dir='ltr'>Graecas</span> 
     </span>
     <span class='ocr_line' id='line_1_28' title="bbox 117 1939 1705 1991; baseline -0.001 -13"><span class='ocrx_word' id='word_1_239' title='bbox 117 1939 259 1979; x_wconf 87' lang='lat' dir='ltr'>literas</span> <span class='ocrx_word' id='word_1_240' title='bbox 289 1940 537 1991; x_wconf 84' lang='lat' dir='ltr'>iampridem</span> <span class='ocrx_word' id='word_1_241' title='bbox 566 1954 641 1979; x_wconf 91' lang='lat' dir='ltr'>nec</span> <span class='ocrx_word' id='word_1_242' title='bbox 669 1940 875 1979; x_wconf 88' lang='lat' dir='ltr'>illibenter</span> <span class='ocrx_word' id='word_1_243' title='bbox 901 1953 977 1979; x_wconf 92' lang='lat' dir='ltr'>nec</span> <span class='ocrx_word' id='word_1_244' title='bbox 1004 1939 1251 1978; x_wconf 86' lang='lat' dir='ltr'>infoeliciter</span> <span class='ocrx_word' id='word_1_245' title='bbox 1277 1939 1592 1990; x_wconf 86' lang='lat' dir='ltr'>amplectantur,</span> <span class='ocrx_word' id='word_1_246' title='bbox 1623 1951 1705 1989; x_wconf 91' lang='lat' dir='ltr'>quo</span> 
     </span>
     <span class='ocr_line' id='line_1_29' title="bbox 116 2003 1703 2057; baseline -0.001 -14"><span class='ocrx_word' id='word_1_247' title='bbox 116 2005 200 2044; x_wconf 89' lang='lat' dir='ltr'>fato</span> <span class='ocrx_word' id='word_1_248' title='bbox 233 2005 306 2045; x_wconf 90' lang='lat' dir='ltr'>fiat</span> <span class='ocrx_word' id='word_1_249' title='bbox 338 2008 385 2045; x_wconf 83' lang='lat' dir='ltr'>vt</span> <span class='ocrx_word' id='word_1_250' title='bbox 417 2019 498 2045; x_wconf 87' lang='lat' dir='ltr'>vna</span> <span class='ocrx_word' id='word_1_251' title='bbox 530 2006 772 2057; x_wconf 85' lang='lat' dir='ltr'>Agrippina,</span> <span class='ocrx_word' id='word_1_252' title='bbox 807 2005 904 2044; x_wconf 87' lang='lat' dir='ltr'>vrbs</span> <span class='ocrx_word' id='word_1_253' title='bbox 937 2008 983 2044; x_wconf 86' lang='lat' dir='ltr'>vt</span> <span class='ocrx_word' id='word_1_254' title='bbox 1016 2004 1300 2044; x_wconf 90' lang='lat' dir='ltr'>vetustissima</span> <span class='ocrx_word' id='word_1_255' title='bbox 1336 2004 1396 2043; x_wconf 87' lang='lat' dir='ltr'>ita</span> <span class='ocrx_word' id='word_1_256' title='bbox 1428 2003 1703 2051; x_wconf 86' lang='lat' dir='ltr'>celeberrima,</span> 
     </span>
     <span class='ocr_line' id='line_1_30' title="bbox 116 2069 1706 2121; baseline 0 -13"><span class='ocrx_word' id='word_1_257' title='bbox 116 2083 244 2120; x_wconf 88' lang='lat' dir='ltr'>quam</span> <span class='ocrx_word' id='word_1_258' title='bbox 264 2071 536 2110; x_wconf 89' lang='lat' dir='ltr'>conueniebat</span> <span class='ocrx_word' id='word_1_259' title='bbox 562 2072 608 2110; x_wconf 87' lang='lat' dir='ltr'>in</span> <span class='ocrx_word' id='word_1_260' title='bbox 631 2071 709 2110; x_wconf 91' lang='lat' dir='ltr'>hoc</span> <span class='ocrx_word' id='word_1_261' title='bbox 734 2070 1013 2121; x_wconf 86' lang='lat' dir='ltr'>pulcherrimo</span> <span class='ocrx_word' id='word_1_262' title='bbox 1040 2070 1208 2120; x_wconf 89' lang='lat' dir='ltr'>negocio</span> <span class='ocrx_word' id='word_1_263' title='bbox 1226 2070 1294 2108; x_wconf 84' lang='lat' dir='ltr'>vel</span> <span class='ocrx_word' id='word_1_264' title='bbox 1312 2069 1493 2120; x_wconf 88' lang='lat' dir='ltr'>primam</span> <span class='ocrx_word' id='word_1_265' title='bbox 1512 2082 1706 2120; x_wconf 90' lang='lat' dir='ltr'>occupare</span> 
     </span>
    </p>
   </div>
   <div class='ocr_carea' id='block_1_3' title="bbox 1618 137 1696 176">
    <p class='ocr_par' dir='ltr' id='par_1_5' title="bbox 1618 137 1696 176">
     <span class='ocr_line' id='line_1_31' title="bbox 1618 137 1696 176; baseline 0 -1"><span class='ocrx_word' id='word_1_266' title='bbox 1618 137 1696 176; x_wconf 80' lang='lat'>265</span> 
     </span>
    </p>
   </div>
   <div class='ocr_carea' id='block_1_4' title="bbox 205 2156 1618 2195">
    <p class='ocr_par' dir='ltr' id='par_1_6' title="bbox 205 2156 1618 2195">
     <span class='ocr_line' id='line_1_32' title="bbox 205 2156 1618 2195; baseline -0.002 -7"><span class='ocrx_word' id='word_1_267' title='bbox 205 2167 256 2188; x_wconf 87' lang='lat'>20.</span> <span class='ocrx_word' id='word_1_268' title='bbox 281 2157 457 2189; x_wconf 85' lang='lat' dir='ltr'>duntaxat</span> <span class='ocrx_word' id='word_1_269' title='bbox 473 2160 546 2189; x_wconf 66' lang='lat' dir='ltr'>adel.</span> <span class='ocrx_word' id='word_1_270' title='bbox 565 2160 600 2193; x_wconf 87' lang='grc' dir='ltr'>β.</span> <span class='ocrx_word' id='word_1_271' title='bbox 732 2167 784 2189; x_wconf 85' lang='lat'>21.</span> <span class='ocrx_word' id='word_1_272' title='bbox 810 2159 847 2188; x_wconf 90' lang='lat' dir='ltr'>et</span> <span class='ocrx_word' id='word_1_273' title='bbox 862 2159 933 2188; x_wconf 76' lang='lat' dir='ltr'>add.</span> <span class='ocrx_word' id='word_1_274' title='bbox 950 2158 988 2192; x_wconf 86' lang='grc' dir='ltr'>β.</span> <span class='ocrx_word' id='word_1_275' title='bbox 1121 2166 1172 2195; x_wconf 83' lang='lat'>23.</span> <span class='ocrx_word' id='word_1_276' title='bbox 1199 2157 1303 2188; x_wconf 88' lang='lat' dir='ltr'>modo</span> <span class='ocrx_word' id='word_1_277' title='bbox 1318 2158 1361 2191; x_wconf 75' lang='lat' dir='ltr'>B:</span> <span class='ocrx_word' id='word_1_278' title='bbox 1387 2156 1572 2187; x_wconf 83' lang='lat' dir='ltr'>dumtaxat</span> <span class='ocrx_word' id='word_1_279' title='bbox 1587 2167 1618 2186; x_wconf 89' lang='grc' dir='ltr'>α.</span> 
     </span>
    </p>
   </div>
   <div class='ocr_carea' id='block_1_5' title="bbox 116 2256 883 2600">
    <p class='ocr_par' dir='ltr' id='par_1_7' title="bbox 116 2256 883 2600">
     <span class='ocr_line' id='line_1_33' title="bbox 162 2256 878 2297; baseline 0 -11"><span class='ocrx_word' id='word_1_280' title='bbox 162 2266 213 2296; x_wconf 86' lang='lat'>23.</span> <span class='ocrx_word' id='word_1_281' title='bbox 245 2266 326 2287; x_wconf 87' lang='lat' dir='ltr'>cum</span> <span class='ocrx_word' id='word_1_282' title='bbox 349 2256 547 2297; x_wconf 85' lang='lat' dir='ltr'>Theodoro]</span> <span class='ocrx_word' id='word_1_283' title='bbox 576 2256 623 2287; x_wconf 88' lang='lat' dir='ltr'>In</span> <span class='ocrx_word' id='word_1_284' title='bbox 646 2256 757 2287; x_wconf 90' lang='lat' dir='ltr'>Lond.</span> <span class='ocrx_word' id='word_1_285' title='bbox 782 2256 878 2287; x_wconf 87' lang='lat' dir='ltr'>xxvi.</span> 
     </span>
     <span class='ocr_line' id='line_1_34' title="bbox 116 2299 883 2340; baseline -0.001 -9"><span class='ocrx_word' id='word_1_286' title='bbox 116 2302 173 2340; x_wconf 89' lang='lat'>60,</span> <span class='ocrx_word' id='word_1_287' title='bbox 217 2299 286 2331; x_wconf 88' lang='lat' dir='ltr'>LB.</span> <span class='ocrx_word' id='word_1_288' title='bbox 332 2309 426 2334; x_wconf 82' lang='lat'>1100.</span> <span class='ocrx_word' id='word_1_289' title='bbox 471 2301 639 2331; x_wconf 86' lang='lat' dir='ltr'>Erasmus</span> <span class='ocrx_word' id='word_1_290' title='bbox 679 2300 806 2340; x_wconf 84' lang='lat' dir='ltr'>speaks</span> <span class='ocrx_word' id='word_1_291' title='bbox 845 2299 883 2331; x_wconf 86' lang='lat' dir='ltr'>of</span> 
     </span>
     <span class='ocr_line' id='line_1_35' title="bbox 121 2344 881 2383; baseline -0.001 -8"><span class='ocrx_word' id='word_1_292' title='bbox 121 2344 257 2382; x_wconf 86' lang='lat' dir='ltr'>having</span> <span class='ocrx_word' id='word_1_293' title='bbox 268 2344 343 2374; x_wconf 87' lang='lat' dir='ltr'>met</span> <span class='ocrx_word' id='word_1_294' title='bbox 356 2344 395 2374; x_wconf 90' lang='lat' dir='ltr'>in</span> <span class='ocrx_word' id='word_1_295' title='bbox 405 2344 514 2375; x_wconf 86' lang='lat' dir='ltr'>Rome</span> <span class='ocrx_word' id='word_1_296' title='bbox 527 2353 547 2374; x_wconf 92' lang='lat' dir='ltr'>a</span> <span class='ocrx_word' id='word_1_297' title='bbox 559 2344 692 2374; x_wconf 84' lang='lat' dir='ltr'>former</span> <span class='ocrx_word' id='word_1_298' title='bbox 702 2344 881 2383; x_wconf 82' lang='lat' dir='ltr'>secretary</span> 
     </span>
     <span class='ocr_line' id='line_1_36' title="bbox 120 2386 881 2419; baseline -0.001 -1"><span class='ocrx_word' id='word_1_299' title='bbox 120 2386 160 2418; x_wconf 94' lang='lat' dir='ltr'>of</span> <span class='ocrx_word' id='word_1_300' title='bbox 169 2387 272 2418; x_wconf 84' lang='lat' dir='ltr'>Gaza.</span> <span class='ocrx_word' id='word_1_301' title='bbox 313 2386 359 2418; x_wconf 94' lang='lat' dir='ltr'>Of</span> <span class='ocrx_word' id='word_1_302' title='bbox 365 2387 424 2418; x_wconf 89' lang='lat' dir='ltr'>his</span> <span class='ocrx_word' id='word_1_303' title='bbox 436 2387 582 2419; x_wconf 85' lang='lat' dir='ltr'>learned</span> <span class='ocrx_word' id='word_1_304' title='bbox 595 2387 731 2418; x_wconf 89' lang='lat' dir='ltr'>Italian</span> <span class='ocrx_word' id='word_1_305' title='bbox 744 2386 881 2418; x_wconf 84' lang='lat' dir='ltr'>friends</span> 
     </span>
     <span class='ocr_line' id='line_1_37' title="bbox 124 2430 880 2471; baseline -0.001 -10"><span class='ocrx_word' id='word_1_306' title='bbox 124 2430 211 2469; x_wconf 84' lang='lat' dir='ltr'>only</span> <span class='ocrx_word' id='word_1_307' title='bbox 224 2439 309 2460; x_wconf 88' lang='lat' dir='ltr'>men</span> <span class='ocrx_word' id='word_1_308' title='bbox 320 2430 358 2460; x_wconf 88' lang='lat' dir='ltr'>of</span> <span class='ocrx_word' id='word_1_309' title='bbox 371 2431 435 2461; x_wconf 90' lang='lat' dir='ltr'>the</span> <span class='ocrx_word' id='word_1_310' title='bbox 448 2430 548 2462; x_wconf 91' lang='lat' dir='ltr'>older</span> <span class='ocrx_word' id='word_1_311' title='bbox 556 2431 776 2471; x_wconf 87' lang='lat' dir='ltr'>generation,</span> <span class='ocrx_word' id='word_1_312' title='bbox 792 2430 880 2461; x_wconf 88' lang='lat' dir='ltr'>such</span> 
     </span>
     <span class='ocr_line' id='line_1_38' title="bbox 123 2473 881 2515; baseline 0 -11"><span class='ocrx_word' id='word_1_313' title='bbox 123 2484 162 2504; x_wconf 85' lang='lat' dir='ltr'>as</span> <span class='ocrx_word' id='word_1_314' title='bbox 176 2473 282 2504; x_wconf 82' lang='lat' dir='ltr'>Peter</span> <span class='ocrx_word' id='word_1_315' title='bbox 297 2473 435 2504; x_wconf 79' lang='lat' dir='ltr'>Marsus</span> <span class='ocrx_word' id='word_1_316' title='bbox 451 2474 531 2515; x_wconf 88' lang='lat' dir='ltr'>(Ep.</span> <span class='ocrx_word' id='word_1_317' title='bbox 550 2484 622 2513; x_wconf 87' lang='lat'>152.</span> <span class='ocrx_word' id='word_1_318' title='bbox 640 2484 679 2514; x_wconf 91' lang='lat'>19</span> <span class='ocrx_word' id='word_1_319' title='bbox 690 2474 746 2515; x_wconf 88' lang='lat' dir='ltr'>n.)</span> <span class='ocrx_word' id='word_1_320' title='bbox 762 2483 801 2505; x_wconf 91' lang='lat' dir='ltr'>or</span> <span class='ocrx_word' id='word_1_321' title='bbox 816 2474 881 2504; x_wconf 90' lang='lat' dir='ltr'>Ra-</span> 
     </span>
     <span class='ocr_line' id='line_1_39' title="bbox 123 2516 882 2558; baseline 0.001 -12"><span class='ocrx_word' id='word_1_322' title='bbox 123 2516 231 2556; x_wconf 89' lang='lat' dir='ltr'>phael</span> <span class='ocrx_word' id='word_1_323' title='bbox 238 2516 368 2555; x_wconf 81' lang='lat' dir='ltr'>Regius</span> <span class='ocrx_word' id='word_1_324' title='bbox 377 2517 454 2557; x_wconf 86' lang='lat' dir='ltr'>(Ep.</span> <span class='ocrx_word' id='word_1_325' title='bbox 466 2527 538 2556; x_wconf 83' lang='lat'>450.</span> <span class='ocrx_word' id='word_1_326' title='bbox 548 2527 590 2548; x_wconf 86' lang='lat'>22</span> <span class='ocrx_word' id='word_1_327' title='bbox 600 2519 663 2558; x_wconf 79' lang='lat' dir='ltr'>n.),</span> <span class='ocrx_word' id='word_1_328' title='bbox 675 2517 779 2548; x_wconf 86' lang='lat' dir='ltr'>could</span> <span class='ocrx_word' id='word_1_329' title='bbox 790 2517 882 2547; x_wconf 87' lang='lat' dir='ltr'>have</span> 
     </span>
     <span class='ocr_line' id='line_1_40' title="bbox 122 2560 881 2600; baseline -0.003 -8"><span class='ocrx_word' id='word_1_330' title='bbox 122 2561 258 2590; x_wconf 82' lang='lat' dir='ltr'>known</span> <span class='ocrx_word' id='word_1_331' title='bbox 273 2560 367 2590; x_wconf 82' lang='lat' dir='ltr'>Gaza</span> <span class='ocrx_word' id='word_1_332' title='bbox 384 2560 422 2600; x_wconf 86' lang='lat'>(†</span> <span class='ocrx_word' id='word_1_333' title='bbox 435 2560 544 2599; x_wconf 87' lang='lat'>1475).</span> <span class='ocrx_word' id='word_1_334' title='bbox 593 2561 657 2592; x_wconf 84' lang='lat' dir='ltr'>See</span> <span class='ocrx_word' id='word_1_335' title='bbox 674 2561 717 2591; x_wconf 89' lang='lat' dir='ltr'>de</span> <span class='ocrx_word' id='word_1_336' title='bbox 733 2560 881 2591; x_wconf 87' lang='lat' dir='ltr'>Nolhac.</span> 
     </span>
    </p>
   </div>
   <div class='ocr_carea' id='block_1_6' title="bbox 946 2254 1708 2597">
    <p class='ocr_par' dir='ltr' id='par_1_8' title="bbox 946 2254 1708 2597">
     <span class='ocr_line' id='line_1_41' title="bbox 946 2254 1705 2296; baseline -0.003 -10"><span class='ocrx_word' id='word_1_337' title='bbox 946 2255 1084 2296; x_wconf 88' lang='lat' dir='ltr'>preface</span> <span class='ocrx_word' id='word_1_338' title='bbox 1107 2257 1143 2286; x_wconf 90' lang='lat' dir='ltr'>to</span> <span class='ocrx_word' id='word_1_339' title='bbox 1168 2255 1315 2293; x_wconf 82' lang='lat' dir='ltr'>Statius,</span> <span class='ocrx_word' id='word_1_340' title='bbox 1331 2254 1422 2295; x_wconf 85' lang='lat' dir='ltr'>Aug.</span> <span class='ocrx_word' id='word_1_341' title='bbox 1449 2263 1543 2294; x_wconf 83' lang='lat'>1502,</span> <span class='ocrx_word' id='word_1_342' title='bbox 1567 2255 1638 2285; x_wconf 86' lang='lat' dir='ltr'>and</span> <span class='ocrx_word' id='word_1_343' title='bbox 1662 2254 1705 2285; x_wconf 91' lang='lat' dir='ltr'>cf.</span> 
     </span>
     <span class='ocr_line' id='line_1_42' title="bbox 948 2297 1706 2339; baseline -0.004 -9"><span class='ocrx_word' id='word_1_344' title='bbox 948 2300 1012 2339; x_wconf 90' lang='lat' dir='ltr'>Ep.</span> <span class='ocrx_word' id='word_1_345' title='bbox 1029 2308 1103 2338; x_wconf 85' lang='lat'>520.</span> <span class='ocrx_word' id='word_1_346' title='bbox 1125 2308 1194 2338; x_wconf 88' lang='lat'>131.</span> <span class='ocrx_word' id='word_1_347' title='bbox 1235 2299 1405 2329; x_wconf 87' lang='lat' dir='ltr'>Between</span> <span class='ocrx_word' id='word_1_348' title='bbox 1420 2298 1516 2329; x_wconf 84' lang='lat' dir='ltr'>June</span> <span class='ocrx_word' id='word_1_349' title='bbox 1536 2307 1614 2337; x_wconf 89' lang='lat'>1491</span> <span class='ocrx_word' id='word_1_350' title='bbox 1634 2297 1706 2328; x_wconf 87' lang='lat' dir='ltr'>and</span> 
     </span>
     <span class='ocr_line' id='line_1_43' title="bbox 949 2341 1706 2382; baseline -0.003 -9"><span class='ocrx_word' id='word_1_351' title='bbox 949 2343 1032 2382; x_wconf 89' lang='lat' dir='ltr'>May</span> <span class='ocrx_word' id='word_1_352' title='bbox 1061 2352 1141 2381; x_wconf 86' lang='lat'>1492</span> <span class='ocrx_word' id='word_1_353' title='bbox 1173 2342 1219 2372; x_wconf 90' lang='lat' dir='ltr'>he</span> <span class='ocrx_word' id='word_1_354' title='bbox 1248 2342 1468 2372; x_wconf 87' lang='lat' dir='ltr'>transferred</span> <span class='ocrx_word' id='word_1_355' title='bbox 1494 2341 1645 2372; x_wconf 86' lang='lat' dir='ltr'>himself</span> <span class='ocrx_word' id='word_1_356' title='bbox 1670 2343 1706 2371; x_wconf 87' lang='lat' dir='ltr'>to</span> 
     </span>
     <span class='ocr_line' id='line_1_44' title="bbox 948 2384 1707 2425; baseline -0.003 -8"><span class='ocrx_word' id='word_1_357' title='bbox 948 2386 1073 2423; x_wconf 88' lang='lat' dir='ltr'>Milan,</span> <span class='ocrx_word' id='word_1_358' title='bbox 1090 2386 1210 2416; x_wconf 86' lang='lat' dir='ltr'>where</span> <span class='ocrx_word' id='word_1_359' title='bbox 1233 2384 1279 2415; x_wconf 88' lang='lat' dir='ltr'>he</span> <span class='ocrx_word' id='word_1_360' title='bbox 1301 2387 1404 2425; x_wconf 88' lang='lat' dir='ltr'>spent</span> <span class='ocrx_word' id='word_1_361' title='bbox 1425 2385 1483 2416; x_wconf 88' lang='lat' dir='ltr'>his</span> <span class='ocrx_word' id='word_1_362' title='bbox 1503 2385 1707 2423; x_wconf 89' lang='lat' dir='ltr'>remaining</span> 
     </span>
     <span class='ocr_line' id='line_1_45' title="bbox 948 2428 1707 2469; baseline -0.004 -8"><span class='ocrx_word' id='word_1_363' title='bbox 948 2439 1060 2469; x_wconf 79' lang='lat' dir='ltr'>years.</span> <span class='ocrx_word' id='word_1_364' title='bbox 1107 2429 1164 2460; x_wconf 88' lang='lat' dir='ltr'>He</span> <span class='ocrx_word' id='word_1_365' title='bbox 1185 2428 1307 2460; x_wconf 85' lang='lat' dir='ltr'>edited</span> <span class='ocrx_word' id='word_1_366' title='bbox 1329 2428 1465 2459; x_wconf 89' lang='lat' dir='ltr'>Homer</span> <span class='ocrx_word' id='word_1_367' title='bbox 1486 2430 1522 2458; x_wconf 87' lang='lat' dir='ltr'>at</span> <span class='ocrx_word' id='word_1_368' title='bbox 1539 2428 1707 2459; x_wconf 83' lang='lat' dir='ltr'>Florence</span> 
     </span>
     <span class='ocr_line' id='line_1_46' title="bbox 949 2470 1707 2512; baseline -0.005 -8"><span class='ocrx_word' id='word_1_369' title='bbox 949 2474 988 2504; x_wconf 92' lang='lat' dir='ltr'>in</span> <span class='ocrx_word' id='word_1_370' title='bbox 1017 2473 1108 2512; x_wconf 89' lang='lat'>1488,</span> <span class='ocrx_word' id='word_1_371' title='bbox 1138 2471 1210 2502; x_wconf 86' lang='lat' dir='ltr'>and</span> <span class='ocrx_word' id='word_1_372' title='bbox 1235 2481 1309 2502; x_wconf 82' lang='lat' dir='ltr'>was</span> <span class='ocrx_word' id='word_1_373' title='bbox 1339 2481 1406 2502; x_wconf 89' lang='lat' dir='ltr'>one</span> <span class='ocrx_word' id='word_1_374' title='bbox 1433 2472 1471 2502; x_wconf 89' lang='lat' dir='ltr'>of</span> <span class='ocrx_word' id='word_1_375' title='bbox 1493 2471 1594 2502; x_wconf 86' lang='lat' dir='ltr'>those</span> <span class='ocrx_word' id='word_1_376' title='bbox 1624 2470 1707 2500; x_wconf 82' lang='lat' dir='ltr'>who</span> 
     </span>
     <span class='ocr_line' id='line_1_47' title="bbox 949 2513 1707 2547; baseline -0.003 -1"><span class='ocrx_word' id='word_1_377' title='bbox 949 2516 1090 2547; x_wconf 86' lang='lat' dir='ltr'>revised</span> <span class='ocrx_word' id='word_1_378' title='bbox 1120 2514 1277 2546; x_wconf 88' lang='lat' dir='ltr'>Ficinus&#39;</span> <span class='ocrx_word' id='word_1_379' title='bbox 1299 2514 1515 2545; x_wconf 85' lang='lat' dir='ltr'>translation</span> <span class='ocrx_word' id='word_1_380' title='bbox 1542 2515 1581 2544; x_wconf 86' lang='lat' dir='ltr'>of</span> <span class='ocrx_word' id='word_1_381' title='bbox 1607 2513 1707 2545; x_wconf 88' lang='lat' dir='ltr'>Plato</span> 
     </span>
     <span class='ocr_line' id='line_1_48' title="bbox 950 2557 1708 2597; baseline -0.003 -7"><span class='ocrx_word' id='word_1_382' title='bbox 950 2560 1005 2590; x_wconf 90' lang='lat' dir='ltr'>for</span> <span class='ocrx_word' id='word_1_383' title='bbox 1016 2559 1200 2590; x_wconf 86' lang='lat' dir='ltr'>Asulanus</span> <span class='ocrx_word' id='word_1_384' title='bbox 1213 2558 1252 2588; x_wconf 90' lang='lat' dir='ltr'>in</span> <span class='ocrx_word' id='word_1_385' title='bbox 1267 2567 1348 2597; x_wconf 87' lang='lat'>1491</span> <span class='ocrx_word' id='word_1_386' title='bbox 1361 2568 1369 2596; x_wconf 89' lang='grc'><strong>;</strong></span> <span class='ocrx_word' id='word_1_387' title='bbox 1386 2558 1458 2588; x_wconf 90' lang='lat' dir='ltr'>and</span> <span class='ocrx_word' id='word_1_388' title='bbox 1469 2557 1607 2588; x_wconf 88' lang='lat' dir='ltr'>besides</span> <span class='ocrx_word' id='word_1_389' title='bbox 1617 2557 1708 2588; x_wconf 88' lang='lat' dir='ltr'>edit-</span> 
     </span>
    </p>
   </div>
   <div class='ocr_carea' id='block_1_7' title="bbox 122 2602 889 3025">
    <p class='ocr_par' dir='ltr' id='par_1_9' title="bbox 122 2602 889 3025">
     <span class='ocr_line' id='line_1_49' title="bbox 166 2602 883 2643; baseline 0 -9"><span class='ocrx_word' id='word_1_390' title='bbox 166 2613 218 2642; x_wconf 85' lang='lat'>34.</span> <span class='ocrx_word' id='word_1_391' title='bbox 236 2602 496 2643; x_wconf 86' lang='lat' dir='ltr'>Chalcondylo]</span> <span class='ocrx_word' id='word_1_392' title='bbox 513 2603 883 2642; x_wconf 85' lang='lat' dir='ltr'>Dem.Chalcondylas</span> 
     </span>
     <span class='ocr_line' id='line_1_50' title="bbox 126 2645 884 2688; baseline -0.001 -10"><span class='ocrx_word' id='word_1_393' title='bbox 126 2648 170 2688; x_wconf 88' lang='lat' dir='ltr'>(c.</span> <span class='ocrx_word' id='word_1_394' title='bbox 191 2647 397 2684; x_wconf 85' lang='lat'>1424-1511)</span> <span class='ocrx_word' id='word_1_395' title='bbox 416 2645 454 2677; x_wconf 81' lang='lat' dir='ltr'>of</span> <span class='ocrx_word' id='word_1_396' title='bbox 465 2646 606 2677; x_wconf 88' lang='lat' dir='ltr'>Athens</span> <span class='ocrx_word' id='word_1_397' title='bbox 621 2656 719 2677; x_wconf 87' lang='lat' dir='ltr'>came</span> <span class='ocrx_word' id='word_1_398' title='bbox 733 2647 772 2677; x_wconf 82' lang='lat' dir='ltr'>to</span> <span class='ocrx_word' id='word_1_399' title='bbox 786 2646 884 2686; x_wconf 82' lang='lat' dir='ltr'>Italy</span> 
     </span>
     <span class='ocr_line' id='line_1_51' title="bbox 125 2689 885 2728; baseline -0.003 -8"><span class='ocrx_word' id='word_1_400' title='bbox 125 2691 165 2720; x_wconf 89' lang='lat' dir='ltr'>in</span> <span class='ocrx_word' id='word_1_401' title='bbox 197 2699 292 2728; x_wconf 87' lang='lat'>1447,</span> <span class='ocrx_word' id='word_1_402' title='bbox 323 2689 396 2719; x_wconf 88' lang='lat' dir='ltr'>and</span> <span class='ocrx_word' id='word_1_403' title='bbox 424 2690 465 2720; x_wconf 90' lang='lat' dir='ltr'>in</span> <span class='ocrx_word' id='word_1_404' title='bbox 499 2698 582 2728; x_wconf 87' lang='lat'>1450</span> <span class='ocrx_word' id='word_1_405' title='bbox 611 2699 685 2721; x_wconf 85' lang='lat' dir='ltr'>was</span> <span class='ocrx_word' id='word_1_406' title='bbox 714 2689 885 2728; x_wconf 87' lang='lat' dir='ltr'>teaching</span> 
     </span>
     <span class='ocr_line' id='line_1_52' title="bbox 122 2732 881 2772; baseline -0.004 -7"><span class='ocrx_word' id='word_1_407' title='bbox 122 2734 157 2765; x_wconf 79' lang='lat' dir='ltr'>J.</span> <span class='ocrx_word' id='word_1_408' title='bbox 173 2733 216 2764; x_wconf 83' lang='lat' dir='ltr'>A.</span> <span class='ocrx_word' id='word_1_409' title='bbox 236 2733 440 2772; x_wconf 88' lang='lat' dir='ltr'>Campanus</span> <span class='ocrx_word' id='word_1_410' title='bbox 464 2735 500 2763; x_wconf 89' lang='lat' dir='ltr'>at</span> <span class='ocrx_word' id='word_1_411' title='bbox 523 2732 685 2772; x_wconf 79' lang='lat' dir='ltr'>Pei-ugia.</span> <span class='ocrx_word' id='word_1_412' title='bbox 730 2732 785 2771; x_wconf 85' lang='lat' dir='ltr'>By</span> <span class='ocrx_word' id='word_1_413' title='bbox 806 2732 881 2763; x_wconf 85' lang='lat' dir='ltr'>Oct.</span> 
     </span>
     <span class='ocr_line' id='line_1_53' title="bbox 129 2775 885 2816; baseline -0.003 -8"><span class='ocrx_word' id='word_1_414' title='bbox 129 2778 212 2816; x_wconf 86' lang='lat'>1463</span> <span class='ocrx_word' id='word_1_415' title='bbox 242 2776 288 2807; x_wconf 91' lang='lat' dir='ltr'>he</span> <span class='ocrx_word' id='word_1_416' title='bbox 319 2785 391 2806; x_wconf 85' lang='lat' dir='ltr'>was</span> <span class='ocrx_word' id='word_1_417' title='bbox 421 2775 601 2806; x_wconf 85' lang='lat' dir='ltr'>Professor</span> <span class='ocrx_word' id='word_1_418' title='bbox 637 2776 676 2806; x_wconf 87' lang='lat' dir='ltr'>of</span> <span class='ocrx_word' id='word_1_419' title='bbox 702 2775 818 2806; x_wconf 82' lang='lat' dir='ltr'>Greek</span> <span class='ocrx_word' id='word_1_420' title='bbox 848 2777 885 2806; x_wconf 86' lang='lat' dir='ltr'>at</span> 
     </span>
     <span class='ocr_line' id='line_1_54' title="bbox 127 2817 889 2859; baseline -0.004 -8"><span class='ocrx_word' id='word_1_421' title='bbox 127 2820 257 2859; x_wconf 85' lang='lat' dir='ltr'>Padua,</span> <span class='ocrx_word' id='word_1_422' title='bbox 283 2818 404 2849; x_wconf 87' lang='lat' dir='ltr'>where</span> <span class='ocrx_word' id='word_1_423' title='bbox 426 2818 459 2850; x_wconf 85' lang='lat' dir='ltr'>J.</span> <span class='ocrx_word' id='word_1_424' title='bbox 483 2818 643 2850; x_wconf 83' lang='lat' dir='ltr'>Lascaris</span> <span class='ocrx_word' id='word_1_425' title='bbox 665 2827 738 2849; x_wconf 80' lang='lat' dir='ltr'>was</span> <span class='ocrx_word' id='word_1_426' title='bbox 761 2827 827 2849; x_wconf 91' lang='lat' dir='ltr'>one</span> <span class='ocrx_word' id='word_1_427' title='bbox 850 2817 889 2848; x_wconf 88' lang='lat' dir='ltr'>of</span> 
     </span>
     <span class='ocr_line' id='line_1_55' title="bbox 126 2861 886 2903; baseline -0.004 -9"><span class='ocrx_word' id='word_1_428' title='bbox 126 2863 186 2894; x_wconf 89' lang='lat' dir='ltr'>his</span> <span class='ocrx_word' id='word_1_429' title='bbox 211 2863 352 2903; x_wconf 79' lang='lat' dir='ltr'>pupils;</span> <span class='ocrx_word' id='word_1_430' title='bbox 382 2863 447 2893; x_wconf 90' lang='lat' dir='ltr'>but</span> <span class='ocrx_word' id='word_1_431' title='bbox 474 2872 500 2893; x_wconf 89' lang='lat' dir='ltr'>c.</span> <span class='ocrx_word' id='word_1_432' title='bbox 530 2871 608 2901; x_wconf 87' lang='lat'>1471</span> <span class='ocrx_word' id='word_1_433' title='bbox 637 2862 683 2893; x_wconf 89' lang='lat' dir='ltr'>he</span> <span class='ocrx_word' id='word_1_434' title='bbox 707 2861 783 2901; x_wconf 90' lang='lat' dir='ltr'>left,</span> <span class='ocrx_word' id='word_1_435' title='bbox 813 2861 886 2892; x_wconf 89' lang='lat' dir='ltr'>and</span> 
     </span>
     <span class='ocr_line' id='line_1_56' title="bbox 127 2904 886 2946; baseline -0.004 -8"><span class='ocrx_word' id='word_1_436' title='bbox 127 2905 319 2938; x_wconf 90' lang='lat' dir='ltr'>succeeded</span> <span class='ocrx_word' id='word_1_437' title='bbox 336 2906 600 2946; x_wconf 83' lang='lat' dir='ltr'>Argyropoulos</span> <span class='ocrx_word' id='word_1_438' title='bbox 620 2905 661 2936; x_wconf 91' lang='lat' dir='ltr'>in</span> <span class='ocrx_word' id='word_1_439' title='bbox 684 2905 747 2936; x_wconf 88' lang='lat' dir='ltr'>the</span> <span class='ocrx_word' id='word_1_440' title='bbox 769 2904 886 2936; x_wconf 81' lang='lat' dir='ltr'>Greek</span> 
     </span>
     <span class='ocr_line' id='line_1_57' title="bbox 124 2947 886 2989; baseline -0.003 -9"><span class='ocrx_word' id='word_1_441' title='bbox 124 2950 228 2980; x_wconf 86' lang='lat' dir='ltr'>chair</span> <span class='ocrx_word' id='word_1_442' title='bbox 249 2951 286 2980; x_wconf 89' lang='lat' dir='ltr'>at</span> <span class='ocrx_word' id='word_1_443' title='bbox 308 2949 486 2989; x_wconf 75' lang='lat' dir='ltr'>Florenoe,</span> <span class='ocrx_word' id='word_1_444' title='bbox 512 2949 633 2980; x_wconf 83' lang='lat' dir='ltr'>where</span> <span class='ocrx_word' id='word_1_445' title='bbox 657 2948 790 2980; x_wconf 77' lang='lat' dir='ltr'>Grocin</span> <span class='ocrx_word' id='word_1_446' title='bbox 813 2947 886 2979; x_wconf 84' lang='lat' dir='ltr'>and</span> 
     </span>
     <span class='ocr_line' id='line_1_58' title="bbox 128 2991 885 3025; baseline -0.004 0"><span class='ocrx_word' id='word_1_447' title='bbox 128 2993 276 3025; x_wconf 85' lang='lat' dir='ltr'>Linacre</span> <span class='ocrx_word' id='word_1_448' title='bbox 291 2993 436 3025; x_wconf 88' lang='lat' dir='ltr'>studied</span> <span class='ocrx_word' id='word_1_449' title='bbox 445 2991 561 3024; x_wconf 89' lang='lat' dir='ltr'>under</span> <span class='ocrx_word' id='word_1_450' title='bbox 571 2992 670 3023; x_wconf 89' lang='lat' dir='ltr'>him:</span> <span class='ocrx_word' id='word_1_451' title='bbox 686 3002 744 3023; x_wconf 84' lang='lat' dir='ltr'>see</span> <span class='ocrx_word' id='word_1_452' title='bbox 757 2991 885 3023; x_wconf 85' lang='lat' dir='ltr'>Aldus’</span> 
     </span>
    </p>
   </div>
   <div class='ocr_carea' id='block_1_8' title="bbox 950 2600 1710 3031">
    <p class='ocr_par' dir='ltr' id='par_1_10' title="bbox 950 2600 1709 2900">
     <span class='ocr_line' id='line_1_59' title="bbox 951 2600 1707 2642; baseline -0.003 -9"><span class='ocrx_word' id='word_1_453' title='bbox 951 2604 1012 2642; x_wconf 87' lang='lat' dir='ltr'>ing</span> <span class='ocrx_word' id='word_1_454' title='bbox 1026 2603 1198 2633; x_wconf 86' lang='lat' dir='ltr'>Isocrates</span> <span class='ocrx_word' id='word_1_455' title='bbox 1217 2610 1310 2640; x_wconf 85' lang='lat'>1493,</span> <span class='ocrx_word' id='word_1_456' title='bbox 1324 2601 1397 2632; x_wconf 85' lang='lat' dir='ltr'>and</span> <span class='ocrx_word' id='word_1_457' title='bbox 1410 2601 1536 2631; x_wconf 88' lang='lat' dir='ltr'>Suidas</span> <span class='ocrx_word' id='word_1_458' title='bbox 1553 2610 1646 2641; x_wconf 82' lang='lat'>1499,</span> <span class='ocrx_word' id='word_1_459' title='bbox 1661 2600 1707 2631; x_wconf 87' lang='lat' dir='ltr'>he</span> 
     </span>
     <span class='ocr_line' id='line_1_60' title="bbox 950 2643 1709 2685; baseline -0.003 -9"><span class='ocrx_word' id='word_1_460' title='bbox 950 2645 1135 2684; x_wconf 87' lang='lat' dir='ltr'>composed</span> <span class='ocrx_word' id='word_1_461' title='bbox 1151 2654 1172 2675; x_wconf 87' lang='lat' dir='ltr'>a</span> <span class='ocrx_word' id='word_1_462' title='bbox 1188 2644 1303 2675; x_wconf 83' lang='lat' dir='ltr'>Greek</span> <span class='ocrx_word' id='word_1_463' title='bbox 1317 2653 1496 2683; x_wconf 83' lang='lat' dir='ltr'>grammar</span> <span class='ocrx_word' id='word_1_464' title='bbox 1512 2643 1607 2685; x_wconf 89' lang='lat' dir='ltr'>(first</span> <span class='ocrx_word' id='word_1_465' title='bbox 1622 2644 1709 2683; x_wconf 89' lang='lat' dir='ltr'>pub-</span> 
     </span>
     <span class='ocr_line' id='line_1_61' title="bbox 951 2687 1706 2726; baseline 0 -8"><span class='ocrx_word' id='word_1_466' title='bbox 951 2688 1069 2719; x_wconf 89' lang='lat' dir='ltr'>lished</span> <span class='ocrx_word' id='word_1_467' title='bbox 1083 2687 1369 2726; x_wconf 86' lang='lat' dir='ltr'>independently</span> <span class='ocrx_word' id='word_1_468' title='bbox 1380 2687 1426 2725; x_wconf 82' lang='lat' dir='ltr'>by</span> <span class='ocrx_word' id='word_1_469' title='bbox 1439 2687 1479 2718; x_wconf 82' lang='lat' dir='ltr'>G.</span> <span class='ocrx_word' id='word_1_470' title='bbox 1495 2687 1706 2725; x_wconf 77' lang='lat' dir='ltr'>Gourmont,</span> 
     </span>
     <span class='ocr_line' id='line_1_62' title="bbox 953 2729 1709 2772; baseline -0.001 -11"><span class='ocrx_word' id='word_1_471' title='bbox 953 2731 1062 2772; x_wconf 87' lang='lat' dir='ltr'>Paris,</span> <span class='ocrx_word' id='word_1_472' title='bbox 1096 2732 1135 2761; x_wconf 86' lang='lat'>18</span> <span class='ocrx_word' id='word_1_473' title='bbox 1163 2731 1245 2761; x_wconf 85' lang='lat' dir='ltr'>Feb.</span> <span class='ocrx_word' id='word_1_474' title='bbox 1276 2730 1374 2770; x_wconf 88' lang='lat'>1525)</span> <span class='ocrx_word' id='word_1_475' title='bbox 1406 2729 1479 2760; x_wconf 89' lang='lat' dir='ltr'>and</span> <span class='ocrx_word' id='word_1_476' title='bbox 1509 2730 1709 2761; x_wconf 86' lang='lat' dir='ltr'>translated</span> 
     </span>
     <span class='ocr_line' id='line_1_63' title="bbox 953 2773 1707 2814; baseline 0 -9"><span class='ocrx_word' id='word_1_477' title='bbox 953 2773 1094 2806; x_wconf 90' lang='lat' dir='ltr'>Galen&#39;s</span> <span class='ocrx_word' id='word_1_478' title='bbox 1102 2776 1252 2804; x_wconf 72' lang='lat' dir='ltr'>Anatomi</span> <span class='ocrx_word' id='word_1_479' title='bbox 1253 2783 1303 2804; x_wconf 83' lang='lat' dir='ltr'>cae</span> <span class='ocrx_word' id='word_1_480' title='bbox 1309 2774 1707 2814; x_wconf 71' lang='lat' dir='ltr'>quressiones,Bologna‚</span> 
     </span>
     <span class='ocr_line' id='line_1_64' title="bbox 956 2816 1704 2858; baseline 0.003 -11"><span class='ocrx_word' id='word_1_481' title='bbox 956 2826 1049 2857; x_wconf 87' lang='lat'>1529.</span> <span class='ocrx_word' id='word_1_482' title='bbox 1072 2816 1147 2847; x_wconf 85' lang='lat' dir='ltr'>The</span> <span class='ocrx_word' id='word_1_483' title='bbox 1157 2816 1291 2847; x_wconf 85' lang='lat' dir='ltr'>Aldine</span> <span class='ocrx_word' id='word_1_484' title='bbox 1303 2816 1504 2856; x_wconf 89' lang='lat' dir='ltr'>Euripides,</span> <span class='ocrx_word' id='word_1_485' title='bbox 1517 2817 1598 2848; x_wconf 89' lang='lat' dir='ltr'>Feb.</span> <span class='ocrx_word' id='word_1_486' title='bbox 1611 2826 1704 2858; x_wconf 86' lang='lat'>1503,</span> 
     </span>
     <span class='ocr_line' id='line_1_65' title="bbox 954 2859 1640 2900; baseline 0.001 -10"><span class='ocrx_word' id='word_1_487' title='bbox 954 2861 984 2892; x_wconf 90' lang='lat' dir='ltr'>is</span> <span class='ocrx_word' id='word_1_488' title='bbox 997 2860 1183 2891; x_wconf 88' lang='lat' dir='ltr'>dedicated</span> <span class='ocrx_word' id='word_1_489' title='bbox 1200 2862 1237 2891; x_wconf 94' lang='lat' dir='ltr'>to</span> <span class='ocrx_word' id='word_1_490' title='bbox 1253 2859 1343 2891; x_wconf 89' lang='lat' dir='ltr'>him.</span> <span class='ocrx_word' id='word_1_491' title='bbox 1389 2860 1452 2890; x_wconf 87' lang='lat' dir='ltr'>See</span> <span class='ocrx_word' id='word_1_492' title='bbox 1467 2859 1640 2900; x_wconf 84' lang='lat' dir='ltr'>Legrand.</span> 
     </span>
    </p>

    <p class='ocr_par' dir='ltr' id='par_1_11' title="bbox 955 2902 1710 3031">
     <span class='ocr_line' id='line_1_66' title="bbox 997 2902 1710 2944; baseline 0.001 -10"><span class='ocrx_word' id='word_1_493' title='bbox 997 2913 1050 2942; x_wconf 87' lang='lat'>41.</span> <span class='ocrx_word' id='word_1_494' title='bbox 1075 2902 1273 2944; x_wconf 87' lang='lat' dir='ltr'>Sarmatae]</span> <span class='ocrx_word' id='word_1_495' title='bbox 1300 2902 1352 2934; x_wconf 87' lang='lat' dir='ltr'>Cf.</span> <span class='ocrx_word' id='word_1_496' title='bbox 1369 2903 1443 2934; x_wconf 86' lang='grc' dir='ltr'>ΑΕ.</span> <span class='ocrx_word' id='word_1_497' title='bbox 1462 2912 1516 2943; x_wconf 92' lang='grc'>59,</span> <span class='ocrx_word' id='word_1_498' title='bbox 1542 2904 1710 2943; x_wconf 89' lang='lat' dir='ltr'>ordering</span> 
     </span>
     <span class='ocr_line' id='line_1_67' title="bbox 958 2946 1707 2987; baseline 0.001 -9"><span class='ocrx_word' id='word_1_499' title='bbox 958 2957 1020 2978; x_wconf 88' lang='lat'>100</span> <span class='ocrx_word' id='word_1_500' title='bbox 1043 2948 1160 2987; x_wconf 87' lang='lat' dir='ltr'>copies</span> <span class='ocrx_word' id='word_1_501' title='bbox 1183 2947 1221 2978; x_wconf 82' lang='lat' dir='ltr'>of</span> <span class='ocrx_word' id='word_1_502' title='bbox 1248 2947 1365 2978; x_wconf 88' lang='lat' dir='ltr'>Const.</span> <span class='ocrx_word' id='word_1_503' title='bbox 1400 2946 1568 2978; x_wconf 85' lang='lat' dir='ltr'>Lascaris’</span> <span class='ocrx_word' id='word_1_504' title='bbox 1593 2947 1707 2979; x_wconf 85' lang='lat' dir='ltr'>Greek</span> 
     </span>
     <span class='ocr_line' id='line_1_68' title="bbox 955 2989 1587 3031; baseline 0 -10"><span class='ocrx_word' id='word_1_505' title='bbox 955 3000 1132 3031; x_wconf 87' lang='lat' dir='ltr'>grammar</span> <span class='ocrx_word' id='word_1_506' title='bbox 1148 2990 1203 3020; x_wconf 87' lang='lat' dir='ltr'>for</span> <span class='ocrx_word' id='word_1_507' title='bbox 1220 2990 1370 3029; x_wconf 81' lang='lat' dir='ltr'>Cracow,</span> <span class='ocrx_word' id='word_1_508' title='bbox 1389 2989 1470 3022; x_wconf 88' lang='lat' dir='ltr'>Dec.</span> <span class='ocrx_word' id='word_1_509' title='bbox 1493 3000 1587 3030; x_wconf 86' lang='lat'>1505.</span> 
     </span>
    </p>
   </div>
  </div>
 </body>
</html>
