2010 3417
110 144 207 199 396]
567 149 638 189 ΤΟ
675 148 942 189 WILLIAM
979 149 1249 189 WARHAM
1619 151 1696 188 215

108 255 366 313 Hieronymo
386 257 496 308 quod
517 258 619 297 olim
639 258 685 297 in
706 258 760 297 M.
784 258 948 298 Tullio:
978 271 1073 297 cum
1094 272 1176 309 quo
1196 259 1233 297 si
1253 271 1377 309 quem
1397 258 1609 298 contulero
1628 272 1700 309 per
1721 268 1781 291 120

106 334 150 361 se
171 322 442 372 quantumuis
463 323 676 371 disertum,
700 325 868 374 repente
887 324 1002 363 velut
1023 323 1303 362 obmutescere
1322 324 1497 373 videtur,
1520 326 1561 363 et
1581 324 1698 363 cuius

104 387 293 438 linguam
314 387 416 427 citra
429 389 737 428 contentionem
756 389 1025 428 vehementer
1043 389 1234 437 admiror,
1253 389 1303 428 ad
1319 389 1431 427 hunc
1451 389 1699 439 compositus

105 454 147 491 et
165 453 357 492 admotus
377 453 557 504 elinguis
576 453 743 493 videtur
768 456 809 493 et
834 454 994 493 balbus.
1053 454 1129 493 Sin
1149 454 1381 493 doctrinam
1401 454 1550 504 exigas,
1574 467 1697 504 queso

105 520 157 566 te,
198 531 321 568 quem
360 518 486 557 habet
523 519 591 557 vel
624 519 906 558 eruditissima
941 519 1110 558 Graecia
1142 518 1201 557 sic
1234 518 1471 558 absolutum
1504 519 1549 558 in
1583 520 1697 558 omni

103 582 316 622 doctrinae
358 596 509 633 genere
546 586 593 623 vt
636 597 732 623 cum
773 584 1034 634 Hieronymo
1072 584 1126 623 sit
1165 584 1522 623 committendus?
1595 584 1697 634 Quis
1717 595 1775 626 125

103 660 286 699 vnquam
310 648 398 697 pari
422 648 617 687 felicitate
638 649 798 688 omneis
825 649 955 687 totius
974 648 1220 687 eruditionis
1239 649 1392 699 parteis
1414 649 1631 688 coniunxit
1655 652 1696 689 et

102 712 282 751 absoluit
301 714 322 751 ⁸?
377 713 479 761 Quis
498 727 684 763 vnquam
704 714 749 752 in
769 715 831 752 tot
851 713 1007 763 linguis
1027 714 1270 752 antecelluit
1288 727 1394 752 vnus
1410 715 1430 752 ‘?
1485 715 1561 754 Oui
1580 716 1695 754 tanta

101 777 380 825 historiarum,
413 780 533 817 tanta
564 778 844 829 geographiae,
882 780 999 817 tanta
1029 778 1292 829 antiquitatis
1330 779 1485 817 noticia
1522 780 1694 829 contigit

99 855 287 893 vnquam
301 844 322 881 ‘?
377 843 479 892 Quis
506 857 690 894 vnquam
710 857 917 882 sacrarum
936 845 978 882 et
1003 843 1311 893 prophanarum
1335 843 1525 882 omnium
1543 844 1694 883 littera·

99 919 196 945 rum
213 909 255 946 et
273 920 417 958 parem
437 910 479 947 et
497 909 730 948 absolutam
751 909 964 948 scientiam
984 910 1046 947 est
1065 909 1277 947 assecutus
1289 909 1310 946 ⁶?
1356 908 1430 947 Sin
1450 909 1693 948 memoriam
1715 921 1773 953 150

98 973 319 1022 examines,
338 974 431 1024 quis
450 974 602 1013 author
619 988 692 1013 seu
711 976 832 1013 vetus
850 987 923 1013 seu
943 987 1079 1012 nouus
1098 986 1223 1023 quem
1240 973 1311 1011 ille
1330 987 1417 1013 non
1436 973 1481 1012 in
1498 977 1693 1025 promptu

98 1037 324 1077 habuerit?
366 1039 467 1088 Quis
487 1039 663 1089 angulus
683 1039 859 1078 Diuinae
879 1039 1124 1088 Scripturae,
1147 1037 1247 1088 quid
1267 1040 1352 1076 tam
1372 1038 1571 1087 abditum,
1595 1039 1692 1089 quid

99 1105 188 1143 tam
209 1104 374 1143 varium
397 1105 506 1155 quod
536 1105 608 1143 ille
636 1118 721 1143 non
751 1105 867 1144 velut
895 1105 940 1143 in
966 1105 1183 1142 numerato
1206 1103 1434 1142 habuerit?
1480 1103 1554 1142 Sin
1578 1104 1693 1143 indu-

97 1168 255 1218 striam,
279 1169 372 1220 quis
399 1183 585 1220 vnquam
614 1172 779 1208 tantum
808 1171 879 1208 aut
909 1169 1069 1209 euoluit
1097 1170 1171 1207 aut
1202 1169 1366 1219 scripsit
1394 1168 1692 1209 voluminum?

97 1233 198 1282 Quis
225 1234 282 1272 sic
310 1234 547 1273 vniuersam
575 1235 775 1273 Diuinam
804 1235 1060 1284 Scripturam
1088 1233 1265 1283 edidicit,
1292 1234 1469 1282 imbibit,
1492 1236 1689 1286 concoxit,
1714 1245 1771 1277 ¹35

96 1299 288 1348 versauit,
329 1300 556 1338 meditatus
594 1302 689 1339 est?
756 1300 858 1349 Quis
890 1313 1017 1350 aeque
1050 1299 1218 1338 sudauit
1251 1299 1296 1338 in
1332 1299 1449 1338 omni
1480 1300 1689 1340 doctrinae

94 1377 244 1415 genere
260 1366 280 1403 ἱ)
324 1364 418 1403 Iam
438 1365 473 1404 si
495 1378 661 1404 morum
681 1365 1002 1404 sanctimoniam
1022 1367 1191 1415 specteS,
1212 1365 1305 1414 quis
1323 1364 1541 1404 Christum
1561 1366 1688 1415 spirat

94 1429 311 1469 viuidius‘?
367 1430 470 1479 Quis
497 1430 638 1469 docuit
664 1430 914 1469 ardentius?
969 1431 1159 1480 Denique
1195 1430 1288 1480 quis
1317 1443 1412 1469 eum
1441 1431 1529 1469 vita
1556 1432 1690 1481 magis

93 1495 329 1544 expressit?
397 1495 568 1533 Poterat
597 1495 666 1533 hic
694 1509 802 1534 vnus
832 1509 906 1545 pro
936 1495 1097 1534 cunctis
1125 1495 1309 1534 sufficere
1337 1494 1510 1544 Latinis,
1543 1496 1610 1535 vel
1636 1496 1687 1535 ad

91 1559 203 1599 vitae
227 1561 425 1610 pietatem
443 1560 511 1599 vel
529 1560 580 1599 ad
603 1560 856 1611 theologicae
874 1561 936 1599 rei
956 1560 1248 1610 cognitionem,
1271 1560 1307 1598 si
1326 1561 1450 1599 modo
1469 1561 1628 1611 integer
1646 1563 1687 1600 et
1710 1571 1769 1602 140

91 1625 314 1664 incolumis
331 1628 501 1665 extaret.

145 1692 205 1729 At
223 1704 336 1729 nunc
358 1691 471 1730 haud
496 1690 580 1729 scio
607 1704 660 1729 an
685 1690 905 1741 quisquam
934 1690 1125 1729 omnium
1153 1692 1354 1729 tractatus
1382 1690 1438 1729 sit
1457 1690 1680 1739 indignius.

91 1755 210 1794 Bona
229 1768 326 1804 pars
344 1755 585 1805 vigiliarum
614 1756 731 1794 illius
752 1756 975 1795 intercidit.
1037 1755 1155 1804 Quod
1183 1757 1368 1805 superest
1390 1769 1476 1794 non
1496 1756 1687 1805 depraua-

90 1822 184 1859 t-um
204 1822 301 1869 erat,
317 1821 387 1859 sed
402 1833 568 1870 prorsus
583 1822 812 1859 extinctum
827 1822 868 1859 et
883 1821 1167 1859 oblitteratum
1184 1835 1194 1868 ;
1213 1820 1337 1870 idque
1351 1820 1505 1870 partim
1520 1820 1686 1870 quidem

90 1885 405 1924 illitteratorum
431 1885 536 1925 vitio
562 1886 803 1933 scribarum,
833 1886 904 1936 qui
932 1886 1068 1924 solent
1091 1899 1141 1924 ex
1166 1885 1397 1924 emendatis
1424 1885 1686 1924 inemendata
1707 1898 1763 1931 145

91 1950 330 1999 describere,
347 1964 398 1989 ex
416 1951 625 1990 mendosis
643 1951 903 1990 mendosiora
922 1951 1100 2000 reddere,
1122 1950 1450 2001 praetermittere
1472 1951 1580 2000 quod
1599 1964 1683 1990 non

89 2015 246 2064 legunt,
277 2028 540 2065 corrumpere
567 2016 676 2066 quod
705 2029 792 2055 non
820 2015 1076 2066 intelligunt,
1098 2015 1214 2054 velut
1239 2014 1430 2054 Hebraea
1450 2015 1684 2066 Graecaque

88 2079 287 2118 vocabula
333 2093 436 2131 quae
481 2081 721 2131 frequenter
767 2081 1025 2119 intermiscet
1079 2080 1391 2131 Hieronymus;
1437 2080 1509 2119 sed
1549 2081 1682 2119 multo

87 2144 324 2184 sceleratius
352 2159 377 2184 a
404 2146 611 2196 sacrilegis
633 2146 744 2185 haud
768 2146 852 2185 scio
872 2145 1024 2197 quibus
1044 2146 1182 2184 studio
1201 2146 1445 2185 detruncata
1463 2146 1680 2197 permulta,

87 2209 226 2249 addita
263 2210 478 2259 nonnulla,
514 2213 676 2250 mutata
713 2211 938 2262 plaeraque,
980 2212 1216 2262 deprauata,
1252 2211 1472 2260 sordidata,
1512 2211 1681 2251 confusa
1703 2224 1764 2256 150

89 2289 193 2325 pene
216 2276 368 2325 omnia,
388 2279 436 2316 vt
460 2276 532 2316 vix
556 2276 642 2316 vlla
668 2276 723 2315 sit
750 2276 942 2327 periodus
968 2290 1094 2326 quam
1119 2276 1310 2315 eruditus
1331 2277 1529 2315 inoffense
1551 2278 1681 2326 possit

87 2341 231 2391 legere.
290 2342 384 2380 Imo
403 2342 512 2393 quod
531 2344 593 2381 est
612 2342 1004 2392 pestilentissimum
1022 2342 1201 2382 vitiandi
1220 2355 1361 2392 genus,
1380 2342 1550 2392 perinde
1566 2344 1680 2392 quasi

86 2417 235 2454 parum
260 2408 367 2445 esset
391 2408 454 2445 tot
479 2407 778 2446 insulsissimas
802 2420 934 2457 nugas
962 2407 1076 2446 iuxta
1098 2406 1281 2446 infantes
1305 2409 1426 2457 atque
1454 2406 1679 2444 ineruditas

87 2470 132 2508 in
165 2470 350 2509 hominis
377 2471 710 2522 eloquentissimi
736 2473 890 2523 pariter
918 2485 965 2511 ac
992 2471 1221 2510 doctissimi
1249 2485 1403 2510 nomen
1430 2483 1475 2508 ac
1505 2471 1678 2509 titulum

87 2533 321 2583 contulisse,
358 2536 510 2574 mediis
546 2536 663 2575 illius
700 2537 1010 2576 commentariis
1045 2537 1203 2587 passim
1236 2537 1547 2575 admiscuerunt
1584 2548 1678 2575 suas
1698 2549 1757 2582 155

87 2599 255 2638 naenias
287 2613 340 2638 ne
373 2600 466 2650 quis
497 2614 718 2651 repurgare
746 2604 895 2651 posset.
964 2601 1073 2640 Nam
1105 2601 1261 2640 librum
1293 2600 1396 2639 falso
1431 2600 1678 2650 inscriptum

86 2663 294 2714 permulta
322 2667 422 2702 sunt
450 2678 554 2715 quae
583 2668 832 2716 coarguant:
867 2668 1076 2705 caeterum
1099 2666 1332 2716 fragmenta
1353 2665 1528 2714 sparsim
1553 2665 1677 2704 inter·

87 2730 230 2777 mixta,
251 2728 382 2767 veluti
399 2729 609 2768 frumento
629 2732 850 2769 confusum
865 2730 1023 2778 lolium,
1042 2743 1122 2780 quo
1142 2730 1311 2768 tandem
1332 2729 1465 2768 cribro
1485 2732 1675 2780 repurget

87 2794 239 2844 aliquis
251 2795 271 2832 ἱ)
325 2795 468 2844 Atque
485 2794 586 2833 haec
605 2795 744 2834 omnia
764 2796 822 2834 sic
841 2808 929 2834 esse
947 2796 1055 2833 facta
1074 2794 1310 2833 docebimus
1324 2807 1423 2833 mox
1442 2794 1486 2832 in
1506 2808 1675 2845 operum

85 2859 199 2899 illius
218 2859 410 2909 catalogo,
433 2861 526 2898 tum
546 2860 718 2898 secundi
736 2860 841 2898 tomi
860 2860 1018 2898 duabus
1037 2859 1360 2909 praefationibus
1378 2873 1423 2898 ac
1443 2860 1637 2899 censuris.
1695 2861 1755 2894 160

142 2924 379 2964 Commouit
405 2924 545 2975 itaque
574 2937 640 2963 me
668 2925 822 2975 partim
846 2925 933 2963 tam
958 2924 1138 2975 insignis
1165 2924 1354 2963 ecclesiae
1384 2924 1564 2964 doctoris
1589 2938 1673 2963 non

739 3015 810 3045 129.
836 3005 862 3037 &
879 3017 918 3037 a:
941 3014 979 3036 ac
995 3006 1029 3039 β.
