2010 3417
212 415 275 447 340

213 743 275 774 345

215 1070 279 1102 350

213 1399 277 1432 355

294 163 375 200 468
758 158 1010 197 LETTERS
1049 157 1117 195 or
1154 156 1422 195 ERASMUS
1757 154 1886 207 [1517

294 271 485 310 mulceat.
556 269 664 306 Nam
693 267 934 307 huiusmodi
967 268 1097 305 ferme
1127 266 1334 305 coloribus
1363 279 1432 304 me
1459 265 1565 304 mihi
1593 265 1794 315 depingis,
1827 268 1892 306 mi

295 336 470 381 Budaee,
489 334 530 371 et
546 333 654 372 haud
671 333 755 372 scio
769 347 821 372 an
835 333 1059 372 verissime.
1114 331 1216 370 Plus
1230 331 1344 369 enim
1359 334 1432 370 tuo
1447 331 1571 370 vnius
1582 330 1735 369 iudicio
1750 331 1891 370 tribuo

294 413 417 451 quam
450 398 627 438 aliorum
660 399 949 449 complurium.
1010 399 1070 436 At
1092 410 1168 446 ego
1191 399 1236 435 vt
1265 396 1522 447 phaleratam
1549 396 1778 435 orationem
1805 410 1889 435 non

293 464 443 512 ambio,
467 464 524 502 ita
543 477 701 513 puram,
725 466 876 513 aptam,
895 463 1059 502 facilem
1079 476 1123 501 ac
1145 462 1370 501 dilucidam
1390 462 1579 511 optarim,
1600 462 1637 500 si
1655 462 1892 512 contingat;

293 531 365 569 sed
384 529 443 568 ita
461 529 625 567 facilem
643 530 689 567 vt
713 531 855 567 tamen
886 542 1019 578 neque
1050 528 1191 566 neruis
1222 541 1355 577 neque
1380 527 1546 575 aculeis,
1567 527 1639 565 vbi
1658 540 1724 565 res
1742 528 1891 578 poscit,

295 594 529 634 deficiatur:
560 607 685 644 quam
709 594 745 632 si
771 594 911 633 minus
939 607 1149 644 assequor,
1168 593 1326 643 ingenii
1349 592 1469 642 culpa
1490 594 1563 641 est,
1585 605 1670 631 non
1690 592 1886 632 instituti.

295 662 537 710 Quanquam
567 659 662 698 vide
690 673 815 710 quani
851 659 1018 698 interim
1051 659 1195 709 inique
1223 672 1388 697 mecum
1415 658 1567 708 agitur,
1594 657 1667 708 qui
1693 657 1894 707 vtrinque

295 726 403 765 male
421 725 555 764 audio.
614 726 655 764 A
674 727 823 773 vestro,
847 725 923 764 hoc
939 727 1001 763 est
1022 725 1369 771 doctissimorum,
1391 723 1536 762 ordine
1555 723 1707 773 culpor,
1725 725 1772 762 vt
1786 724 1890 762 citra

294 793 508 843 impetum,
531 793 578 829 vt
597 790 786 839 elumbis,
809 793 855 829 vt
875 791 1074 829 remissus
1091 790 1245 838 fiuens;
1274 789 1324 828 ab
1344 789 1421 828 hoc
1440 801 1533 827 meo
1553 789 1830 840 reprehendor
1849 791 1890 827 et

296 858 463 908 quidem
496 856 655 904 cotidie,
693 857 802 907 quod
837 857 1018 894 nimium
1055 855 1268 906 exquisitis
1305 856 1567 894 schematum
1597 857 1637 893 et
1667 854 1891 893 verborum

296 922 551 962 ornamentis
579 922 787 971 plebeium
817 922 1013 960 lectorem
1042 921 1187 971 procul
1221 935 1244 959 a
1277 934 1345 959 me
1379 920 1662 967 submoneam,
1694 922 1817 969 atque
1846 921 1890 959 in

296 988 398 1039 ipsis
426 989 550 1026 etiam
580 986 747 1026 scholiis
781 987 861 1025 alia
892 985 1165 1037 flagitent(111*>
1194 986 1363 1025 scholia.
1424 985 1533 1034 Quid
1561 985 1772 1024 facerem?
1827 986 1892 1024 Ita

296 1056 479 1103 tempero
500 1053 724 1091 dictionem
750 1054 795 1091 vt
818 1052 977 1091 neutris
1001 1065 1073 1102 per
1098 1052 1236 1091 omnia
1262 1052 1464 1102 obsequar
1482 1053 1525 1089 et
1544 1053 1685 1089 tamen
1704 1051 1893 1102 vtrisque

296 1119 391 1158 dem
411 1118 579 1169 aliquid.
639 1118 707 1157 Ad
727 1118 826 1156 haec
841 1131 926 1156 non
938 1131 1087 1169 parum
1100 1119 1347 1168 assequutus
1365 1116 1530 1156 videtur
1544 1117 1618 1168 qui
1635 1117 1677 1155 id
1697 1117 1893 1168 impetrat

297 1198 320 1223 a
339 1184 490 1223 lectore
510 1186 555 1223 vt
576 1186 712 1222 totum
732 1184 887 1222 librum
913 1183 1033 1223 auide
1053 1184 1224 1222 deuoret
1243 1185 1284 1221 et
1303 1183 1392 1233 pari
1410 1183 1676 1221 contentione
1693 1183 1746 1222 ad
1763 1183 1892 1222 finem

298 1263 425 1300 vsque
457 1250 708 1299 deproperet.
780 1250 919 1300 Atque
947 1249 1057 1288 haud
1092 1249 1176 1288 scio
1206 1262 1258 1287 an
1293 1249 1426 1287 tutius
1456 1249 1585 1287 etiam
1612 1249 1666 1287 sit
1694 1248 1894 1287 facilitate

297 1316 583 1355 transmittere
601 1316 798 1353 lectorem
817 1328 942 1364 quam
962 1315 1202 1354 difficultate
1222 1315 1422 1353 deterrere
1440 1328 1450 1361 ;
1476 1316 1519 1352 et
1534 1313 1786 1353 tolerabilius
1804 1327 1895 1353 esse

298 1395 383 1420 non
403 1380 607 1430 regustari
631 1393 754 1430 quam
782 1380 952 1418 omnino
976 1393 1060 1419 non
1084 1380 1252 1430 gustari.
1314 1380 1558 1430 Quanquam
1577 1380 1781 1429 regustari
1801 1393 1893 1418 con-

298 1447 426 1497 tingit
455 1448 497 1485 et
530 1446 582 1484 iis
615 1447 687 1496 qui
718 1446 917 1484 facilitate
947 1446 1302 1484 commendantur.
1363 1445 1536 1495 Alioqui
1569 1445 1669 1495 quid
1701 1445 1896 1484 Cicerone

300 1512 471 1560 facilius,
495 1513 536 1550 et
556 1511 648 1561 quis
668 1511 867 1561 repetitur
887 1511 1084 1550 auidius?

354 1577 461 1625 Quid
481 1577 639 1615 tribuas
658 1576 870 1614 Mineruae
899 1578 1063 1614 nostrae
1083 1577 1129 1614 tu
1156 1576 1338 1623 videris:
1379 1589 1452 1626 ego
1476 1589 1601 1626 quam
1628 1575 1684 1614 sit
1709 1575 1893 1626 maligna

299 1644 444 1683 sentio.
503 1642 610 1680 Nam
631 1641 741 1691 quod
765 1641 913 1680 scribis
931 1643 1015 1691 περὶ
1034 1644 1098 1679 τοῦ
1119 1642 1336 1693 θεολογικοῦ
1357 1642 1550 1692 σχήματος
1570 1642 1699 1691 deque
1719 1641 1890 1691 legibus,

300 1708 449 1759 quibus
473 1708 581 1758 quod
601 1707 810 1746 astrictior
836 1707 917 1746 sim
938 1720 1063 1756 quam
1085 1710 1144 1753 tu,
1169 1720 1289 1758 cogar
1308 1720 1395 1745 esse
1424 1707 1754 1756 circunspectior,
1776 1707 1891 1747 istud

300 1774 661 1824 quidem-eatenus
681 1773 792 1811 valet
811 1774 858 1811 vt
886 1773 995 1811 mihi
1023 1773 1166 1811 minus
1189 1786 1356 1822 peccare
1383 1773 1504 1811 liceat
1532 1786 1658 1822 quam
1688 1772 1774 1821 tibi,
1798 1786 1894 1813 cum

300 1840 442 1878 minus
460 1839 515 1878 sit
535 1839 688 1887 veniae,
714 1852 799 1876 non
820 1840 865 1877 vt
886 1851 1004 1888 cogar
1022 1839 1140 1888 peius
1159 1839 1301 1877 dicere.
1356 1838 1465 1877 Nam
1485 1838 1592 1888 quod
1612 1838 1663 1876 ad
1683 1841 1895 1888 παρρησίαν

300 1905 460 1953 attinet,
482 1906 527 1943 vt
546 1917 753 1954 nusquam
771 1903 838 1942 vel
858 1904 1058 1942 obscenus
1077 1917 1171 1942 sum
1191 1904 1259 1942 vel
1286 1904 1508 1942 seditiosus
1536 1903 1728 1954 (quorum
1748 1906 1890 1943 vtrun-

302 1985 380 2021 que
408 1972 568 2020 oportet
595 1983 619 2008 a
641 1970 750 2008 bono
771 1970 863 2008 viro
890 1969 1032 2019 procul
1055 1969 1223 2020 abesse),
1246 1969 1305 2007 ita
1326 1969 1477 2008 multis
1503 1969 1547 2007 in
1567 1968 1668 2008 locis
1688 1969 1769 2007 καθ’
1787 1971 1895 2019 ὓπερ·

217 2077 228 2086 .
266 2055 282 2086 5
301 2037 427 2085 βολὴν
444 2036 757 2086 παρρησιάζομαι,
778 2048 912 2086 neque
932 2036 974 2073 id
994 2035 1084 2074 sine
1105 2048 1256 2085 magno
1275 2048 1369 2073 meo
1393 2035 1515 2075 malo.
1543 2035 1731 2084 τοσαύτην
1749 2052 1892 2087 τραγῳ-

303 2103 383 2140 δίαν
412 2118 476 2151 μοι
507 2102 681 2150 ἐκίνησαν
707 2103 741 2138 οἶ
773 2100 1032 2150 κακοδαίμονες
1060 2100 1161 2139 οὗτοι
1187 2101 1448 2152 ματαιολόγοι·
1478 2099 1531 2141 οἷς
1553 2100 1620 2138 σοί
1640 2117 1694 2152 γε,
1713 2101 1896 2149 βέλτιστε

304 2168 471 2211 Βουὸαἳε,
492 2168 663 2217 ἡράκλεις
682 2167 826 2216 μήποτε
845 2167 989 2218 γένοιτο
1007 2169 1220 2216 περιπεσεῖν
1248 2171 1285 2205 ἐν
1303 2169 1353 2217 τῷ
1372 2167 1461 2217 βίῳ·
1494 2166 1543 2203 ὧν
1562 2165 1665 2204 οὐδὲν
1690 2167 1783 2212 ζῶον
1811 2167 1894 2205 οὔτε

301 2235 374 2271 τῶν
403 2233 622 2272 θαλασσίων
651 2233 733 2270 οὔτε
761 2235 832 2269 τῶν
862 2233 1047 2282 χερσαίων
1073 2232 1331 2281 ἐξωλέστερον.
1391 2232 1522 2270 Porro
1542 2231 1650 2282 quod
1679 2232 1800 2280 putas
1827 2245 1897 2271 me

302 2300 512 2337 senectute
532 2297 800 2348 frugaliorem
820 2297 946 2345 reddi,
969 2297 1077 2336 nihil
1098 2310 1307 2347 repugno;
1337 2310 1411 2335 nec
1431 2297 1532 2335 adeo
1551 2296 1707 2335 mirum
1732 2296 1767 2334 si
1786 2297 1895 2338 mihi

245 2383 259 2390 -
303 2377 379 2403 vsu
398 2363 515 2402 venit
534 2363 643 2412 quod
660 2363 841 2411 Isocra-ti,
866 2363 974 2412 quod
994 2363 1253 2413 Lysimacho,
1269 2362 1379 2412 quod
1398 2362 1480 2412 ipsi
1499 2362 1685 2401 Ciceroni
1704 2362 1899 2401 videmus-

303 2443 380 2468 vsu
408 2428 585 2467 venisse.
642 2429 782 2478 Atque
810 2428 970 2466 vtinam
998 2441 1076 2466 vsu
1105 2428 1243 2467 veniat
1271 2430 1318 2466 vt
1346 2427 1696 2477 quemadmodum
1717 2427 1813 2475 illis,
1837 2428 1896 2467 ita

302 2494 409 2533 mihi
428 2507 590 2544 quoque
611 2506 796 2532 accessus
815 2494 960 2531 aetatis
980 2494 1210 2532 orationem
1225 2493 1281 2531 sic
1302 2493 1501 2531 leniorem
1521 2492 1674 2535 reddat,
1691 2495 1737 2531 vt
1752 2495 1894 2532 tamen

303 2560 531 2598 meliorem.
591 2559 835 2608 Quanquam
867 2558 901 2596 si
935 2558 1062 2597 libeat
1089 2558 1303 2608 vtriusque
1332 2559 1524 2596 nostrum
1553 2559 1729 2596 aetatem
1750 2571 1896 2608 expen-

305 2625 410 2666 dere,
433 2624 545 2663 haud
566 2625 624 2662 ita
643 2624 825 2662 multum
848 2624 1033 2671 interest,
1054 2623 1136 2662 nisi
1162 2625 1231 2662 aut
1259 2626 1299 2662 te
1322 2625 1394 2662 aut
1412 2636 1479 2661 me
1498 2623 1607 2661 fallit
1631 2624 1895 2672 supputatio;

348 2758 420 2787 349.
449 2747 502 2779 G²z
525 2747 658 2778 scholia
678 2746 721 2778 C¹.
875 2747 1038 2786 flagitent
1056 2749 1096 2776 C:
1119 2746 1284 2786 flagitant
1300 2749 1343 2777 H.
1519 2756 1592 2785 354.
1617 2755 1689 2776 esse
1708 2744 1763 2776 0¹:
1783 2748 1834 2777 est
1852 2747 1899 2778 C2.

306 2793 380 2830 366.
404 2791 434 2822 οἱ
450 2794 493 2822 F:
520 2790 586 2829 ἐμοὶ
605 2791 634 2820 οἱ
654 2793 682 2820 C.
809 2791 882 2829 367.
911 2788 984 2821 οὔτε
1002 2790 1034 2819 0³
1050 2801 1056 2820 ε
1081 2789 1151 2820 οὐδὲ
1173 2788 1216 2820 Cl.
1343 2790 1416 2828 368.
1444 2789 1505 2819 τῶν
1522 2792 1595 2820 add.
1612 2792 1656 2820 H.
1745 2787 1824 2820 οὔτε
1837 2788 1892 2820 0²:

306 2835 376 2865 οὐδὲ
395 2835 436 2865 0¹.
581 2834 645 2864 τῶν
662 2836 737 2864 add.
755 2836 795 2863 H.
944 2832 1160 2873 ἐξωλέστερον
1178 2837 1313 2865 correxi:
1339 2832 1546 2872 ἐξολέσθερον
1564 2836 1603 2863 C:
1628 2832 1837 2872 ἐξολέστερον
1852 2835 1897 2863 Η.

306 2887 380 2916 372.
407 2878 460 2909 0⁴³:
485 2878 658 2908 leuiorem
675 2876 721 2908 0¹.

371 2980 445 3014 367.
472 2976 566 3017 ζῶον]
593 2977 642 3008 Cf.
663 2978 724 3008 Ar.
744 2980 788 3009 Pl.
808 2987 881 3016 443.

366 3028 438 3058 373.
465 3020 635 3060 aetatem]
661 3021 728 3051 For
745 3021 924 3052 Erasmus'
941 3031 1003 3061 age
1021 3030 1077 3052 sce
1095 3021 1186 3061 App.
1207 3031 1245 3056 ες
1269 3020 1323 3051 for
1340 3019 1515 3051 Budaeus'
1533 3019 1594 3058 Ep.
1616 3028 1690 3058 493.
1707 3018 1771 3057 368
1787 3029 1824 3049 n.
