2010 3417
295 171 374 209 524
761 170 1011 209 LETTERS
1049 170 1118 208 OF
1157 169 1423 208 ERASMUs
1767 168 1805 221 [1
1815 181 1837 217 5
1845 182 1860 206 1
1870 180 1890 217 7

297 281 384 319 diui
403 279 656 328 Hieronymi
682 291 814 329 opera.
875 279 994 317 Ludo
1017 279 1116 317 item
1138 278 1405 328 tragoediam,
1429 278 1627 316 Nemesin
1656 278 1894 328 Theophili,

236 364 253 392 4
259 362 275 391 5
296 346 366 383 sed
386 344 567 382 tardiore
582 344 841 383 incremento
855 343 1054 382 dramatis
1066 344 1238 382 secundi
1251 343 1380 381 finem
1393 342 1570 382 necdum
1590 343 1687 385 vidi.
1703 343 1896 394 quamuis

294 422 439 449 versus
477 409 562 447 sint
600 422 724 459 prope
757 409 1030 460 sesquimille.
1088 409 1194 447 Rem
1224 408 1501 447 mediocritati
1540 422 1656 447 meae
1692 409 1894 459 imparem

294 487 510 525 aggressus
529 488 634 522 sum,
654 477 695 513 et
726 488 851 524 quem
880 475 1040 513 exitum
1067 474 1264 513 sortitura
1292 474 1346 512 sit
1374 474 1530 513 dubito.
1604 475 1787 513 Proinde
1806 474 1896 512 eius

295 553 377 578 non
398 539 640 578 meminisse
660 540 790 578 satius
810 540 956 588 fuerat,
981 553 1032 578 ne
1058 540 1165 578 forte
1183 540 1229 578 in
1255 539 1473 589 spongiam
1493 555 1502 587 ;
1529 540 1599 578 sed
1620 553 1781 578 memor
1798 540 1895 578 fidei

295 606 410 643 datae
429 594 514 643 non
533 605 714 643 indicare
734 618 821 644 non
840 605 970 655 potui.
1043 605 1160 643 Dabo
1183 606 1297 643 enim
1319 617 1496 654 operam,
1519 606 1676 644 annuat
1695 605 1819 653 Deus,
1842 618 1895 642 ne

236 687 276 718 50
294 669 442 708 friuole
462 670 812 720 Oecolanpadium
839 670 997 709 ornarit
1021 670 1236 709 Era-smus.
1307 669 1480 708 Crebras
1504 671 1556 709 ad
1577 683 1644 708 me
1663 670 1734 709 dat
1753 670 1896 708 literas

296 735 518 784 Philippus
549 735 856 774 Melanchthon.
917 735 1088 785 Semper
1120 735 1186 774 tui
1217 735 1422 783 meminit,
1457 748 1617 785 semper
1649 736 1892 782 admiratur,

294 813 457 850 semper
485 801 768 839 commendari
797 801 877 840 tibi
905 801 1059 850 rogitat
1078 815 1087 839 ε
1107 800 1241 850 ,plane
1268 800 1541 850 dignissimus
1559 800 1724 840 Erasmi
1742 813 1894 848 amore,

294 867 366 916 qui
401 865 507 904 alter
537 866 703 906 futurus
723 869 785 905 est
821 867 1021 904 Erasmus
1054 866 1256 913 facundia,
1291 866 1472 916 ingenio,
1512 866 1754 914 eruditione,
1794 866 1893 905 vita.

296 931 340 970 Si
381 931 603 981 quisquam
650 932 968 980 Germanorum,
1021 932 1247 970 Erasmum
1292 931 1529 982 praestabit.
1617 932 1668 970 Id
1715 932 1897 970 Beatum

235 1014 274 1046 55
295 998 486 1035 nostrum
506 996 664 1036 beatius
684 998 794 1046 apud
813 999 854 1035 te
874 997 1060 1035 eiusdem
1078 997 1248 1036 nomine
1267 997 1398 1047 egisse
1423 1010 1509 1035 non
1528 996 1768 1036 dubitarim.
1829 997 1900 1035 Me

294 1075 390 1100 vero
410 1062 486 1100 hac
506 1061 681 1111 epistola
699 1075 783 1101 non
803 1062 983 1101 rhetoris
1002 1063 1074 1101 sed
1101 1062 1226 1100 amici
1244 1075 1268 1100 a
1290 1062 1384 1100 fuco
1413 1062 1537 1112 plane
1563 1062 1690 1100 alieni
1715 1062 1896 1101 officium

294 1127 435 1177 egisse,
459 1128 580 1177 teque
605 1127 714 1165 mihi
740 1141 903 1177 semper
928 1129 1185 1177 praesentem
1205 1127 1428 1175 arbitreris,
1451 1129 1513 1166 mi
1534 1128 1722 1167 Erasme.
1781 1128 1895 1175 Vale,

294 1192 451 1242 optime
478 1192 662 1241 Erasme,
695 1185 793 1235 ’ΨΝἾ
822 1194 941 1244 Πᾙζῼξζ,
972 1193 1051 1231 1100
1080 1195 1143 1231 est
1173 1206 1321 1231 corona
1349 1193 1499 1243 capitis
1527 1193 1621 1232 mei.
1680 1193 1745 1232 Ex
1774 1206 1897 1243 specu

295 1271 386 1296 meo
406 1257 601 1296 natalicio
619 1258 930 1296 Vinimontano.

234 1330 276 1362 60
348 1324 475 1362 Anno
495 1336 692 1362 M.D.XV11.
715 1337 772 1362 VI.
796 1324 996 1362 Calendas
1015 1323 1195 1373 Apriles.

721 1480 818 1520 564.
883 1479 1015 1520 FRoM
1048 1479 1240 1519 MARIAN
1272 1471 1476 1521 AccARn.

343 1581 529 1617 Deventer
548 1581 623 1616 MS.
646 1592 701 1626 91,
722 1582 746 1616 f.
769 1592 846 1625 127.
1622 1581 1804 1616 ssrussels.

344 1640 415 1674 LB.
432 1640 528 1684 App.
552 1651 629 1683 124.
1586 1650 1600 1675 1
1620 1639 1727 1685 April
1747 1647 1849 1685 1517.

295 1721 428 1795 Cf[The
457 1722 538 1797 1111ξο
567 1722 597 1751 is
624 1721 821 1752 confirmed
846 1722 892 1760 by
917 1722 979 1752 the
1003 1720 1230 1761 supposition
1253 1721 1334 1752 that
1359 1721 1527 1751 Erasmus
1551 1731 1625 1752 was
1648 1723 1684 1751 at
1711 1720 1898 1759 Antwerp.

339 1788 346 1795 .
366 1775 398 1804 p.
417 1775 512 1805 520„

647 1853 888 1883 MARIANVS
919 1852 1159 1884 ACCARDVS
1191 1852 1373 1883 ERASMO
1402 1853 1486 1883 SVO
1518 1854 1552 1884 S.

351 1934 484 1972 SAEPE
498 1935 767 1973 viricularum
780 1948 968 1972 mearum
980 1934 1239 1973 infirmitatis
1252 1935 1527 1983 conscius,vir
1539 1933 1895 1980 excellentissime,

298 2000 594 2039 mortalitatem
614 2001 698 2038 mei
719 1999 904 2038 nominis
927 2000 1156 2050 deploraui.
1224 2000 1430 2039 Videbam
1454 2014 1538 2039 non
1558 2000 1682 2038 modo
1700 2001 1795 2049 post
1813 1999 1900 2037 fata

297 2065 433 2103 Leteis
452 2065 570 2114 aquis
589 2066 745 2103 famam
766 2078 902 2103 meam
930 2065 1151 2114 submergi,
1175 2066 1247 2104 sed
1274 2067 1314 2104 et
1339 2066 1524 2105 viuentis
1542 2079 1697 2104 nomen
1716 2064 1900 2104 tenebris

295 2131 459 2169 inuolui
478 2144 523 2168 ae
536 2131 705 2180 penitus
720 2130 925 2169 incelebre
946 2130 1186 2169 oblitterari.
1261 2131 1476 2170 Caeterum
1492 2134 1539 2170 tu
1555 2132 1686 2169 famae
1706 2130 1821 2169 filius
1840 2129 1899 2168 iu-

259 2213 275 2243 5
295 2199 384 2234 stae
412 2196 687 2245 deplorationi
716 2209 830 2234 meae
861 2196 1054 2243 consulis,
1086 2196 1159 2246 qui
1178 2196 1291 2234 binis
1305 2197 1460 2235 litteris
1475 2197 1559 2236 tuis
1577 2196 1713 2235 inuita
1731 2208 1900 2246 prorsus

297 2261 485 2300 Minerua
513 2261 689 2311 fatisque
718 2262 959 2300 nolentibus
987 2261 1095 2299 mihi
1118 2261 1449 2301 immortalitatis
1476 2261 1667 2314 (munus)
1695 2261 1895 2300 infundis.

297 2327 404 2365 Nam
435 2327 471 2365 si
501 2327 654 2376 scripta
688 2329 769 2373 tua.
802 2340 904 2376 quae
932 2329 1114 2365 mortem
1148 2327 1348 2376 nesciunt⁷
1380 2327 1463 2366 mei
1494 2327 1778 2375 meminerint,
1807 2326 1899 2376 quis

339 2434 415 2464 563.
435 2445 488 2473 45.
507 2435 703 2473 drasmatis
715 2438 788 2466 MS.
888 2445 941 2474 50.
961 2438 1011 2466 E:
1034 2435 1060 2466 C
1075 2436 1263 2476 oolapadiu
1273 2439 1341 2467 MS.
1428 2447 1480 2476 51.
1502 2439 1549 2467 E:
1567 2435 1813 2467 Melanchilon
1825 2437 1896 2465 MS.

297 2488 348 2516 53.
376 2478 547 2509 Erasmus
562 2481 631 2509 MS.
649 2490 656 2509 z
680 2479 859 2517 Erasmus,
879 2481 908 2510 si
925 2482 973 2510 E:
1000 2480 1178 2510 Erasmus.
1226 2480 1366 2519 Quique
1381 2483 1417 2511 F.
1537 2503 1546 2520 ,
1565 2480 1652 2520 vita,
1671 2480 1702 2510 si
1717 2482 1770 2509 E:
1794 2502 1802 2519 ,
1821 2478 1897 2521 vita

297 2523 326 2551 si
344 2525 379 2552 F.
505 2531 557 2560 55.
586 2523 735 2553 nomine
752 2525 800 2552 E:
828 2523 974 2554 nomine
992 2523 1088 2563 apud
1104 2525 1139 2554 te
1155 2525 1225 2555 ΜΞ.
1345 2525 1398 2563 56.
1422 2523 1534 2555 officio
1549 2527 1587 2555 E.
1715 2523 1767 2562 58.
1800 2523 1898 2565 '2287

376 2597 382 2603 .
415 2575 469 2603 est
497 2576 569 2603 aclcl.
599 2576 637 2605 E.
685 2577 727 2604 In
759 2576 855 2604 codice
886 2578 990 2605 tamen
1020 2577 1160 2611 spatium
1190 2578 1314 2612 reliquit
1339 2579 1558 2615 (amanuensis,
1587 2578 1745 2605 nimirum
1774 2578 1898 2614 linquae

298 2619 470 2647 Hebraicae
485 2620 662 2654 imperitus.
799 2627 849 2656 59.
878 2628 956 2649 meo
973 2620 1042 2649 ΜΞ.
1062 2630 1068 2648 :
1092 2620 1214 2649 nostro
1229 2621 1268 2649 E.
1403 2620 1456 2650 60.
1480 2620 1587 2650 Anno
1605 2643 1613 2650 .
1632 2642 1639 2649 .
1659 2643 1666 2649 .
1687 2619 1832 2659 Apriles
1846 2622 1896 2650 E:

301 2669 382 2699 1517
400 2661 478 2691 Kal.
499 2661 637 2700 Aprilis
651 2661 708 2691 &c.
728 2664 796 2693 MS.
913 2662 987 2692 564.
1017 2671 1046 2701 5.
1078 2662 1209 2692 inuitis
1225 2665 1292 2693 MS.
1309 2675 1315 2693 :
1339 2673 1414 2693 corr.
1434 2664 1497 2693 LB.
1625 2664 1658 2694 6.
1683 2663 1898 2694 immortali·
1948 2701 1952 2704 ῃ

298 2705 383 2733 tatis
399 2707 479 2743 MS„
498 2714 591 2740 super
607 2705 884 2736 immortalitate
900 2708 1049 2742 scriptum
1063 2718 1068 2736 :
1092 2708 1146 2736 hoc
1160 2708 1292 2736 restituit
1306 2709 1369 2738 LB.

342 2846 415 2875 563.
432 2857 482 2884 44.
500 2847 684 2886 Nemesin]
699 2848 785 2878 This
796 2848 878 2878 does
890 2851 952 2879 not
965 2858 1060 2879 seem
1172 2859 1225 2888 50.
1253 2849 1391 2891 literas]
1419 2851 1490 2881 Not
1507 2851 1545 2881 in
1563 2850 1638 2881 ME.

299 2891 334 2917 to
351 2891 502 2919 survive.
533 2891 564 2921 J.
580 2891 601 2921 J
605 2915 611 2921 .
628 2891 776 2931 Herzog,
791 2894 887 2922 Leben
902 2895 1061 2923 Johcmnes
1173 2903 1227 2932 54.
1252 2893 1420 2933 Beatum]
1440 2894 1491 2925 Cf.
1511 2894 1573 2934 Ep.
1592 2895 1665 2933 556.
1686 2904 1739 2931 40.

301 2934 529 2971 Oelcolampacls,
549 2933 662 2971 Basle,
686 2935 778 2973 1843,
795 2935 815 2971 i,
835 2945 868 2974 p.
890 2945 960 2975 123,
981 2946 1058 2975 sug-
1171 2938 1224 2967 60.
1250 2937 1303 2977 vr]
1328 2938 1386 2967 An
1410 2938 1581 2968 omission
1604 2938 1652 2977 by
1671 2937 1733 2967 the
1757 2937 1894 2976 copyist

298 2977 391 3011 gests
408 2976 485 3005 that
500 2976 790 3016 Oecolampadius
806 2988 876 3009 was
888 2979 1060 3019 thinking
1129 2980 1159 3010 is
1174 2990 1270 3011 more
1287 2980 1398 3020 likely
1415 2981 1506 3011 than
1522 2990 1569 3012 an
1591 2981 1755 3012 addition
1771 2981 1818 3020 by
1834 2980 1896 3011 the

301 3018 339 3046 uf
352 3018 408 3046 his
425 3028 503 3048 own
520 3020 796 3051 Γ’110111115111110493
813 3033 820 3059 ;
844 3022 887 3051 cf.
908 3023 931 3052 1.
950 3024 971 3053 8
988 3032 1059 3061 seq.
1128 3025 1275 3062 printer.
