2010 3417
143 177 239 232 586]
514 178 586 216 ΤΟ
624 177 740 216 THE
780 176 975 216 DUKES
1013 176 1082 214 OF
1120 175 1353 215 SAXONY
1652 175 1731 213 585

140 300 315 336 summa,
337 288 385 325 vt
410 300 484 337 par
506 289 580 334 est,
606 286 812 336 religione,
841 285 958 324 nullo
983 285 1184 324 mercedis
1203 285 1454 332 interuentu,
1479 285 1624 323 darent
1643 283 1732 322 orbi

141 353 371 402 principem
415 366 539 403 quem
583 353 738 391 scirent
768 352 891 390 rebus
925 351 1122 390 humanis
1154 351 1335 389 maxime
1372 350 1458 388 fore
1496 349 1731 388 salutarem.

141 418 308 456 Etenim
346 418 382 456 si
410 420 472 456 tot
501 417 662 467 legibus
694 416 989 455 minacissimis
1019 417 1186 454 cautum
1216 418 1279 454 est
1308 429 1359 453 ne
1392 415 1519 453 abbas
1550 417 1622 453 aut
1650 413 1732 464 epi-

141 496 288 533 scopus
322 483 497 533 eligatur
525 483 592 521 vel
630 483 825 532 pecuniae
852 482 921 520 vel
951 481 1232 531 cuiuscunque
1261 480 1422 519 sinistri
1450 480 1622 518 affectus
1651 492 1732 517 cor-

141 549 313 597 ruptela,
337 550 492 598 quanta
521 549 681 598 oportet
705 560 794 586 esse
828 546 1066 596 integritate
1095 546 1166 596 qui
1191 546 1278 584 suis
1304 545 1473 584 calculis
1502 544 1733 595 principem

142 614 244 652 dant
271 614 359 651 tam
384 613 467 651 late
492 615 761 662 regnaturum
777 614 797 650 ⁶?
851 612 1024 661 Alioqui
1050 612 1170 661 longe
1195 610 1486 661 praestabilius
1510 611 1597 648 erat
1620 609 1734 648 nasci

141 677 373 727 principem
411 690 537 727 quam
574 690 648 728 per
685 677 958 727 corruptelam
1004 676 1112 726 eligi.
1171 677 1282 726 Ergo
1318 678 1366 715 vt
1397 675 1498 714 boni
1535 674 1639 713 ciuis
1671 676 1734 712 est

141 745 403 794 praesentem
436 742 683 793 reipublicae
711 744 867 781 statum
901 742 1013 780 nolle
1040 742 1205 788 mutari,
1237 741 1295 779 ita
1319 740 1419 779 boni
1446 739 1645 790 principis
1671 741 1734 778 est

142 808 194 846 iis
209 807 370 857 legibus
389 807 540 858 quibus
559 808 737 858 suscepit
761 807 1052 846 administrare
1071 807 1361 857 principatum.

195 873 266 911 An
292 874 416 911 vetus
441 873 547 911 illud
572 872 796 922 imperium
816 871 936 922 quale
961 872 1042 910 fuit
1068 872 1169 910 olim
1197 870 1487 910 renouandum
1506 871 1561 908 sit
1581 869 1729 908 nescio.

142 937 348 987 Equidem
375 951 459 975 non
481 937 657 976 arbitror
677 950 913 988 quenquam
933 950 1020 976 esse
1048 937 1262 976 cordatum
1282 936 1419 974 virum
1442 935 1513 985 qui
1537 935 1578 973 id
1607 936 1732 984 optet,

143 1004 269 1042 etiam
282 1003 318 1041 si
329 1003 441 1041 votis
452 1002 571 1041 liceat
584 1003 820 1050 restituere;
841 1005 1006 1041 tantum
1021 1003 1136 1040 abest
1149 1004 1195 1040 vt
1209 1002 1317 1051 quod
1330 1001 1413 1039 iam
1426 999 1572 1038 multis
1585 998 1736 1037 seculis

142 1067 325 1106 maxima
342 1081 391 1106 ex
410 1070 526 1118 parte
548 1068 603 1106 sit
625 1067 889 1118 antiquatum
912 1068 1234 1117 extinctumque,
1258 1079 1409 1116 magno
1435 1078 1575 1104 rerum
1593 1065 1736 1102 huma-

143 1146 293 1171 narum
312 1133 500 1171 tumultu
516 1146 762 1183 summaque
782 1133 1012 1172 Christiani
1030 1132 1248 1180 sanguinis
1267 1132 1423 1170 iactura
1437 1130 1736 1169 vindicandum

143 1212 188 1237 ac
217 1198 495 1237 reuocandum
523 1199 736 1238 videatur:
778 1199 998 1248 presertim
1028 1212 1123 1237 cum
1151 1197 1261 1236 inter
1289 1197 1477 1235 ethnicos
1504 1196 1630 1233 etiam
1659 1195 1736 1232 hoc

143 1264 285 1302 animo
314 1266 500 1313 repertus
528 1264 582 1301 sit
612 1264 731 1310 Otho,
759 1266 804 1302 vt
832 1263 972 1313 potius
1001 1263 1165 1302 duxerit
1193 1265 1427 1313 spontanea'
1445 1263 1578 1300 morte
1603 1260 1737 1298 vitam

143 1329 387 1378 abrumpere
416 1342 542 1378 quam
570 1329 794 1378 imperium
822 1331 884 1367 tot
911 1329 1132 1366 hominum
1156 1328 1244 1366 vita
1272 1327 1467 1374 mercari3
1505 1326 1570 1364 vir
1590 1325 1657 1363 vel
1686 1324 1737 1362 ob

145 1394 220 1432 hoc
239 1393 377 1443 ipsum
404 1394 557 1443 dignus
576 1393 761 1442 imperio,
785 1393 823 1431 si
840 1393 1007 1431 fortuna
1025 1393 1175 1431 virtuti
1194 1393 1361 1431 faueret.
1419 1393 1489 1430 An
1509 1403 1657 1440 parum
1676 1391 1739 1427 est

144 1472 269 1498 suum
288 1472 479 1509 quanque
498 1458 711 1509 regionem
729 1458 879 1496 habere
899 1458 1128 1506 dominum,
1147 1458 1229 1495 nisi
1243 1457 1430 1506 singulae
1449 1468 1590 1494 rursus
1609 1454 1739 1493 alium

145 1523 348 1562 haberent
376 1523 604 1571 dominum,
628 1524 915 1573 conduplicata
939 1523 1082 1573 populi
1110 1523 1325 1570 seruitute,
1344 1522 1380 1560 si
1408 1534 1573 1560 summa
1600 1533 1737 1558 rerum

144 1590 337 1628 inciderit
367 1590 412 1627 in
437 1589 670 1639 principem
703 1589 976 1639 improbum?
1032 1589 1118 1626 Nec
1151 1588 1227 1626 hec
1256 1588 1429 1626 dixerim
1456 1586 1565 1636 quod
1589 1598 1737 1636 negem

147 1655 354 1704 optimum
373 1667 462 1693 esse
473 1653 720 1703 reipublicae
746 1656 903 1692 statum
926 1653 1223 1699 monarchiam,
1246 1653 1283 1690 si
1303 1651 1425 1690 modo
1452 1652 1488 1689 is
1513 1651 1564 1689 ad
1584 1649 1739 1689 aeterni

147 1719 336 1758 numinis
363 1720 602 1768 exemplum
631 1720 834 1767 quantum
863 1719 1048 1767 potentia
1077 1718 1222 1756 ceteris
1250 1716 1472 1764 antecellit,
1493 1716 1739 1754 tantundem

146 1785 287 1823 vincat
312 1786 353 1822 et
378 1783 564 1822 bonitate
584 1784 892 1833 sapientiaque:
922 1783 992 1821 sed
1011 1783 1164 1832 partim
1184 1783 1301 1832 quod,
1325 1785 1370 1820 vt
1392 1783 1491 1820 sunt
1518 1781 1739 1820 hominum

146 1848 326 1899 ingenia,
349 1849 459 1887 haud
479 1848 564 1886 scio
583 1861 636 1886 an
656 1848 898 1886 huiusmodi
924 1848 1131 1898 quispiam
1157 1849 1288 1897 possit
1314 1847 1562 1896 contingere,
1585 1846 1739 1896 partim

148 1914 257 1964 quod
286 1913 450 1952 etiamsi
477 1914 657 1951 maxime
687 1913 910 1964 contingat,
944 1926 1029 1951 non
1057 1912 1239 1951 arbitror
1267 1925 1455 1962 capacem
1484 1925 1572 1950 esse
1601 1913 1739 1949 tantae

149 1979 321 2017 ditionis
348 1979 473 2018 vnius
500 1979 690 2017 mortalis
718 1980 917 2017 animum.
977 1979 1158 2016 Demum
1185 1980 1231 2016 vt
1259 1978 1326 2025 sit,
1360 1976 1522 2026 quando
1551 1977 1740 2027 princeps

148 2047 235 2082 tam
258 2044 401 2094 procul
425 2057 562 2093 agens,
586 2046 687 2093 puta
706 2043 1078 2093 Constantinopoli,
1100 2044 1318 2092 cognoscet
1344 2042 1443 2092 quid
1469 2044 1613 2091 agatur
1631 2041 1739 2092 apud

149 2109 376 2158 Aethiopas
401 2112 473 2147 aut
501 2110 708 2158 Gangen?
745 2111 786 2146 et
808 2109 843 2147 si
866 2109 1116 2158 cognouerit,
1142 2108 1306 2158 quando
1332 2107 1473 2146 mittet
1497 2107 1740 2157 suppetias?

149 2174 320 2213 Etenim
367 2174 439 2224 qui
474 2174 747 2222 vectigalibus
783 2173 995 2223 exigendis
1035 2175 1201 2212 tantum
1238 2172 1324 2223 agit
1360 2172 1665 2222 imperatorem,
1706 2171 1741 2209 is

151 2239 318 2290 quiduis
354 2241 417 2277 est
454 2240 592 2289 potius
631 2251 754 2288 quam
792 2239 1027 2288 imperator.
1086 2238 1180 2276 Non
1217 2237 1443 2276 admodum
1481 2235 1740 2286 desyderabit

151 2304 261 2343 orbis
285 2304 564 2350 monarcham,
587 2303 623 2341 si
643 2303 902 2342 Christianos
920 2303 1125 2353 principes
1144 2302 1255 2341 inter
1277 2315 1320 2340 se
1346 2302 1490 2351 iunget
1513 2300 1737 2339 concordia.

151 2370 287 2407 Verus
304 2372 347 2407 et
366 2369 512 2407 vnicus
532 2369 643 2406 orbis
663 2368 888 2406 monarcha
908 2368 1096 2406 Christus
1115 2369 1187 2415 est,
1209 2367 1253 2405 in
1273 2368 1388 2405 cuius
1407 2366 1539 2404 edicta
1557 2365 1593 2404 si
1612 2364 1742 2404 nostri

153 2434 359 2484 principes
389 2434 685 2481 consenserint,
723 2434 800 2472 sub
834 2446 916 2471 vno
945 2433 1129 2483 principe
1162 2446 1256 2470 vere
1289 2432 1496 2470 florebunt
1526 2431 1741 2469 vniuersa:

153 2500 217 2537 sin
243 2499 440 2537 humanis
466 2498 762 2548 cupiditatibus
789 2511 854 2536 res
879 2500 1084 2547 gerentur,
1107 2499 1272 2535 aeterna
1296 2509 1434 2534 rerum
1460 2495 1742 2534 vicissitudine

154 2577 316 2613 semper
351 2563 646 2602 fiuctuabimus
684 2563 1021 2612 iactabimurque.
1083 2562 1137 2599 Et
1173 2565 1315 2601 tamen
1354 2561 1580 2598 maximam
1618 2559 1742 2598 huius

1754 356 1816 378 200

1754 682 1813 713 205

1756 1009 1817 1030 210

1760 1662 1820 1683 220

1761 1987 1820 2018 225

1763 2312 1824 2341 230

154 2628 363 2668 felicitatis
380 2631 541 2678 partem
561 2628 642 2677 ipsi
660 2628 780 2666 nobis
797 2629 979 2677 prestare
997 2640 1227 2677 possumus,
1251 2627 1286 2664 si
1306 2625 1576 2664 concordibus
1593 2624 1744 2663 studiis
1763 2636 1824 2669 235

154 2695 203 2733 ad
230 2694 273 2732 id
304 2694 412 2743 quod
437 2706 511 2742 per
536 2704 580 2730 se
609 2693 813 2742 optimum
838 2695 900 2731 est
927 2693 1235 2731 contendamus.
1291 2692 1431 2740 Atque
1460 2703 1533 2740 ego
1561 2703 1660 2728 sane
1686 2689 1744 2728 ita

156 2761 325 2798 demum
345 2758 521 2796 arbitror
536 2757 674 2795 felices
688 2757 775 2796 fore
789 2757 1050 2807 respublicas,
1067 2757 1103 2794 si
1117 2756 1324 2806 principes
1338 2757 1478 2794 sancte
1494 2754 1742 2793 Christiane-

200 2861 275 2890 213.
298 2849 463 2880 videatur
477 2860 500 2888 ’γ
515 2861 522 2880 :
551 2849 697 2880 videtur
711 2861 741 2880 α.
874 2858 947 2887 215.
975 2849 1018 2879 ob
1035 2851 1107 2879 (cdd.
1123 2846 1170 2879 αἳ.
1303 2857 1376 2886 217.
1402 2856 1506 2877 suum
1522 2857 1588 2886 αγε
1612 2850 1677 2877 sua
1693 2846 1739 2881 8².

157 2898 201 2929 B:
232 2894 366 2934 singuli
389 2904 420 2924 α.
576 2894 649 2924 218.
679 2892 734 2922 12²:
764 2889 1001 2923 ser11itate'a1.
1130 2892 1159 2921 si
1184 2915 1191 2922 .
1221 2915 1227 2921 .
1256 2915 1262 2922 .
1289 2901 1362 2930 219.
1387 2890 1588 2930 improbum
1610 2892 1687 2921 add.
1708 2901 1742 2929 γ.

158 2949 232 2969 221.
266 2945 322 2967 <1³2
351 2936 497 2976 potenia
522 2936 566 2967 α’.
728 2945 801 2974 224.
836 2945 910 2966 non
932 2946 974 2965 a:
1004 2937 1064 2965 vix
1087 2947 1121 2974 γ.
1282 2943 1356 2973 225.
1388 2933 1541 2964 Demum
1566 2957 1573 2964 .
1600 2957 1608 2964 .
1637 2957 1644 2963 .
1668 2943 1742 2971 227.

157 2981 338 3020 suppetias
355 2982 428 3010 add.
443 2990 475 3019 7.
587 2989 661 3019 229.
687 2979 879 3010 admodum
895 2981 969 3009 add.
988 2991 1019 3018 7.
1110 2978 1143 3008 α2
1158 2989 1166 3008 z
1190 2978 1422 3017 desyderabat
1437 2976 1479 3007 αἱ.
1590 2986 1664 3015 230.
1687 2976 1720 3006 α2
1737 2987 1745 3006 z

160 3024 390 3055 monercham
406 3023 448 3053 a².
584 3033 657 3062 231.
681 3024 736 3052 α“-’;
761 3022 933 3053 monacha
949 3021 993 3052 αἲ.
