2010 3417
136 167 234 222 456]
619 169 690 208 ΤΟ
734 168 936 209 HENRY
975 169 1241 210 BULLOCK
1645 171 1725 209 325

136 278 260 318 dorus
281 279 389 318 Gaza
409 292 561 317 nouam
584 278 836 317 aeditionem
852 278 1134 329 produxerunt
1149 281 1169 318 ‘?
1198 279 1310 317 Num
1326 278 1415 317 ideo
1431 279 1726 329 supprimenda

136 346 208 383 aut
228 344 432 383 abolenda
460 343 696 383 censebitur
723 344 874 382 horum
894 344 1190 394 interpretatio,
1214 357 1265 382 ne
1295 344 1525 394 superiores
1551 345 1616 383 illi
1634 345 1726 384 Ari-

138 410 324 448 stotelice
357 409 648 459 philosophiae
690 409 944 459 professores
986 410 1188 458 quaedam
1236 410 1446 459 ignorasse
1479 410 1728 449 videantur?

138 475 250 514 Num
281 488 327 514 ea
360 487 425 513 res
457 474 714 513 Gulielmum
745 474 905 524 Oopum
935 487 959 513 a
988 474 1197 513 vertendis
1226 475 1374 513 Galeni
1404 477 1444 513 et
1478 474 1726 526 Hypocratis
1751 491 1811 513 110

136 540 421 579 voluminibus
436 541 623 588 deterret,
647 553 700 578 ne
720 540 902 578 mundus
917 539 1126 589 intelligat
1146 541 1374 590 superiores
1394 541 1575 580 medicos
1594 541 1729 580 multa

136 619 353 657 perperam
373 605 664 655 interpretatos
682 606 703 643 ἱ)

192 671 352 710 Dixerit
381 670 546 721 aliquis,
566 670 619 709 In
647 669 843 708 humanis
874 669 1106 719 disciplinis
1132 670 1320 719 expedit3
1352 670 1396 708 in
1427 670 1582 710 diuinis
1610 669 1728 710 libris

139 737 250 775 idem
275 736 429 787 passim
459 738 500 774 et
530 748 553 774 a
578 734 831 786 quibuslibet
857 735 945 772 fieri
971 748 1095 784 graue
1121 735 1351 785 periculum
1381 738 1454 774 est.
1514 736 1728 786 Principio

137 815 212 841 nec
237 801 393 851 passim
421 803 553 849 muto,
572 813 671 839 nam
696 812 860 838 summa
880 802 1069 842 constat:
1112 801 1161 838 de
1189 799 1291 838 locis
1314 801 1435 838 modo
1462 800 1620 850 aliquot
1650 801 1728 840 dis·
1752 817 1809 849 115

137 867 314 917 ceptatio
333 869 407 905 est.
478 866 562 904 Nec
591 864 762 904 omnino
790 865 946 915 opinor,
970 866 1078 903 certe
1099 865 1205 914 quod
1226 865 1277 903 ad
1297 865 1403 903 hanc
1428 878 1515 903 rem
1534 865 1723 915 pertinet,

139 933 190 971 de
224 932 363 970 media
381 931 501 982 plebe
521 931 751 969 censendus
770 943 876 969 sum.
926 929 1108 969 Ostendo
1135 930 1237 968 locis
1263 929 1422 980 aliquot
1450 931 1614 980 lapsum
1641 943 1727 969 esse

141 998 366 1043 Hilarium,
390 997 555 1047 lapsum
574 996 873 1046 Augustinum,
896 996 1058 1046 lapsum
1078 995 1310 1042 Thomam;
1339 995 1464 1045 idque
1482 996 1598 1045 facio,
1621 995 1726 1034 sicut

139 1065 310 1114 oportet,
333 1064 569 1101 reuerenter
594 1062 776 1112 citraque
804 1061 1125 1099 contumeliam:
1152 1061 1252 1099 adeo
1281 1062 1329 1099 vt
1355 1061 1390 1099 si
1418 1061 1608 1100 viuerent
1636 1061 1727 1111 ipsi,

139 1129 245 1168 mihi
266 1128 542 1178 qualicunque
562 1126 619 1165 sic
639 1126 878 1165 admonenti
897 1126 1073 1176 gratiam
1092 1126 1275 1164 habituri
1295 1126 1391 1164 sint.
1431 1126 1595 1165 Summi
1615 1128 1730 1165 erant
1750 1144 1812 1166 120

139 1193 341 1242 homines,
378 1193 449 1231 sed
482 1194 623 1230 tamen
661 1192 853 1230 homines
882 1194 1011 1230 erant.
1087 1191 1383 1229 Demonstrent
1421 1191 1491 1230 isti
1524 1204 1594 1230 eos
1622 1194 1731 1230 recte

138 1259 328 1307 sensisse,
358 1260 399 1296 et
433 1270 526 1295 mea
555 1255 745 1295 refellant
776 1256 1043 1307 argumentis,
1067 1269 1153 1294 non
1186 1256 1382 1294 conuiciis
1398 1271 1407 1304 ;
1450 1259 1491 1294 et
1520 1257 1629 1306 apud
1662 1269 1731 1294 me

139 1337 332 1374 magnam
362 1322 536 1361 inierint
562 1322 751 1372 gratiam.
812 1322 892 1370 Qui
912 1321 1106 1373 quicquid
1126 1322 1237 1371 Lyra
1266 1321 1475 1371 scripserit
1495 1321 1651 1360 oraculi
1670 1321 1729 1359 in-

138 1392 224 1429 star
242 1388 384 1427 haberi
412 1388 572 1435 volunt,
595 1387 790 1426 tueantur
809 1387 931 1426 illum
955 1387 1000 1425 in
1019 1387 1070 1425 iis
1090 1387 1190 1425 locis
1209 1387 1254 1425 in
1274 1386 1424 1436 quibus
1444 1386 1494 1425 ab
1515 1401 1560 1425 eo
1575 1386 1731 1425 dissen-

139 1455 210 1494 tio.
243 1454 351 1492 Nam
370 1454 417 1491 in
437 1452 617 1502 Hugone
637 1465 804 1503 querere
817 1453 926 1502 quod
941 1453 1217 1502 reprehendas
1230 1452 1527 1491 stultissimum
1539 1452 1726 1491 arbitror.
1751 1468 1808 1500 125

139 1520 324 1559 Paucula
353 1521 519 1558 tantum
556 1517 763 1566 annotaui,
800 1518 870 1557 sed
909 1518 1127 1568 insigniter
1159 1518 1365 1566 absurda;
1407 1530 1487 1568 quo
1526 1517 1729 1556 nimirum

140 1585 342 1625 cautiores
361 1583 577 1623 redderem
596 1596 666 1622 eos
685 1583 756 1633 qui
769 1583 1009 1622 huiusmodi
1027 1583 1245 1634 scriptores
1259 1596 1422 1622 summa
1434 1583 1594 1632 fiducia,
1609 1582 1726 1621 nullo

139 1649 306 1698 iudicio,
326 1650 481 1699 legunt.

196 1715 250 1753 Et
269 1717 408 1753 tamen
428 1714 500 1764 qui
519 1714 759 1752 huiusmodi
778 1714 972 1752 tribuunt
999 1713 1151 1762 omnia,
1182 1713 1406 1752 defendant
1425 1725 1521 1751 suos
1539 1712 1725 1760 amasios,

141 1781 314 1819 doceant
332 1792 409 1817 nos
435 1778 726 1824 hallucinatos,
746 1778 841 1817 illos
869 1778 1055 1828 attigisse
1084 1792 1265 1828 scopum.
1339 1778 1419 1817 Sed
1442 1777 1664 1827 indignum
1687 1790 1729 1816 se
1752 1792 1814 1823 130

140 1845 324 1884 iudicant
357 1844 409 1883 ad
436 1844 537 1882 istas
575 1844 942 1893 grammaticorum
966 1843 1168 1882 minutias
1207 1843 1450 1882 descendere
1466 1856 1477 1891 ;
1523 1843 1582 1881 sic
1614 1842 1726 1881 enim

140 1923 284 1950 vocare
315 1909 449 1948 solent
478 1922 548 1947 eos
581 1908 652 1959 qui
683 1908 811 1947 bonas
842 1909 1021 1947 didicere
1050 1909 1200 1956 literas,
1231 1911 1348 1947 atrox
1379 1920 1466 1947 esse
1494 1908 1729 1947 conuicium

141 1975 429 2015 existimantes
455 1973 715 2024 grammatici
734 1986 962 2024 cognomen
986 1989 995 2022 3
1024 1974 1141 2024 quasi
1159 1987 1255 2012 vero
1274 1973 1388 2012 laudi
1406 1974 1654 2012 vertendum
1672 1974 1729 2012 sit

146 2041 340 2090 theologo
370 2041 406 2078 si
431 2040 730 2090 grammaticen
758 2039 924 2077 nesciat.
979 2039 1074 2077 Non
1102 2039 1199 2077 facit
1221 2039 1462 2090 theologum
1485 2039 1571 2078 sola
1597 2051 1726 2088 gram-

143 2105 316 2146 maticae
348 2105 539 2155 cognitio.
587 2105 646 2143 At
670 2104 802 2143 multo
831 2105 972 2142 minus
999 2104 1239 2154 theologum
1265 2105 1363 2143 facit
1386 2104 1575 2154 ignorata
1597 2116 1724 2154 gram-
1752 2117 1810 2149 135

141 2171 312 2211 matica:
356 2173 465 2210 certe
484 2170 677 2208 conducit
696 2170 746 2208 ad
772 2170 1001 2220 theologiae
1026 2169 1305 2220 cognitionem
1327 2169 1452 2208 huius
1481 2169 1722 2218 disciplinae

141 2237 300 2288 peritia,
331 2235 456 2274 officit
482 2235 699 2285 imperitia.
767 2235 910 2285 Neque
940 2235 1084 2284 negari
1114 2237 1248 2285 potest
1274 2235 1595 2283 Hieronymum,
1624 2234 1725 2272 Am-

142 2302 339 2350 brosium,
361 2300 661 2351 Augustinum,
686 2313 859 2350 quorum
877 2300 1098 2339 autoritate
1116 2300 1381 2350 potissimum
1406 2313 1472 2338 res
1498 2298 1725 2348 theologica

143 2367 303 2415 nititur,
335 2379 386 2405 ex
413 2366 491 2405 hoc
521 2365 886 2416 grammaticorum
925 2365 1066 2404 ordine
1097 2365 1236 2404 fuisse.
1312 2364 1653 2414 Quandoquidem
1684 2363 1725 2401 id

142 2431 342 2481 temporis
364 2444 438 2469 nec
457 2430 704 2470 Aristoteles
728 2431 960 2469 etiamnum
985 2430 1030 2468 in
1057 2430 1343 2479 theologorum
1371 2429 1533 2468 scholas
1559 2430 1647 2467 erat
1672 2441 1728 2466 re·
1755 2444 1815 2475 140

144 2499 297 2546 ceptus,
330 2498 371 2534 et
400 2496 499 2534 haec
528 2496 790 2546 philosophia
817 2509 898 2546 qua
929 2509 1040 2534 nunc
1069 2496 1114 2533 in
1141 2495 1295 2534 scholis
1323 2497 1510 2542 vtuntur,
1541 2493 1730 2531 nondum

144 2563 231 2600 erat
251 2562 357 2599 nata.
414 2561 661 2609 Quanquam
681 2561 861 2599 modesti
879 2560 1063 2599 hominis
1082 2562 1144 2598 est
1164 2573 1188 2598 a
1207 2573 1452 2609 quocunque
1470 2558 1648 2596 libenter
1665 2558 1729 2597 ad·

145 2626 315 2665 moneri.
376 2626 505 2664 cecus
523 2626 586 2663 vti
600 2626 635 2663 si
653 2627 859 2664 monstret
879 2626 967 2674 iter,
986 2627 1128 2664 tamen
1148 2625 1291 2674 aspice,
1313 2623 1448 2673 inquit
1468 2623 1647 2661 Flaccus.

191 2749 262 2778 116.
290 2747 360 2777 Nec
376 2749 420 2777 F:
447 2745 544 2777 Haec
560 2748 597 2777 Β.
714 2755 784 2777 122.
811 2747 846 2776 et
862 2754 942 2776 mea
957 2747 1004 2775 B:
1030 2754 1179 2783 meaque
1196 2747 1240 2775 F:
1267 2753 1396 2783 meque
1412 2745 1452 2775 N.
1568 2753 1628 2783 123
1660 2743 1727 2785 Ly-

146 2801 255 2823 ranus
270 2793 307 2822 F.
444 2799 515 2829 124.
540 2790 586 2819 iis
601 2791 647 2819 B:
674 2788 749 2819 illis
764 2791 807 2818 H.
963 2797 1035 2828 132.
1061 2797 1120 2818 eos
1139 2790 1213 2818 add.
1230 2789 1273 2819 H.

146 2933 291 2974 leading
329 2933 537 2964 Florentino
575 2930 779 2962 humanists
798 2940 806 2968 ;
851 2939 909 2961 see
1028 2937 1099 2967 123.
1122 2927 1230 2969 Lyra]
1256 2927 1308 2959 Cf.
1328 2927 1392 2968 Ep.
1415 2928 1484 2959 182.
1508 2928 1568 2959 116
1581 2938 1617 2961 n.

145 2979 251 3018 Voigt
266 2976 338 3008 and
355 2974 527 3015 Legrand.
1026 2980 1096 3010 125.
1119 2970 1286 3012 Hugone]
1311 2971 1361 3002 Cf.
1380 2971 1443 3011 Ep.
1461 2981 1538 3011 347.
1554 2972 1598 3012 96
1614 2981 1645 3003 n.

194 3031 266 3053 110.
293 3018 447 3060 Copum]
472 3019 523 3051 Cf.
542 3018 605 3058 Ep.
627 3027 699 3057 124.
719 3018 758 3047 16
771 3026 806 3049 n.
1027 3025 1096 3055 143.
1123 3014 1248 3056 Ceeus]
1274 3015 1326 3047 Cf.
1344 3014 1431 3046 Hor.
1450 3017 1510 3053 Ep.
1531 3025 1559 3047 1.
1579 3025 1628 3055 17.
1643 3025 1718 3056 3,4.
