<?xml version="1.0" encoding="UTF-8"?>
<!DOCTYPE html PUBLIC "-//W3C//DTD XHTML 1.0 Transitional//EN"
    "http://www.w3.org/TR/xhtml1/DTD/xhtml1-transitional.dtd">
<html xmlns="http://www.w3.org/1999/xhtml" xml:lang="en" lang="en">
 <head>
  <title>
</title>
<meta http-equiv="Content-Type" content="text/html;charset=utf-8" />
  <meta name='ocr-system' content='tesseract 3.04.00' />
  <meta name='ocr-capabilities' content='ocr_page ocr_carea ocr_par ocr_line ocrx_word'/>
</head>
<body>
  <div class='ocr_page' id='page_1' title='image "./opusepistolarumd02erasuoft/opusepistolarumd02erasuoft_0556.png"; bbox 0 0 2010 3417; ppageno 0'>
   <div class='ocr_carea' id='block_1_1' title="bbox 293 173 1892 229">
    <p class='ocr_par' dir='ltr' id='par_1_1' title="bbox 293 173 1892 229">
     <span class='ocr_line' id='line_1_1' title="bbox 293 173 1892 229; baseline -0.002 -13"><span class='ocrx_word' id='word_1_1' title='bbox 293 180 374 217; x_wconf 81' lang='lat'>528</span> <span class='ocrx_word' id='word_1_2' title='bbox 760 175 1014 214; x_wconf 77' lang='lat' dir='ltr'><strong>LETTERS</strong></span> <span class='ocrx_word' id='word_1_3' title='bbox 1049 175 1121 214; x_wconf 75' lang='lat' dir='ltr'>or</span> <span class='ocrx_word' id='word_1_4' title='bbox 1158 176 1427 215; x_wconf 77' lang='lat' dir='ltr'>ERAsMus</span> <span class='ocrx_word' id='word_1_5' title='bbox 1769 173 1892 229; x_wconf 88' lang='lat'><strong>[1517</strong></span> 
     </span>
    </p>
   </div>
   <div class='ocr_carea' id='block_1_2' title="bbox 232 284 1899 717">
    <p class='ocr_par' dir='ltr' id='par_1_2' title="bbox 232 284 1899 598">
     <span class='ocr_line' id='line_1_2' title="bbox 232 284 1897 338; baseline -0.001 -12"><span class='ocrx_word' id='word_1_6' title='bbox 232 299 275 330; x_wconf 93' lang='lat'>40</span> <span class='ocrx_word' id='word_1_7' title='bbox 290 287 456 338; x_wconf 88' lang='lat' dir='ltr'>pietatis</span> <span class='ocrx_word' id='word_1_8' title='bbox 483 289 524 325; x_wconf 92' lang='lat' dir='ltr'>et</span> <span class='ocrx_word' id='word_1_9' title='bbox 551 286 797 325; x_wconf 87' lang='lat' dir='ltr'>eruditionis</span> <span class='ocrx_word' id='word_1_10' title='bbox 822 285 982 323; x_wconf 85' lang='lat' dir='ltr'>fontem</span> <span class='ocrx_word' id='word_1_11' title='bbox 1008 286 1318 335; x_wconf 88' lang='lat' dir='ltr'>parentemque.</span> <span class='ocrx_word' id='word_1_12' title='bbox 1390 284 1504 323; x_wconf 89' lang='lat' dir='ltr'>Haec</span> <span class='ocrx_word' id='word_1_13' title='bbox 1532 287 1655 324; x_wconf 87' lang='lat' dir='ltr'>erunt</span> <span class='ocrx_word' id='word_1_14' title='bbox 1682 298 1897 335; x_wconf 87' lang='lat' dir='ltr'>nunquam</span> 
     </span>
     <span class='ocr_line' id='line_1_3' title="bbox 291 349 1898 399; baseline -0.001 -9"><span class='ocrx_word' id='word_1_15' title='bbox 291 352 604 391; x_wconf 69' lang='lat' dir='ltr'>intermoritura</span> <span class='ocrx_word' id='word_1_16' title='bbox 619 351 772 389; x_wconf 82' lang='lat' dir='ltr'>Leonis</span> <span class='ocrx_word' id='word_1_17' title='bbox 787 349 938 388; x_wconf 82' lang='lat' dir='ltr'>decimi</span> <span class='ocrx_word' id='word_1_18' title='bbox 953 349 1159 399; x_wconf 86' lang='lat' dir='ltr'>trophaea,</span> <span class='ocrx_word' id='word_1_19' title='bbox 1178 362 1282 399; x_wconf 89' lang='lat' dir='ltr'>quae</span> <span class='ocrx_word' id='word_1_20' title='bbox 1297 350 1515 388; x_wconf 90' lang='lat' dir='ltr'>doctorum</span> <span class='ocrx_word' id='word_1_21' title='bbox 1528 350 1751 389; x_wconf 91' lang='lat' dir='ltr'>hominum</span> <span class='ocrx_word' id='word_1_22' title='bbox 1767 349 1898 389; x_wconf 86' lang='lat' dir='ltr'>literis</span> 
     </span>
     <span class='ocr_line' id='line_1_4' title="bbox 290 415 1898 465; baseline -0.002 -9"><span class='ocrx_word' id='word_1_23' title='bbox 290 421 477 456; x_wconf 80' lang='lat' dir='ltr'>aeternae</span> <span class='ocrx_word' id='word_1_24' title='bbox 506 416 731 454; x_wconf 83' lang='lat' dir='ltr'>memoriae</span> <span class='ocrx_word' id='word_1_25' title='bbox 760 416 995 453; x_wconf 85' lang='lat' dir='ltr'>consecrata</span> <span class='ocrx_word' id='word_1_26' title='bbox 1024 416 1149 453; x_wconf 84' lang='lat' dir='ltr'>tuum</span> <span class='ocrx_word' id='word_1_27' title='bbox 1178 415 1469 464; x_wconf 89' lang='lat' dir='ltr'>pontificatum</span> <span class='ocrx_word' id='word_1_28' title='bbox 1499 416 1702 465; x_wconf 85' lang='lat' dir='ltr'>tuamque</span> <span class='ocrx_word' id='word_1_29' title='bbox 1730 417 1898 464; x_wconf 89' lang='lat' dir='ltr'>gentem</span> 
     </span>
     <span class='ocr_line' id='line_1_5' title="bbox 291 480 1899 533; baseline -0.002 -12"><span class='ocrx_word' id='word_1_30' title='bbox 291 496 451 533; x_wconf 91' lang='lat' dir='ltr'>semper</span> <span class='ocrx_word' id='word_1_31' title='bbox 469 481 752 520; x_wconf 87' lang='lat' dir='ltr'>illustrabunt.</span> <span class='ocrx_word' id='word_1_32' title='bbox 823 480 960 519; x_wconf 81' lang='lat' dir='ltr'>Deum</span> <span class='ocrx_word' id='word_1_33' title='bbox 987 480 1080 530; x_wconf 87' lang='lat' dir='ltr'>Opt.</span> <span class='ocrx_word' id='word_1_34' title='bbox 1105 480 1211 519; x_wconf 85' lang='lat' dir='ltr'>Max.</span> <span class='ocrx_word' id='word_1_35' title='bbox 1235 494 1379 530; x_wconf 85' lang='lat' dir='ltr'>precor</span> <span class='ocrx_word' id='word_1_36' title='bbox 1404 482 1450 519; x_wconf 89' lang='lat' dir='ltr'>vt</span> <span class='ocrx_word' id='word_1_37' title='bbox 1469 481 1594 520; x_wconf 86' lang='lat' dir='ltr'>istam</span> <span class='ocrx_word' id='word_1_38' title='bbox 1613 482 1799 519; x_wconf 79' lang='lat' dir='ltr'>mentem</span> <span class='ocrx_word' id='word_1_39' title='bbox 1820 480 1899 519; x_wconf 88' lang='lat' dir='ltr'>tibi</span> 
     </span>
     <span class='ocr_line' id='line_1_6' title="bbox 289 545 1898 598; baseline -0.001 -13"><span class='ocrx_word' id='word_1_40' title='bbox 289 549 528 598; x_wconf 89' lang='lat' dir='ltr'>perpet-uam</span> <span class='ocrx_word' id='word_1_41' title='bbox 557 560 643 586; x_wconf 86' lang='lat' dir='ltr'>esse</span> <span class='ocrx_word' id='word_1_42' title='bbox 672 546 781 593; x_wconf 87' lang='lat' dir='ltr'>velit,</span> <span class='ocrx_word' id='word_1_43' title='bbox 806 548 847 584; x_wconf 89' lang='lat' dir='ltr'>te</span> <span class='ocrx_word' id='word_1_44' title='bbox 872 545 993 584; x_wconf 88' lang='lat' dir='ltr'>nobis</span> <span class='ocrx_word' id='word_1_45' title='bbox 1015 559 1140 596; x_wconf 87' lang='lat' dir='ltr'>quam</span> <span class='ocrx_word' id='word_1_46' title='bbox 1167 546 1348 585; x_wconf 79' lang='lat' dir='ltr'>maxime</span> <span class='ocrx_word' id='word_1_47' title='bbox 1372 546 1632 595; x_wconf 87' lang='lat' dir='ltr'>diuturnum,</span> <span class='ocrx_word' id='word_1_48' title='bbox 1665 560 1746 596; x_wconf 91' lang='lat' dir='ltr'>quo</span> <span class='ocrx_word' id='word_1_49' title='bbox 1774 545 1898 585; x_wconf 85' lang='lat' dir='ltr'>rebus</span> 
     </span>
    </p>

    <p class='ocr_par' dir='ltr' id='par_1_3' title="bbox 232 611 1855 661">
     <span class='ocr_line' id='line_1_7' title="bbox 232 611 1855 661; baseline -0.001 -9"><span class='ocrx_word' id='word_1_50' title='bbox 232 625 271 656; x_wconf 83' lang='lat'>45</span> <span class='ocrx_word' id='word_1_51' title='bbox 290 614 486 652; x_wconf 87' lang='lat' dir='ltr'>humanis</span> <span class='ocrx_word' id='word_1_52' title='bbox 506 626 556 651; x_wconf 77' lang='lat' dir='ltr'>ex</span> <span class='ocrx_word' id='word_1_53' title='bbox 575 612 706 651; x_wconf 83' lang='lat' dir='ltr'>animi</span> <span class='ocrx_word' id='word_1_54' title='bbox 726 611 936 650; x_wconf 85' lang='lat' dir='ltr'>sententia</span> <span class='ocrx_word' id='word_1_55' title='bbox 956 611 1197 661; x_wconf 87' lang='lat' dir='ltr'>compositis</span> <span class='ocrx_word' id='word_1_56' title='bbox 1218 625 1334 650; x_wconf 85' lang='lat' dir='ltr'>serus</span> <span class='ocrx_word' id='word_1_57' title='bbox 1353 612 1397 650; x_wconf 94' lang='lat' dir='ltr'>in</span> <span class='ocrx_word' id='word_1_58' title='bbox 1419 611 1582 650; x_wconf 89' lang='lat' dir='ltr'>coelum</span> <span class='ocrx_word' id='word_1_59' title='bbox 1601 612 1742 650; x_wconf 89' lang='lat' dir='ltr'>redeat</span> <span class='ocrx_word' id='word_1_60' title='bbox 1761 611 1855 650; x_wconf 84' lang='lat' dir='ltr'>Leo.</span> 
     </span>
    </p>

    <p class='ocr_par' dir='ltr' id='par_1_4' title="bbox 345 678 811 717">
     <span class='ocr_line' id='line_1_8' title="bbox 345 678 811 717; baseline 0 0"><span class='ocrx_word' id='word_1_61' title='bbox 345 678 573 717; x_wconf 80' lang='lat' dir='ltr'>Bruxellae.</span> <span class='ocrx_word' id='word_1_62' title='bbox 631 691 811 717; x_wconf 78' lang='lat' dir='ltr'>M.D.xvl.</span> 
     </span>
    </p>
   </div>
   <div class='ocr_carea' id='block_1_3' title="bbox 336 788 1852 1188">
    <p class='ocr_par' dir='ltr' id='par_1_5' title="bbox 336 788 1852 1188">
     <span class='ocr_line' id='line_1_9' title="bbox 716 788 1476 831; baseline -0.001 -1"><span class='ocrx_word' id='word_1_63' title='bbox 716 789 869 830; x_wconf 71' lang='lat'>52¹567.</span> <span class='ocrx_word' id='word_1_64' title='bbox 931 789 996 830; x_wconf 86' lang='lat' dir='ltr'>To</span> <span class='ocrx_word' id='word_1_65' title='bbox 1029 788 1294 830; x_wconf 81' lang='lat' dir='ltr'><strong>SYLVESTER</strong></span> <span class='ocrx_word' id='word_1_66' title='bbox 1326 789 1476 831; x_wconf 77' lang='lat' dir='ltr'><strong>GIGLI.</strong></span> 
     </span>
     <span class='ocr_line' id='line_1_10' title="bbox 339 869 1757 917; baseline -0.001 -11"><span class='ocrx_word' id='word_1_67' title='bbox 339 869 510 917; x_wconf 87' lang='lat' dir='ltr'>Epistole</span> <span class='ocrx_word' id='word_1_68' title='bbox 530 870 725 916; x_wconf 79' lang='lat' dir='ltr'>elegantes</span> <span class='ocrx_word' id='word_1_69' title='bbox 742 869 787 904; x_wconf 88' lang='lat' dir='ltr'>f0.</span> <span class='ocrx_word' id='word_1_70' title='bbox 808 869 858 905; x_wconf 56' lang='grc' dir='ltr'>οἳ.</span> <span class='ocrx_word' id='word_1_71' title='bbox 1579 870 1757 905; x_wconf 86' lang='lat' dir='ltr'>Brussels.</span> 
     </span>
     <span class='ocr_line' id='line_1_11' title="bbox 336 927 1852 975; baseline 0 -11"><span class='ocrx_word' id='word_1_72' title='bbox 336 929 389 965; x_wconf 80' lang='lat'>0².</span> <span class='ocrx_word' id='word_1_73' title='bbox 407 942 442 975; x_wconf 87' lang='lat' dir='ltr'>p.</span> <span class='ocrx_word' id='word_1_74' title='bbox 465 938 551 974; x_wconf 80' lang='lat'>151:</span> <span class='ocrx_word' id='word_1_75' title='bbox 578 929 617 963; x_wconf 87' lang='lat' dir='ltr'>F.</span> <span class='ocrx_word' id='word_1_76' title='bbox 636 941 672 974; x_wconf 82' lang='lat' dir='ltr'>p.</span> <span class='ocrx_word' id='word_1_77' title='bbox 697 939 758 973; x_wconf 88' lang='lat'>52:</span> <span class='ocrx_word' id='word_1_78' title='bbox 786 928 878 963; x_wconf 90' lang='lat' dir='ltr'>HN:</span> <span class='ocrx_word' id='word_1_79' title='bbox 907 927 1024 963; x_wconf 86' lang='lat' dir='ltr'>Lond.</span> <span class='ocrx_word' id='word_1_80' title='bbox 1043 927 1067 963; x_wconf 92' lang='lat' dir='ltr'>i.</span> <span class='ocrx_word' id='word_1_81' title='bbox 1089 938 1156 972; x_wconf 88' lang='lat'>31:</span> <span class='ocrx_word' id='word_1_82' title='bbox 1186 928 1259 964; x_wconf 88' lang='lat' dir='ltr'>LB.</span> <span class='ocrx_word' id='word_1_83' title='bbox 1281 930 1358 974; x_wconf 82' lang='lat'>196.</span> <span class='ocrx_word' id='word_1_84' title='bbox 1479 927 1533 974; x_wconf 87' lang='grc'>(0.</span> <span class='ocrx_word' id='word_1_85' title='bbox 1553 939 1575 972; x_wconf 90' lang='lat'>4</span> <span class='ocrx_word' id='word_1_86' title='bbox 1592 927 1726 975; x_wconf 90' lang='lat' dir='ltr'>April&gt;</span> <span class='ocrx_word' id='word_1_87' title='bbox 1752 930 1852 974; x_wconf 38' lang='lat'>151?</span> 
     </span>
     <span class='ocr_line' id='line_1_12' title="bbox 338 1009 1850 1041; baseline -0.002 0"><span class='ocrx_word' id='word_1_88' title='bbox 338 1011 615 1041; x_wconf 83' lang='lat' dir='ltr'><strong>REVERENDO</strong></span> <span class='ocrx_word' id='word_1_89' title='bbox 644 1011 695 1039; x_wconf 90' lang='lat' dir='ltr'>IN</span> <span class='ocrx_word' id='word_1_90' title='bbox 726 1009 922 1041; x_wconf 83' lang='lat' dir='ltr'>CHRISTO</span> <span class='ocrx_word' id='word_1_91' title='bbox 954 1009 1088 1039; x_wconf 87' lang='lat' dir='ltr'><strong>PATRI</strong></span> <span class='ocrx_word' id='word_1_92' title='bbox 1120 1009 1178 1040; x_wconf 83' lang='lat' dir='ltr'>AO</span> <span class='ocrx_word' id='word_1_93' title='bbox 1210 1009 1251 1039; x_wconf 92' lang='lat' dir='ltr'>D.</span> <span class='ocrx_word' id='word_1_94' title='bbox 1278 1010 1315 1040; x_wconf 91' lang='lat' dir='ltr'>P.</span> <span class='ocrx_word' id='word_1_95' title='bbox 1344 1010 1603 1040; x_wconf 81' lang='lat' dir='ltr'><strong>SYLVESTRO</strong></span> <span class='ocrx_word' id='word_1_96' title='bbox 1635 1009 1850 1040; x_wconf 85' lang='lat' dir='ltr'>EPISCOPO</span> 
     </span>
     <span class='ocr_line' id='line_1_13' title="bbox 446 1077 1742 1117; baseline -0.001 -8"><span class='ocrx_word' id='word_1_97' title='bbox 446 1078 787 1117; x_wconf 71' lang='lat' dir='ltr'>VVIGORNIENSL</span> <span class='ocrx_word' id='word_1_98' title='bbox 819 1078 1107 1109; x_wconf 78' lang='lat' dir='ltr'>SERENISSIMI</span> <span class='ocrx_word' id='word_1_99' title='bbox 1140 1077 1426 1109; x_wconf 76' lang='lat' dir='ltr'>BRITANNIAE</span> <span class='ocrx_word' id='word_1_100' title='bbox 1455 1078 1587 1109; x_wconf 86' lang='lat' dir='ltr'><strong>REGIS</strong></span> <span class='ocrx_word' id='word_1_101' title='bbox 1618 1077 1742 1108; x_wconf 76' lang='lat' dir='ltr'><strong>APVD</strong></span> 
     </span>
     <span class='ocr_line' id='line_1_14' title="bbox 534 1147 1651 1188; baseline -0.001 -9"><span class='ocrx_word' id='word_1_102' title='bbox 534 1148 731 1179; x_wconf 77' lang='lat' dir='ltr'>SVMMVM</span> <span class='ocrx_word' id='word_1_103' title='bbox 761 1148 1039 1178; x_wconf 77' lang='lat' dir='ltr'>PONTIFICEM</span> <span class='ocrx_word' id='word_1_104' title='bbox 1070 1147 1282 1188; x_wconf 84' lang='lat' dir='ltr'>ORATORI,</span> <span class='ocrx_word' id='word_1_105' title='bbox 1314 1147 1521 1178; x_wconf 82' lang='lat' dir='ltr'><strong>ERASMVS</strong></span> <span class='ocrx_word' id='word_1_106' title='bbox 1551 1149 1584 1181; x_wconf 87' lang='lat' dir='ltr'>S.</span> <span class='ocrx_word' id='word_1_107' title='bbox 1610 1148 1651 1178; x_wconf 93' lang='lat' dir='ltr'>D.</span> 
     </span>
    </p>
   </div>
   <div class='ocr_carea' id='block_1_4' title="bbox 236 1217 1902 2435">
    <p class='ocr_par' dir='ltr' id='par_1_6' title="bbox 291 1217 1902 1465">
     <span class='ocr_line' id='line_1_15' title="bbox 345 1217 1902 1268; baseline -0.001 -11"><span class='ocrx_word' id='word_1_108' title='bbox 345 1219 604 1257; x_wconf 76' lang='lat' dir='ltr'>DVPLICAs&#39;rI</span> <span class='ocrx_word' id='word_1_109' title='bbox 625 1218 815 1256; x_wconf 88' lang='lat' dir='ltr'>beneficii</span> <span class='ocrx_word' id='word_1_110' title='bbox 836 1218 901 1256; x_wconf 89' lang='lat' dir='ltr'>tui</span> <span class='ocrx_word' id='word_1_111' title='bbox 920 1218 1109 1268; x_wconf 81' lang='lat' dir='ltr'>gratiam,</span> <span class='ocrx_word' id='word_1_112' title='bbox 1125 1218 1384 1268; x_wconf 80' lang='lat' dir='ltr'>amplissime</span> <span class='ocrx_word' id='word_1_113' title='bbox 1404 1219 1565 1267; x_wconf 83' lang='lat' dir='ltr'>Presul,</span> <span class='ocrx_word' id='word_1_114' title='bbox 1581 1218 1683 1257; x_wconf 91' lang='lat' dir='ltr'>dum</span> <span class='ocrx_word' id='word_1_115' title='bbox 1698 1217 1902 1268; x_wconf 84' lang='lat' dir='ltr'>singulari</span> 
     </span>
     <span class='ocr_line' id='line_1_16' title="bbox 293 1283 1900 1334; baseline -0.001 -11"><span class='ocrx_word' id='word_1_116' title='bbox 293 1284 425 1323; x_wconf 87' lang='lat' dir='ltr'>officio</span> <span class='ocrx_word' id='word_1_117' title='bbox 445 1298 526 1334; x_wconf 87' lang='lat' dir='ltr'>quo</span> <span class='ocrx_word' id='word_1_118' title='bbox 547 1297 614 1322; x_wconf 88' lang='lat' dir='ltr'>me</span> <span class='ocrx_word' id='word_1_119' title='bbox 633 1284 743 1323; x_wconf 88' lang='lat' dir='ltr'>nihil</span> <span class='ocrx_word' id='word_1_120' title='bbox 768 1284 1043 1333; x_wconf 88' lang='lat' dir='ltr'>promeritum</span> <span class='ocrx_word' id='word_1_121' title='bbox 1064 1296 1107 1322; x_wconf 84' lang='lat' dir='ltr'>es</span> <span class='ocrx_word' id='word_1_122' title='bbox 1129 1285 1385 1334; x_wconf 86' lang='lat' dir='ltr'>prosecutus,</span> <span class='ocrx_word' id='word_1_123' title='bbox 1407 1284 1528 1322; x_wconf 88' lang='lat' dir='ltr'>addis</span> <span class='ocrx_word' id='word_1_124' title='bbox 1546 1284 1688 1322; x_wconf 78' lang='lat' dir='ltr'>literas</span> <span class='ocrx_word' id='word_1_125' title='bbox 1709 1283 1900 1323; x_wconf 86' lang='lat' dir='ltr'>humani-</span> 
     </span>
     <span class='ocr_line' id='line_1_17' title="bbox 291 1349 1901 1400; baseline 0.001 -13"><span class='ocrx_word' id='word_1_126' title='bbox 291 1350 390 1389; x_wconf 82' lang='lat' dir='ltr'>tatis</span> <span class='ocrx_word' id='word_1_127' title='bbox 428 1350 584 1400; x_wconf 90' lang='lat' dir='ltr'>plenas.</span> <span class='ocrx_word' id='word_1_128' title='bbox 661 1349 796 1388; x_wconf 87' lang='lat' dir='ltr'>Multa</span> <span class='ocrx_word' id='word_1_129' title='bbox 834 1349 941 1387; x_wconf 92' lang='lat' dir='ltr'>mihi</span> <span class='ocrx_word' id='word_1_130' title='bbox 988 1349 1039 1387; x_wconf 90' lang='lat' dir='ltr'>de</span> <span class='ocrx_word' id='word_1_131' title='bbox 1078 1349 1285 1398; x_wconf 82' lang='lat' dir='ltr'>singulari</span> <span class='ocrx_word' id='word_1_132' title='bbox 1325 1352 1397 1389; x_wconf 84' lang='lat' dir='ltr'>tua</span> <span class='ocrx_word' id='word_1_133' title='bbox 1435 1350 1482 1388; x_wconf 91' lang='lat' dir='ltr'>in</span> <span class='ocrx_word' id='word_1_134' title='bbox 1525 1350 1668 1388; x_wconf 88' lang='lat' dir='ltr'>doctos</span> <span class='ocrx_word' id='word_1_135' title='bbox 1715 1349 1901 1388; x_wconf 81' lang='lat' dir='ltr'>bonitate</span> 
     </span>
     <span class='ocr_line' id='line_1_18' title="bbox 292 1414 1901 1465; baseline -0.001 -11"><span class='ocrx_word' id='word_1_136' title='bbox 292 1416 629 1465; x_wconf 83' lang='lat' dir='ltr'>praedicauerant</span> <span class='ocrx_word' id='word_1_137' title='bbox 656 1414 793 1462; x_wconf 90' lang='lat' dir='ltr'>multi,</span> <span class='ocrx_word' id='word_1_138' title='bbox 827 1415 898 1453; x_wconf 85' lang='lat' dir='ltr'>sed</span> <span class='ocrx_word' id='word_1_139' title='bbox 929 1427 1038 1453; x_wconf 88' lang='lat' dir='ltr'>nunc</span> <span class='ocrx_word' id='word_1_140' title='bbox 1068 1428 1238 1453; x_wconf 90' lang='lat' dir='ltr'>omnem</span> <span class='ocrx_word' id='word_1_141' title='bbox 1271 1415 1427 1454; x_wconf 85' lang='lat' dir='ltr'>famam</span> <span class='ocrx_word' id='word_1_142' title='bbox 1455 1415 1565 1454; x_wconf 82' lang='lat' dir='ltr'>infra</span> <span class='ocrx_word' id='word_1_143' title='bbox 1594 1428 1742 1454; x_wconf 86' lang='lat' dir='ltr'>verum</span> <span class='ocrx_word' id='word_1_144' title='bbox 1771 1415 1901 1453; x_wconf 84' lang='lat' dir='ltr'>fuisse</span> 
     </span>
    </p>

    <p class='ocr_par' dir='ltr' id='par_1_7' title="bbox 257 1479 1900 1792">
     <span class='ocr_line' id='line_1_19' title="bbox 257 1479 1900 1532; baseline 0 -13"><span class='ocrx_word' id='word_1_145' title='bbox 257 1497 274 1527; x_wconf 85' lang='lat'>5</span> <span class='ocrx_word' id='word_1_146' title='bbox 292 1481 510 1532; x_wconf 86' lang='lat' dir='ltr'>comperio,</span> <span class='ocrx_word' id='word_1_147' title='bbox 534 1481 605 1531; x_wconf 90' lang='lat' dir='ltr'>qui</span> <span class='ocrx_word' id='word_1_148' title='bbox 625 1480 731 1519; x_wconf 87' lang='lat' dir='ltr'>mihi</span> <span class='ocrx_word' id='word_1_149' title='bbox 751 1480 905 1519; x_wconf 87' lang='lat' dir='ltr'>videris</span> <span class='ocrx_word' id='word_1_150' title='bbox 924 1480 1021 1518; x_wconf 90' lang='lat' dir='ltr'>huic</span> <span class='ocrx_word' id='word_1_151' title='bbox 1041 1480 1309 1530; x_wconf 83' lang='lat' dir='ltr'>potissimum</span> <span class='ocrx_word' id='word_1_152' title='bbox 1329 1481 1388 1519; x_wconf 89' lang='lat' dir='ltr'>rei</span> <span class='ocrx_word' id='word_1_153' title='bbox 1408 1482 1542 1527; x_wconf 81' lang='lat' dir='ltr'>natus,</span> <span class='ocrx_word' id='word_1_154' title='bbox 1566 1483 1613 1519; x_wconf 86' lang='lat' dir='ltr'>vt</span> <span class='ocrx_word' id='word_1_155' title='bbox 1633 1481 1684 1519; x_wconf 90' lang='lat' dir='ltr'>de</span> <span class='ocrx_word' id='word_1_156' title='bbox 1704 1479 1900 1519; x_wconf 81' lang='lat' dir='ltr'>omnibus</span> 
     </span>
     <span class='ocr_line' id='line_1_20' title="bbox 291 1545 1898 1595; baseline -0.001 -11"><span class='ocrx_word' id='word_1_157' title='bbox 291 1547 396 1585; x_wconf 90' lang='lat' dir='ltr'>bene</span> <span class='ocrx_word' id='word_1_158' title='bbox 425 1547 632 1585; x_wconf 82' lang='lat' dir='ltr'>merearis.</span> <span class='ocrx_word' id='word_1_159' title='bbox 694 1546 800 1594; x_wconf 78' lang='lat' dir='ltr'>Quid</span> <span class='ocrx_word' id='word_1_160' title='bbox 830 1545 944 1584; x_wconf 84' lang='lat' dir='ltr'>enim</span> <span class='ocrx_word' id='word_1_161' title='bbox 983 1559 1068 1584; x_wconf 90' lang='lat' dir='ltr'>non</span> <span class='ocrx_word' id='word_1_162' title='bbox 1108 1547 1393 1595; x_wconf 87' lang='lat' dir='ltr'>praestaturus</span> <span class='ocrx_word' id='word_1_163' title='bbox 1431 1546 1489 1585; x_wconf 87' lang='lat' dir='ltr'>sis</span> <span class='ocrx_word' id='word_1_164' title='bbox 1527 1546 1632 1593; x_wconf 83' lang='lat' dir='ltr'>aliis,</span> <span class='ocrx_word' id='word_1_165' title='bbox 1664 1559 1762 1584; x_wconf 89' lang='lat' dir='ltr'>cum</span> <span class='ocrx_word' id='word_1_166' title='bbox 1798 1546 1898 1583; x_wconf 85' lang='lat' dir='ltr'>haec</span> 
     </span>
     <span class='ocr_line' id='line_1_21' title="bbox 292 1611 1900 1661; baseline -0.001 -11"><span class='ocrx_word' id='word_1_167' title='bbox 292 1614 472 1661; x_wconf 82' lang='lat' dir='ltr'>praestes</span> <span class='ocrx_word' id='word_1_168' title='bbox 493 1612 668 1650; x_wconf 88' lang='lat' dir='ltr'>Erasmo</span> <span class='ocrx_word' id='word_1_169' title='bbox 687 1612 758 1649; x_wconf 83' lang='lat' dir='ltr'>vix</span> <span class='ocrx_word' id='word_1_170' title='bbox 787 1611 837 1649; x_wconf 92' lang='lat' dir='ltr'>de</span> <span class='ocrx_word' id='word_1_171' title='bbox 856 1612 958 1649; x_wconf 85' lang='lat' dir='ltr'>facie</span> <span class='ocrx_word' id='word_1_172' title='bbox 978 1613 1110 1650; x_wconf 86' lang='lat' dir='ltr'>noto‘?</span> <span class='ocrx_word' id='word_1_173' title='bbox 1166 1612 1346 1650; x_wconf 90' lang='lat' dir='ltr'>Proinde</span> <span class='ocrx_word' id='word_1_174' title='bbox 1367 1611 1511 1649; x_wconf 83' lang='lat' dir='ltr'>mirari</span> <span class='ocrx_word' id='word_1_175' title='bbox 1543 1611 1689 1650; x_wconf 84' lang='lat' dir='ltr'>desino</span> <span class='ocrx_word' id='word_1_176' title='bbox 1719 1611 1829 1660; x_wconf 90' lang='lat' dir='ltr'>quod</span> <span class='ocrx_word' id='word_1_177' title='bbox 1859 1613 1900 1649; x_wconf 88' lang='lat' dir='ltr'>te</span> 
     </span>
     <span class='ocr_line' id='line_1_22' title="bbox 293 1676 1899 1727; baseline -0.001 -12"><span class='ocrx_word' id='word_1_178' title='bbox 293 1677 381 1727; x_wconf 85' lang='lat' dir='ltr'>pari</span> <span class='ocrx_word' id='word_1_179' title='bbox 408 1677 549 1716; x_wconf 87' lang='lat' dir='ltr'>fauore</span> <span class='ocrx_word' id='word_1_180' title='bbox 575 1677 745 1726; x_wconf 86' lang='lat' dir='ltr'>parique</span> <span class='ocrx_word' id='word_1_181' title='bbox 775 1676 1067 1715; x_wconf 88' lang='lat' dir='ltr'>beneuolentia</span> <span class='ocrx_word' id='word_1_182' title='bbox 1097 1677 1340 1727; x_wconf 87' lang='lat' dir='ltr'>prosequuti</span> <span class='ocrx_word' id='word_1_183' title='bbox 1369 1678 1469 1716; x_wconf 90' lang='lat' dir='ltr'>sunt</span> <span class='ocrx_word' id='word_1_184' title='bbox 1500 1677 1661 1726; x_wconf 87' lang='lat' dir='ltr'>pridem</span> <span class='ocrx_word' id='word_1_185' title='bbox 1688 1676 1899 1715; x_wconf 87' lang='lat' dir='ltr'>Henricus</span> 
     </span>
     <span class='ocr_line' id='line_1_23' title="bbox 292 1741 1899 1792; baseline -0.001 -12"><span class='ocrx_word' id='word_1_186' title='bbox 292 1743 380 1780; x_wconf 88' lang='lat' dir='ltr'>eius</span> <span class='ocrx_word' id='word_1_187' title='bbox 418 1742 603 1785; x_wconf 86' lang='lat' dir='ltr'>nominis</span> <span class='ocrx_word' id='word_1_188' title='bbox 633 1742 847 1792; x_wconf 86' lang='lat' dir='ltr'>septimus,</span> <span class='ocrx_word' id='word_1_189' title='bbox 879 1755 1025 1792; x_wconf 88' lang='lat' dir='ltr'>regum</span> <span class='ocrx_word' id='word_1_190' title='bbox 1062 1743 1187 1792; x_wconf 90' lang='lat' dir='ltr'>longe</span> <span class='ocrx_word' id='word_1_191' title='bbox 1215 1743 1541 1791; x_wconf 74' lang='lat' dir='ltr'>cordatissimus,</span> <span class='ocrx_word' id='word_1_192' title='bbox 1572 1754 1685 1780; x_wconf 89' lang='lat' dir='ltr'>nunc</span> <span class='ocrx_word' id='word_1_193' title='bbox 1714 1741 1899 1780; x_wconf 86' lang='lat' dir='ltr'>eiusdem</span> 
     </span>
    </p>

    <p class='ocr_par' dir='ltr' id='par_1_8' title="bbox 238 1807 1899 2120">
     <span class='ocr_line' id='line_1_24' title="bbox 238 1807 1899 1859; baseline 0.001 -16"><span class='ocrx_word' id='word_1_194' title='bbox 238 1824 277 1844; x_wconf 85' lang='lat'>10</span> <span class='ocrx_word' id='word_1_195' title='bbox 292 1808 477 1847; x_wconf 86' lang='lat' dir='ltr'>nominis</span> <span class='ocrx_word' id='word_1_196' title='bbox 512 1810 691 1855; x_wconf 88' lang='lat' dir='ltr'>octauus,</span> <span class='ocrx_word' id='word_1_197' title='bbox 723 1808 832 1858; x_wconf 89' lang='lat' dir='ltr'>patri</span> <span class='ocrx_word' id='word_1_198' title='bbox 865 1808 1111 1847; x_wconf 89' lang='lat' dir='ltr'>simillimus</span> <span class='ocrx_word' id='word_1_199' title='bbox 1143 1809 1266 1856; x_wconf 90' lang='lat' dir='ltr'>filius,</span> <span class='ocrx_word' id='word_1_200' title='bbox 1300 1809 1410 1859; x_wconf 90' lang='lat' dir='ltr'>quod</span> <span class='ocrx_word' id='word_1_201' title='bbox 1444 1811 1485 1847; x_wconf 90' lang='lat' dir='ltr'>te</span> <span class='ocrx_word' id='word_1_202' title='bbox 1521 1808 1603 1846; x_wconf 91' lang='lat' dir='ltr'>Leo</span> <span class='ocrx_word' id='word_1_203' title='bbox 1633 1808 1757 1847; x_wconf 86' lang='lat' dir='ltr'>Pont.</span> <span class='ocrx_word' id='word_1_204' title='bbox 1789 1807 1899 1846; x_wconf 85' lang='lat' dir='ltr'>Max.</span> 
     </span>
     <span class='ocr_line' id='line_1_25' title="bbox 293 1872 1896 1923; baseline -0.001 -11"><span class='ocrx_word' id='word_1_205' title='bbox 293 1873 493 1923; x_wconf 84' lang='lat' dir='ltr'>singulari</span> <span class='ocrx_word' id='word_1_206' title='bbox 513 1873 714 1912; x_wconf 83' lang='lat' dir='ltr'>charitate</span> <span class='ocrx_word' id='word_1_207' title='bbox 734 1873 1031 1923; x_wconf 87' lang='lat' dir='ltr'>complectitur.</span> <span class='ocrx_word' id='word_1_208' title='bbox 1092 1875 1169 1913; x_wconf 83' lang='lat' dir='ltr'>Tot</span> <span class='ocrx_word' id='word_1_209' title='bbox 1190 1887 1330 1913; x_wconf 86' lang='lat' dir='ltr'>rerum</span> <span class='ocrx_word' id='word_1_210' title='bbox 1351 1873 1582 1913; x_wconf 88' lang='lat' dir='ltr'>similitudo</span> <span class='ocrx_word' id='word_1_211' title='bbox 1595 1886 1669 1912; x_wconf 88' lang='lat' dir='ltr'>vos</span> <span class='ocrx_word' id='word_1_212' title='bbox 1689 1872 1896 1912; x_wconf 87' lang='lat' dir='ltr'>conciliat.</span> 
     </span>
     <span class='ocr_line' id='line_1_26' title="bbox 292 1938 1898 1989; baseline -0.001 -12"><span class='ocrx_word' id='word_1_213' title='bbox 292 1939 466 1989; x_wconf 81' lang='lat' dir='ltr'>Vtrique</span> <span class='ocrx_word' id='word_1_214' title='bbox 488 1938 620 1977; x_wconf 87' lang='lat' dir='ltr'>virtus</span> <span class='ocrx_word' id='word_1_215' title='bbox 639 1938 854 1989; x_wconf 76' lang='lat' dir='ltr'>Vtriusque</span> <span class='ocrx_word' id='word_1_216' title='bbox 874 1939 1063 1978; x_wconf 84' lang='lat' dir='ltr'>fortunae</span> <span class='ocrx_word' id='word_1_217' title='bbox 1083 1939 1245 1979; x_wconf 88' lang='lat' dir='ltr'>vicibus</span> <span class='ocrx_word' id='word_1_218' title='bbox 1264 1940 1442 1978; x_wconf 82' lang='lat' dir='ltr'>exercita</span> <span class='ocrx_word' id='word_1_219' title='bbox 1461 1939 1648 1989; x_wconf 86' lang='lat' dir='ltr'>factaque</span> <span class='ocrx_word' id='word_1_220' title='bbox 1668 1938 1874 1977; x_wconf 87' lang='lat' dir='ltr'>illustrior</span> <span class='ocrx_word' id='word_1_221' title='bbox 1890 1952 1898 1985; x_wconf 88' lang='lat'>;</span> 
     </span>
     <span class='ocr_line' id='line_1_27' title="bbox 292 2003 1897 2055; baseline 0 -13"><span class='ocrx_word' id='word_1_222' title='bbox 292 2004 459 2054; x_wconf 88' lang='lat' dir='ltr'>vtrique</span> <span class='ocrx_word' id='word_1_223' title='bbox 498 2004 685 2042; x_wconf 89' lang='lat' dir='ltr'>studium</span> <span class='ocrx_word' id='word_1_224' title='bbox 725 2004 1020 2043; x_wconf 86' lang='lat' dir='ltr'>benemerendi</span> <span class='ocrx_word' id='word_1_225' title='bbox 1056 2005 1257 2055; x_wconf 88' lang='lat' dir='ltr'>priuatim</span> <span class='ocrx_word' id='word_1_226' title='bbox 1296 2019 1341 2044; x_wconf 87' lang='lat' dir='ltr'>ac</span> <span class='ocrx_word' id='word_1_227' title='bbox 1387 2005 1552 2054; x_wconf 87' lang='lat' dir='ltr'>publice</span> <span class='ocrx_word' id='word_1_228' title='bbox 1589 2005 1639 2043; x_wconf 89' lang='lat' dir='ltr'>de</span> <span class='ocrx_word' id='word_1_229' title='bbox 1678 2003 1897 2051; x_wconf 90' lang='lat' dir='ltr'>omnibus;</span> 
     </span>
     <span class='ocr_line' id='line_1_28' title="bbox 292 2069 1898 2120; baseline 0 -13"><span class='ocrx_word' id='word_1_230' title='bbox 292 2070 458 2119; x_wconf 85' lang='lat' dir='ltr'>vtrique</span> <span class='ocrx_word' id='word_1_231' title='bbox 478 2070 639 2119; x_wconf 85' lang='lat' dir='ltr'>ingenii</span> <span class='ocrx_word' id='word_1_232' title='bbox 658 2069 810 2108; x_wconf 87' lang='lat' dir='ltr'>lenitas</span> <span class='ocrx_word' id='word_1_233' title='bbox 828 2083 874 2108; x_wconf 86' lang='lat' dir='ltr'>ac</span> <span class='ocrx_word' id='word_1_234' title='bbox 894 2070 1131 2120; x_wconf 82' lang='lat' dir='ltr'>benignitas</span> <span class='ocrx_word' id='word_1_235' title='bbox 1143 2071 1260 2110; x_wconf 89' lang='lat' dir='ltr'>mira.</span> <span class='ocrx_word' id='word_1_236' title='bbox 1321 2070 1409 2120; x_wconf 90' lang='lat' dir='ltr'>Ipsi</span> <span class='ocrx_word' id='word_1_237' title='bbox 1425 2084 1498 2120; x_wconf 88' lang='lat' dir='ltr'>per</span> <span class='ocrx_word' id='word_1_238' title='bbox 1517 2070 1677 2109; x_wconf 84' lang='lat' dir='ltr'>litteras</span> <span class='ocrx_word' id='word_1_239' title='bbox 1688 2071 1898 2120; x_wconf 87' lang='lat' dir='ltr'>vtcunque</span> 
     </span>
    </p>

    <p class='ocr_par' dir='ltr' id='par_1_9' title="bbox 236 2134 1898 2381">
     <span class='ocr_line' id='line_1_29' title="bbox 236 2134 1898 2186; baseline 0.001 -14"><span class='ocrx_word' id='word_1_240' title='bbox 236 2150 273 2181; x_wconf 81' lang='lat'>15</span> <span class='ocrx_word' id='word_1_241' title='bbox 293 2135 444 2186; x_wconf 83' lang='lat' dir='ltr'>gratias</span> <span class='ocrx_word' id='word_1_242' title='bbox 462 2136 540 2184; x_wconf 86' lang='lat' dir='ltr'>egi,</span> <span class='ocrx_word' id='word_1_243' title='bbox 563 2135 634 2174; x_wconf 89' lang='lat' dir='ltr'>sed</span> <span class='ocrx_word' id='word_1_244' title='bbox 663 2135 706 2173; x_wconf 89' lang='lat' dir='ltr'>id</span> <span class='ocrx_word' id='word_1_245' title='bbox 735 2149 808 2185; x_wconf 90' lang='lat' dir='ltr'>per</span> <span class='ocrx_word' id='word_1_246' title='bbox 834 2138 875 2174; x_wconf 89' lang='lat' dir='ltr'>te</span> <span class='ocrx_word' id='word_1_247' title='bbox 901 2135 973 2174; x_wconf 89' lang='lat' dir='ltr'>fiet</span> <span class='ocrx_word' id='word_1_248' title='bbox 1002 2136 1164 2184; x_wconf 73' lang='lat' dir='ltr'>rectius,</span> <span class='ocrx_word' id='word_1_249' title='bbox 1186 2138 1234 2175; x_wconf 88' lang='lat' dir='ltr'>vt</span> <span class='ocrx_word' id='word_1_250' title='bbox 1261 2138 1378 2175; x_wconf 90' lang='lat' dir='ltr'>cuius</span> <span class='ocrx_word' id='word_1_251' title='bbox 1397 2149 1521 2186; x_wconf 84' lang='lat' dir='ltr'>opera</span> <span class='ocrx_word' id='word_1_252' title='bbox 1546 2135 1680 2174; x_wconf 86' lang='lat' dir='ltr'>factus</span> <span class='ocrx_word' id='word_1_253' title='bbox 1711 2148 1805 2173; x_wconf 91' lang='lat' dir='ltr'>sum</span> <span class='ocrx_word' id='word_1_254' title='bbox 1831 2134 1898 2173; x_wconf 93' lang='lat' dir='ltr'>illi</span> 
     </span>
     <span class='ocr_line' id='line_1_30' title="bbox 294 2199 1897 2252; baseline -0.001 -13"><span class='ocrx_word' id='word_1_255' title='bbox 294 2200 508 2249; x_wconf 76' lang='lat' dir='ltr'>obnoxius,</span> <span class='ocrx_word' id='word_1_256' title='bbox 531 2214 602 2251; x_wconf 86' lang='lat' dir='ltr'>per</span> <span class='ocrx_word' id='word_1_257' title='bbox 631 2201 809 2240; x_wconf 90' lang='lat' dir='ltr'>eundem</span> <span class='ocrx_word' id='word_1_258' title='bbox 841 2214 908 2240; x_wconf 88' lang='lat' dir='ltr'>me</span> <span class='ocrx_word' id='word_1_259' title='bbox 937 2204 1100 2252; x_wconf 87' lang='lat' dir='ltr'>gratum</span> <span class='ocrx_word' id='word_1_260' title='bbox 1128 2214 1217 2241; x_wconf 88' lang='lat' dir='ltr'>esse</span> <span class='ocrx_word' id='word_1_261' title='bbox 1243 2203 1472 2252; x_wconf 87' lang='lat' dir='ltr'>cognoscat.</span> <span class='ocrx_word' id='word_1_262' title='bbox 1534 2201 1629 2239; x_wconf 85' lang='lat' dir='ltr'>Non</span> <span class='ocrx_word' id='word_1_263' title='bbox 1658 2199 1897 2251; x_wconf 85' lang='lat' dir='ltr'>grauaberis</span> 
     </span>
     <span class='ocr_line' id='line_1_31' title="bbox 293 2264 1890 2314; baseline -0.001 -10"><span class='ocrx_word' id='word_1_264' title='bbox 293 2266 369 2304; x_wconf 89' lang='lat' dir='ltr'>hoc</span> <span class='ocrx_word' id='word_1_265' title='bbox 387 2266 503 2304; x_wconf 80' lang='lat' dir='ltr'>velut</span> <span class='ocrx_word' id='word_1_266' title='bbox 532 2265 763 2304; x_wconf 89' lang='lat' dir='ltr'>auctarium</span> <span class='ocrx_word' id='word_1_267' title='bbox 788 2266 936 2305; x_wconf 88' lang='lat' dir='ltr'>addere</span> <span class='ocrx_word' id='word_1_268' title='bbox 965 2267 1051 2306; x_wconf 88' lang='lat' dir='ltr'>tuis</span> <span class='ocrx_word' id='word_1_269' title='bbox 1080 2268 1125 2306; x_wconf 91' lang='lat' dir='ltr'>in</span> <span class='ocrx_word' id='word_1_270' title='bbox 1156 2280 1232 2306; x_wconf 88' lang='lat' dir='ltr'>nos</span> <span class='ocrx_word' id='word_1_271' title='bbox 1257 2267 1401 2306; x_wconf 88' lang='lat' dir='ltr'>officiis</span> <span class='ocrx_word' id='word_1_272' title='bbox 1430 2268 1471 2304; x_wconf 86' lang='lat' dir='ltr'>et</span> <span class='ocrx_word' id='word_1_273' title='bbox 1501 2265 1657 2314; x_wconf 88' lang='lat' dir='ltr'>alioqui</span> <span class='ocrx_word' id='word_1_274' title='bbox 1685 2264 1890 2303; x_wconf 84' lang='lat' dir='ltr'>maximis.</span> 
     </span>
     <span class='ocr_line' id='line_1_32' title="bbox 292 2331 1676 2381; baseline 0 -12"><span class='ocrx_word' id='word_1_275' title='bbox 292 2332 407 2370; x_wconf 91' lang='lat' dir='ltr'>Bene</span> <span class='ocrx_word' id='word_1_276' title='bbox 425 2331 562 2370; x_wconf 88' lang='lat' dir='ltr'>valeat</span> <span class='ocrx_word' id='word_1_277' title='bbox 583 2332 629 2370; x_wconf 87' lang='lat' dir='ltr'>T.</span> <span class='ocrx_word' id='word_1_278' title='bbox 655 2332 702 2370; x_wconf 83' lang='lat' dir='ltr'>R.</span> <span class='ocrx_word' id='word_1_279' title='bbox 727 2332 964 2381; x_wconf 86' lang='lat' dir='ltr'>paternitas,</span> <span class='ocrx_word' id='word_1_280' title='bbox 988 2332 1053 2371; x_wconf 86' lang='lat' dir='ltr'>cui</span> <span class='ocrx_word' id='word_1_281' title='bbox 1075 2346 1142 2371; x_wconf 89' lang='lat' dir='ltr'>me</span> <span class='ocrx_word' id='word_1_282' title='bbox 1162 2334 1300 2371; x_wconf 87' lang='lat' dir='ltr'>totum</span> <span class='ocrx_word' id='word_1_283' title='bbox 1322 2333 1414 2371; x_wconf 91' lang='lat' dir='ltr'>dico</span> <span class='ocrx_word' id='word_1_284' title='bbox 1436 2331 1676 2380; x_wconf 90' lang='lat' dir='ltr'>dedicoque.</span> 
     </span>
    </p>

    <p class='ocr_par' dir='ltr' id='par_1_10' title="bbox 347 2396 784 2435">
     <span class='ocr_line' id='line_1_33' title="bbox 347 2396 784 2435; baseline 0.002 -1"><span class='ocrx_word' id='word_1_285' title='bbox 347 2396 579 2435; x_wconf 77' lang='lat' dir='ltr'>Bruxellae.</span> <span class='ocrx_word' id='word_1_286' title='bbox 604 2409 784 2435; x_wconf 79' lang='lat' dir='ltr'>M.D.Xv1.</span> 
     </span>
    </p>
   </div>
   <div class='ocr_carea' id='block_1_5' title="bbox 681 2494 1486 2536">
    <p class='ocr_par' dir='ltr' id='par_1_11' title="bbox 681 2494 1486 2536">
     <span class='ocr_line' id='line_1_34' title="bbox 681 2494 1486 2536; baseline 0 -1"><span class='ocrx_word' id='word_1_287' title='bbox 681 2495 777 2535; x_wconf 85' lang='lat'><strong>568.</strong></span> <span class='ocrx_word' id='word_1_288' title='bbox 840 2494 971 2536; x_wconf 74' lang='lat' dir='ltr'>FROM</span> <span class='ocrx_word' id='word_1_289' title='bbox 1005 2494 1222 2536; x_wconf 76' lang='lat' dir='ltr'>WILLIAM</span> <span class='ocrx_word' id='word_1_290' title='bbox 1254 2496 1486 2536; x_wconf 76' lang='lat' dir='ltr'>BUDAEUS.</span> 
     </span>
    </p>
   </div>
   <div class='ocr_carea' id='block_1_6' title="bbox 338 2565 1842 2672">
    <p class='ocr_par' dir='ltr' id='par_1_12' title="bbox 338 2565 1842 2672">
     <span class='ocr_line' id='line_1_35' title="bbox 338 2565 1741 2614; baseline -0.001 -12"><span class='ocrx_word' id='word_1_291' title='bbox 338 2568 523 2604; x_wconf 88' lang='lat' dir='ltr'>Deventer</span> <span class='ocrx_word' id='word_1_292' title='bbox 540 2568 615 2603; x_wconf 84' lang='lat' dir='ltr'>Ms.</span> <span class='ocrx_word' id='word_1_293' title='bbox 637 2579 691 2614; x_wconf 82' lang='lat'>91,</span> <span class='ocrx_word' id='word_1_294' title='bbox 712 2569 735 2603; x_wconf 90' lang='lat' dir='ltr'>f.</span> <span class='ocrx_word' id='word_1_295' title='bbox 760 2579 837 2614; x_wconf 75' lang='grc'><strong>194.</strong></span> <span class='ocrx_word' id='word_1_296' title='bbox 1626 2565 1741 2602; x_wconf 86' lang='lat' dir='ltr'>Paris.</span> 
     </span>
     <span class='ocr_line' id='line_1_36' title="bbox 339 2624 1842 2672; baseline 0 -13"><span class='ocrx_word' id='word_1_297' title='bbox 339 2625 412 2660; x_wconf 88' lang='lat' dir='ltr'>LB.</span> <span class='ocrx_word' id='word_1_298' title='bbox 430 2627 527 2670; x_wconf 87' lang='lat' dir='ltr'>App.</span> <span class='ocrx_word' id='word_1_299' title='bbox 546 2628 604 2661; x_wconf 83' lang='lat'>60.</span> <span class='ocrx_word' id='word_1_300' title='bbox 1521 2636 1537 2672; x_wconf 90' lang='lat'>5</span> <span class='ocrx_word' id='word_1_301' title='bbox 1557 2625 1665 2672; x_wconf 89' lang='lat' dir='ltr'>April</span> <span class='ocrx_word' id='word_1_302' title='bbox 1688 2624 1842 2672; x_wconf 81' lang='lat'>(1517).</span> 
     </span>
    </p>
   </div>
   <div class='ocr_carea' id='block_1_7' title="bbox 293 2674 1890 2928">
    <p class='ocr_par' dir='ltr' id='par_1_13' title="bbox 293 2674 1890 2928">
     <span class='ocr_line' id='line_1_37' title="bbox 730 2674 1457 2715; baseline 0 -9"><span class='ocrx_word' id='word_1_303' title='bbox 730 2674 794 2715; x_wconf 75' lang='lat' dir='ltr'>[Of</span> <span class='ocrx_word' id='word_1_304' title='bbox 807 2675 870 2705; x_wconf 86' lang='lat' dir='ltr'>the</span> <span class='ocrx_word' id='word_1_305' title='bbox 886 2685 982 2706; x_wconf 84' lang='lat' dir='ltr'>same</span> <span class='ocrx_word' id='word_1_306' title='bbox 998 2676 1123 2715; x_wconf 88' lang='lat' dir='ltr'>period</span> <span class='ocrx_word' id='word_1_307' title='bbox 1139 2686 1177 2706; x_wconf 81' lang='lat' dir='ltr'>as</span> <span class='ocrx_word' id='word_1_308' title='bbox 1194 2676 1259 2715; x_wconf 79' lang='lat' dir='ltr'>Ep.</span> <span class='ocrx_word' id='word_1_309' title='bbox 1279 2685 1355 2715; x_wconf 85' lang='lat'>522,</span> <span class='ocrx_word' id='word_1_310' title='bbox 1373 2675 1457 2715; x_wconf 64' lang='lat' dir='ltr'>ete]</span> 
     </span>
     <span class='ocr_line' id='line_1_38' title="bbox 866 2752 1325 2782; baseline 0.004 -2"><span class='ocrx_word' id='word_1_311' title='bbox 866 2752 1044 2781; x_wconf 80' lang='lat' dir='ltr'>BVDEVS</span> <span class='ocrx_word' id='word_1_312' title='bbox 1077 2752 1259 2782; x_wconf 70' lang='lat' dir='ltr'><strong>ERASMO</strong></span> <span class='ocrx_word' id='word_1_313' title='bbox 1291 2753 1325 2782; x_wconf 72' lang='lat' dir='ltr'>S·</span> 
     </span>
     <span class='ocr_line' id='line_1_39' title="bbox 346 2811 1890 2866; baseline -0.001 -16"><span class='ocrx_word' id='word_1_314' title='bbox 346 2813 464 2852; x_wconf 81' lang='lat' dir='ltr'>DVAs</span> <span class='ocrx_word' id='word_1_315' title='bbox 484 2827 507 2851; x_wconf 86' lang='lat' dir='ltr'>a</span> <span class='ocrx_word' id='word_1_316' title='bbox 527 2815 566 2852; x_wconf 87' lang='lat' dir='ltr'>te</span> <span class='ocrx_word' id='word_1_317' title='bbox 585 2813 792 2854; x_wconf 86' lang='lat' dir='ltr'>litterulas</span> <span class='ocrx_word' id='word_1_318' title='bbox 811 2816 946 2865; x_wconf 84' lang='lat' dir='ltr'>accepi</span> <span class='ocrx_word' id='word_1_319' title='bbox 963 2832 972 2864; x_wconf 90' lang='lat'>;</span> <span class='ocrx_word' id='word_1_320' title='bbox 1001 2829 1118 2865; x_wconf 86' lang='lat' dir='ltr'>vnas,</span> <span class='ocrx_word' id='word_1_321' title='bbox 1141 2829 1244 2866; x_wconf 89' lang='lat' dir='ltr'>quae</span> <span class='ocrx_word' id='word_1_322' title='bbox 1264 2816 1536 2866; x_wconf 84' lang='lat' dir='ltr'>semigraecae</span> <span class='ocrx_word' id='word_1_323' title='bbox 1555 2815 1686 2860; x_wconf 86' lang='lat' dir='ltr'>erant,</span> <span class='ocrx_word' id='word_1_324' title='bbox 1708 2813 1799 2851; x_wconf 90' lang='lat' dir='ltr'>sine</span> <span class='ocrx_word' id='word_1_325' title='bbox 1825 2811 1890 2850; x_wconf 83' lang='lat' dir='ltr'>die</span> 
     </span>
     <span class='ocr_line' id='line_1_40' title="bbox 293 2878 1888 2928; baseline 0.001 -14"><span class='ocrx_word' id='word_1_326' title='bbox 293 2878 332 2913; x_wconf 85' lang='lat' dir='ltr'>et-</span> <span class='ocrx_word' id='word_1_327' title='bbox 352 2878 527 2927; x_wconf 73' lang='lat' dir='ltr'>consule,</span> <span class='ocrx_word' id='word_1_328' title='bbox 550 2879 698 2918; x_wconf 87' lang='lat' dir='ltr'>alteras</span> <span class='ocrx_word' id='word_1_329' title='bbox 719 2880 783 2918; x_wconf 90' lang='lat' dir='ltr'>die</span> <span class='ocrx_word' id='word_1_330' title='bbox 802 2882 907 2920; x_wconf 83' lang='lat' dir='ltr'>festo</span> <span class='ocrx_word' id='word_1_331' title='bbox 927 2882 1260 2921; x_wconf 87' lang='lat' dir='ltr'>Annunciationi</span> <span class='ocrx_word' id='word_1_332' title='bbox 1281 2882 1511 2921; x_wconf 88' lang='lat' dir='ltr'>dominicae</span> <span class='ocrx_word' id='word_1_333' title='bbox 1533 2880 1685 2918; x_wconf 85' lang='lat' dir='ltr'>Mariae</span> <span class='ocrx_word' id='word_1_334' title='bbox 1704 2878 1888 2928; x_wconf 86' lang='lat' dir='ltr'>scriptas.</span> 
     </span>
    </p>
   </div>
   <div class='ocr_carea' id='block_1_8' title="bbox 293 2950 1885 2996">
    <p class='ocr_par' dir='ltr' id='par_1_14' title="bbox 293 2950 1885 2996">
     <span class='ocr_line' id='line_1_41' title="bbox 293 2950 1885 2996; baseline 0.003 -18"><span class='ocrx_word' id='word_1_335' title='bbox 293 2950 365 2979; x_wconf 67' lang='lat' dir='ltr'>23ss6.</span> <span class='ocrx_word' id='word_1_336' title='bbox 384 2961 435 2989; x_wconf 82' lang='lat'>45.</span> <span class='ocrx_word' id='word_1_337' title='bbox 455 2962 532 2982; x_wconf 82' lang='lat' dir='ltr'>sero</span> <span class='ocrx_word' id='word_1_338' title='bbox 542 2955 583 2984; x_wconf 88' lang='lat' dir='ltr'>H.</span> <span class='ocrx_word' id='word_1_339' title='bbox 631 2955 704 2986; x_wconf 78' lang='lat'>567.</span> <span class='ocrx_word' id='word_1_340' title='bbox 725 2957 772 2986; x_wconf 86' lang='lat'>18.</span> <span class='ocrx_word' id='word_1_341' title='bbox 793 2958 993 2996; x_wconf 82' lang='lat' dir='ltr'>paternitas</span> <span class='ocrx_word' id='word_1_342' title='bbox 1008 2959 1046 2989; x_wconf 82' lang='lat'>0:</span> <span class='ocrx_word' id='word_1_343' title='bbox 1062 2958 1266 2988; x_wconf 80' lang='lat' dir='ltr'>sublimitas</span> <span class='ocrx_word' id='word_1_344' title='bbox 1279 2961 1312 2988; x_wconf 82' lang='lat' dir='ltr'>F.</span> <span class='ocrx_word' id='word_1_345' title='bbox 1361 2957 1437 2988; x_wconf 73' lang='lat'>568,</span> <span class='ocrx_word' id='word_1_346' title='bbox 1455 2966 1484 2987; x_wconf 89' lang='lat'>2.</span> <span class='ocrx_word' id='word_1_347' title='bbox 1504 2953 1812 2986; x_wconf 84' lang='lat' dir='ltr'>Annunciationis</span> <span class='ocrx_word' id='word_1_348' title='bbox 1823 2954 1885 2983; x_wconf 88' lang='lat' dir='ltr'>LB.</span> 
     </span>
    </p>
   </div>
   <div class='ocr_carea' id='block_1_9' title="bbox 337 3009 1813 3072">
    <p class='ocr_par' dir='ltr' id='par_1_15' title="bbox 337 3009 1813 3072">
     <span class='ocr_line' id='line_1_42' title="bbox 337 3009 1813 3072; baseline 0.002 -16"><span class='ocrx_word' id='word_1_349' title='bbox 337 3009 498 3066; x_wconf 42' lang='lat' dir='ltr'>566s45‘s</span> <span class='ocrx_word' id='word_1_350' title='bbox 515 3011 642 3070; x_wconf 47' lang='grc' dir='ltr'><strong>561511ςῖ</strong></span> <span class='ocrx_word' id='word_1_351' title='bbox 654 3031 705 3061; x_wconf 81' lang='lat' dir='ltr'>ef.</span> <span class='ocrx_word' id='word_1_352' title='bbox 725 3031 811 3062; x_wconf 72' lang='lat' dir='ltr'>Hor.</span> <span class='ocrx_word' id='word_1_353' title='bbox 832 3034 910 3064; x_wconf 63' lang='grc'><strong>0.·1.</strong></span> <span class='ocrx_word' id='word_1_354' title='bbox 931 3043 960 3065; x_wconf 74' lang='lat'>2,</span> <span class='ocrx_word' id='word_1_355' title='bbox 979 3043 1030 3072; x_wconf 73' lang='lat'>45.</span> <span class='ocrx_word' id='word_1_356' title='bbox 1171 3034 1244 3064; x_wconf 80' lang='lat'>568.</span> <span class='ocrx_word' id='word_1_357' title='bbox 1276 3043 1301 3064; x_wconf 89' lang='lat'>1.</span> <span class='ocrx_word' id='word_1_358' title='bbox 1329 3031 1523 3072; x_wconf 67' lang='lat' dir='ltr'>ntem-nias]</span> <span class='ocrx_word' id='word_1_359' title='bbox 1548 3031 1641 3062; x_wconf 75' lang='lat' dir='ltr'>Both</span> <span class='ocrx_word' id='word_1_360' title='bbox 1658 3039 1718 3061; x_wconf 80' lang='lat' dir='ltr'>are</span> <span class='ocrx_word' id='word_1_361' title='bbox 1735 3029 1813 3060; x_wconf 76' lang='lat' dir='ltr'>lost.</span> 
     </span>
    </p>
   </div>
  </div>
 </body>
</html>
