2010 3417
133 144 231 201 502]
621 149 775 190 FRoM
812 149 1046 189 THOMAs
1084 147 1240 188 MORE
1647 144 1726 184 421

134 258 264 307 lucis;
306 260 449 299 eadem
486 260 692 310 ademptis
724 260 870 310 figuris
899 259 1065 299 Graecis
1093 258 1241 298 Latine
1275 257 1366 306 dici,
1398 257 1524 297 etiam
1553 257 1590 296 si
1618 255 1728 295 nihil

136 324 251 364 aliud
270 325 315 364 in
334 325 518 365 editione
535 326 717 375 Vulgata
734 325 880 364 fuisset
899 325 1073 364 mendae
1092 324 1200 375 quod
1227 325 1472 362 mutaretur.
1530 321 1729 372 Vtopiam

136 392 334 438 nostram,
366 404 418 429 ex
450 392 535 430 tuis
564 391 716 430 litteris
753 393 947 441 concepta
974 404 1045 440 spe
1083 402 1208 440 quam
1238 389 1358 427 auide
1389 389 1552 437 deuoro,
1594 387 1729 426 indies
1750 399 1790 430 25

134 468 247 494 nunc
266 458 435 506 expecto
454 456 565 494 haud
586 456 667 495 alio
685 456 825 495 animo
845 469 970 506 quam
985 456 1118 494 mater
1136 467 1302 505 peregre
1317 453 1558 492 redeuntem
1577 452 1726 492 filium.

136 520 252 569 Vale,
273 520 445 560 Erasme
465 521 714 560 dulcissime.

189 585 376 625 Londini
395 586 546 636 raptim
572 592 640 633 150
659 586 912 625 Decembris.

187 651 285 690 Misi
312 651 475 690 litteras
503 654 596 690 tuas
625 651 876 700 Lathimero,
903 664 977 690 nec
1006 650 1151 689 dubito
1180 650 1388 690 facturum
1418 650 1526 699 quod
1552 649 1627 697 vis,
1657 647 1728 687 sed

137 716 262 755 etiam
282 716 461 756 libenter
476 717 695 756 facturum.
752 717 867 756 onr
885 730 978 755 mea
995 716 1150 755 millies
1176 715 1255 754 tibi
1280 715 1457 753 salutem
1484 713 1608 753 iussit
1634 712 1726 760 dici,
1747 725 1789 756 30

133 783 259 832 atque
276 782 345 832 agi
368 782 495 821 etiam
520 782 673 832 gratias
699 782 749 821 de
775 785 863 820 tam
889 783 1073 821 accurata
1093 781 1343 819 salutatione
1361 782 1444 828 tua,
1467 792 1548 829 qua
1568 779 1728 828 longae-

134 846 310 886 uitatem
341 848 380 886 ei
408 849 598 897 precatus
631 860 698 896 es3
737 848 855 886 cuius
884 849 958 895 est,
989 849 1036 886 vt
1068 846 1136 895 ait,
1168 846 1261 884 ideo
1299 845 1469 894 auidior,
1502 857 1584 895 quo
1618 843 1727 882 mihi

136 913 270 963 possit
288 912 448 952 diutius
468 926 556 952 esse
575 912 760 952 molesta.

534 1049 670 1103 503528
729 1046 862 1088 FROM
897 1046 1050 1088 PETER
1079 1045 1321 1087 VITERIL's.

180 1136 368 1174 Deventer
384 1137 461 1174 MS.
482 1148 538 1184 91,
559 1138 584 1173 f.
606 1148 671 1183 159
687 1142 738 1173 νο.
1407 1134 1571 1182 (Paris.)

177 1196 251 1232 LB.
267 1196 362 1242 App.
383 1206 441 1242 95.
1293 1195 1333 1231 18
1352 1194 1559 1230 December
1579 1194 1683 1238 1516.

428 1300 597 1330 PETRVS
626 1300 840 1330 VITERIVS
872 1299 1051 1330 DOMINO
1083 1298 1264 1328 ERASMO
1295 1297 1366 1328 Ro.
1394 1297 1427 1327 S.

186 1380 325 1420 SALvE
343 1380 542 1430 multum,
565 1381 869 1420 studiosissime
892 1383 1145 1431 praeceptor.
1206 1380 1295 1430 Ego
1321 1391 1421 1417 sane
1446 1377 1724 1417 vehementis-

132 1447 240 1486 sime
257 1446 376 1486 doleo
395 1447 504 1497 quod
524 1447 607 1485 iam
627 1446 737 1486 nihil
760 1459 837 1485 nos
857 1446 1026 1496 respicis
1042 1462 1051 1495 3
1079 1445 1151 1496 qui
1170 1447 1242 1484 tuo
1263 1444 1364 1483 olim
1380 1443 1505 1482 vnius
1524 1442 1728 1493 praesidio

134 1513 324 1551 seruatus
344 1512 442 1551 viuo
467 1514 508 1551 et
531 1511 660 1552 valeo.
720 1511 886 1551 Scilicet
912 1512 995 1550 huc
1022 1524 1099 1550 nos
1126 1510 1293 1559 misisti,
1325 1511 1373 1548 vt
1395 1510 1466 1547 tuo
1494 1508 1730 1559 gratissimo

132 1580 257 1629 atque
285 1577 553 1617 amenissimo
582 1579 751 1628 aspectu
778 1590 1022 1626 careremus,
1054 1578 1103 1616 vt
1132 1579 1205 1615 tuo
1238 1574 1488 1615 suauissimo
1521 1573 1729 1623 colloquio

131 1643 216 1682 frui
233 1655 320 1682 non
337 1643 491 1682 liceret.
544 1643 655 1681 Nam
675 1643 776 1693 quid
795 1643 966 1681 tandem
982 1642 1090 1680 mihi
1107 1641 1241 1680 animi
1259 1653 1346 1679 esse
1366 1639 1507 1688 credis,
1529 1639 1601 1689 qui
1619 1639 1727 1688 apud
1745 1648 1763 1680 5

133 1720 283 1747 omnes
313 1709 470 1758 passim
502 1709 668 1747 Erasmi
700 1708 928 1758 discipulus
960 1706 1161 1745 beneficio
1194 1709 1266 1744 tuo
1297 1704 1527 1743 immortali
1558 1703 1725 1751 vociter,

137 1787 213 1813 nec
231 1773 389 1823 possim
413 1773 482 1811 vel
501 1773 766 1822 epistolulam
786 1773 934 1811 saltem
951 1773 1083 1812 vllam
1109 1772 1160 1810 ad
1185 1785 1254 1810 me
1278 1771 1453 1809 missam
1480 1769 1729 1808 ostendere?

134 1838 272 1878 Nimis
289 1839 472 1888 profecto
492 1838 648 1877 oblitus
661 1851 704 1876 es
719 1838 813 1887 mei,
828 1839 956 1876 nimis
975 1851 1071 1887 erga
1086 1837 1339 1886 discipulum
1350 1836 1500 1874 misere
1516 1836 1727 1873 amantem

135 1905 266 1944 durus
284 1916 534 1954 seuerusque
551 1917 605 1942 es.
663 1903 730 1942 Sic
749 1917 816 1942 me
836 1904 984 1942 iuuent
1001 1903 1138 1953 superi
1155 1904 1202 1941 vt
1221 1901 1421 1940 scribenti
1447 1900 1554 1939 mihi
1579 1899 1728 1938 lachri-

132 1982 299 2009 marum
327 1970 445 2007 tanta
471 1969 538 2008 vis
566 1970 750 2008 exoritur
776 1971 824 2008 vt
850 1969 994 2008 vultus
1021 1982 1045 2007 a
1073 1969 1184 2006 carta
1211 1980 1330 2017 cogar
1367 1966 1569 2014 diducere,
1602 1966 1722 2004 tanto
1748 1973 1787 1996 10

135 2034 349 2084 desyderio
382 2035 592 2083 accendor,
628 2037 717 2073 tam
753 2034 913 2084 perdite
945 2034 1104 2072 litteras
1135 2034 1228 2071 tuas
1259 2031 1462 2081 percupio.
1522 2032 1584 2069 At
1616 2030 1728 2069 dices

133 2099 309 2138 fortasse
342 2099 482 2149 ipsum
509 2112 578 2138 me
606 2099 842 2138 litterarum
869 2098 981 2138 nihil
1012 2098 1173 2137 dedisse
1202 2097 1289 2136 tibi.
1346 2097 1406 2135 At
1434 2109 1508 2147 ego
1536 2095 1623 2143 feci,
1656 2107 1729 2144 per

134 2164 293 2214 Iouem,
321 2165 446 2216 idque
471 2165 622 2215 sepius.
680 2164 955 2214 Quamobrem
980 2165 1249 2203 vehementer
1276 2163 1459 2202 admiror
1477 2162 1544 2200 vel
1567 2160 1727 2200 nullam

137 2230 189 2270 ad
208 2232 251 2270 te
267 2230 508 2281 peruenisse
527 2230 751 2281 epistolam
772 2230 848 2278 vel,
871 2230 981 2280 quod
1001 2230 1161 2268 credere
1180 2242 1348 2279 nequeo,
1367 2229 1408 2266 te
1427 2227 1727 2276 contempsisse

133 2297 205 2334 aut
233 2295 360 2335 nihili
386 2296 557 2336 fecisse:
596 2308 835 2346 quanquam
857 2308 942 2334 non
969 2295 1158 2344 ignorem
1185 2293 1243 2332 ita
1269 2292 1528 2344 grauioribus
1549 2294 1590 2330 te
1614 2304 1727 2330 occu·
1745 2299 1785 2332 15

132 2362 278 2410 patum
305 2361 456 2401 studiis
482 2363 531 2401 vt
558 2361 631 2400 vix
658 2361 802 2400 fricare
830 2373 949 2399 aures
976 2359 1112 2398 liceat.
1188 2360 1249 2398 At
1276 2358 1557 2408 respiciendus
1584 2358 1726 2395 tamen

134 2438 436 2477 nonnunquam
473 2426 630 2466 amicus
667 2428 742 2476 est,
780 2425 987 2465 eiusmodi
1027 2424 1274 2475 praesertim
1307 2423 1380 2475 qui
1416 2422 1462 2460 in
1508 2424 1549 2460 te
1586 2420 1725 2459 solum

136 2490 303 2530 vnicam
327 2504 442 2541 spem
468 2491 698 2540 collocauit,
721 2492 794 2542 qui
819 2492 891 2529 tua
917 2503 991 2539 ope
1015 2490 1194 2537 adiutus,
1220 2487 1426 2538 praesidio
1450 2487 1595 2533 fultus,
1616 2498 1726 2536 prae·

131 2556 250 2595 conio
281 2569 441 2607 quoque
474 2555 712 2595 illustratus
744 2569 828 2595 non
859 2568 976 2593 secus
1008 2567 1054 2593 ac
1086 2566 1242 2592 numen
1276 2552 1483 2602 quoddam
1513 2553 1725 2589 terrenum

136 2621 309 2670 suspicit
327 2622 451 2670 atque
470 2620 676 2661 obseruat.
1744 2624 1785 2647 20

186 2686 279 2725 Hoc
298 2685 427 2735 igitur
445 2685 523 2723 tibi
540 2685 786 2735 persuadeas
805 2684 944 2732 velim,
966 2683 1210 2722 suauissime
1236 2682 1486 2733 praeceptor,
1507 2683 1594 2720 tam
1617 2680 1725 2719 mihi

134 2764 247 2790 nunc
279 2751 365 2789 fore
402 2749 698 2800 grauissimum
732 2751 767 2788 si
800 2748 953 2788 deseris
986 2761 1073 2795 nos,
1109 2759 1237 2798 quam
1266 2746 1349 2784 fuit
1381 2745 1724 2785 honestissimum

136 2819 260 2867 atque
277 2815 552 2854 vtih‘ssimum
571 2814 731 2854 laudari
749 2814 823 2854 abs
841 2816 894 2863 te,
915 2813 1005 2852 viro
1025 2825 1111 2851 non
1129 2811 1299 2850 mortali
1317 2811 1389 2849 sed
1408 2811 1552 2849 diuino
1571 2811 1720 2861 potius,

134 2882 283 2921 saltem
308 2880 537 2919 immortali
554 2893 600 2919 ac
619 2879 763 2919 diuina
788 2878 995 2929 sapientia
1022 2876 1220 2929 praedito.
1279 2876 1557 2926 Quamobrem
1583 2879 1623 2916 te
1651 2889 1724 2927 per

173 2997 249 3029 502.
266 3006 318 3037 29.
341 2994 499 3037 litteras]
525 2995 575 3027 Cf.
593 2995 656 3035 Ep.
673 3005 746 3035 520.
769 3005 796 3026 1.
1001 2993 1075 3024 503.
1092 2993 1122 3024 6.
1153 2991 1344 3033 beneficio]
1376 2991 1429 3023 Cf.
1445 2991 1509 3033 Ep.
1526 2991 1582 3022 66.
