2010 3417
285 171 365 209 422
753 168 1003 207 LETTERS
1041 167 1111 206 OF
1148 166 1413 206 ERASMUS
1753 163 1881 217 [1516

229 295 266 327 25
286 282 467 319 veterem
496 280 681 317 nostram
710 278 948 327 amicitiam,
970 290 1044 327 per
1072 276 1290 327 ingenium
1319 278 1442 315 tuum
1471 278 1512 315 te
1540 277 1732 326 obtestor,
1755 278 1800 315 vt
1828 275 1880 314 ad

286 357 353 383 me
383 343 563 393 digneris
594 343 660 382 vel
691 342 869 382 salutem
901 342 1105 381 duntaxat
1139 341 1436 381 transmittere.
1494 341 1586 380 Hoc
1621 342 1727 381 mihi
1756 341 1882 380 fuerit

286 408 446 457 gratius
483 422 608 459 quam
642 407 677 447 si
710 421 734 447 a
764 407 1031 458 magnanimo
1062 420 1157 458 rege
1190 407 1368 445 summis
1400 406 1548 456 opibus
1578 406 1762 446 donarer.
1821 406 1886 444 De

287 473 439 512 studiis
467 474 622 512 nostris
650 473 757 512 nihil
786 474 837 512 ad
866 476 908 512 te
936 473 1020 511 iam
1044 472 1325 522 rescripturus
1351 484 1470 520 sum;
1510 471 1655 522 scripsi
1683 471 1885 522 proximis

286 538 451 579 litteris.
509 539 600 577 Hoc
620 540 787 578 tantum
808 538 984 586 noueris,
1009 550 1077 576 me
1096 538 1140 576 in
1160 536 1357 576 docendis
1376 536 1598 576 iuuenibus
1620 549 1725 587 pene
1744 537 1888 576 labore

229 622 268 653 30
287 604 521 644 confectum
540 619 548 651 ;
578 606 649 655 qui
669 605 706 643 si
732 604 898 655 quando
919 605 1061 651 cessat,
1084 602 1278 652 confugio
1297 615 1395 641 mox
1415 602 1466 640 ad
1487 602 1662 641 Graium
1681 604 1814 650 tuum,
1836 603 1883 639 vt

287 670 336 708 de
356 671 409 719 te,
432 671 597 720 quando
618 670 731 709 aliud
752 683 837 708 non
857 670 965 718 licet,
982 668 1205 719 loquamur
1223 681 1316 706 vna.
1377 667 1458 716 Qui
1477 667 1583 706 mihi
1603 681 1698 706 cum
1717 667 1885 717 propter

287 748 384 774 suas
402 735 592 784 virtutes,
615 737 708 774 tum
729 736 807 774 hoc
827 735 948 785 longe
968 736 1030 773 est
1051 733 1233 781 amicior,
1257 733 1367 783 quod
1388 732 1451 771 tui
1471 734 1512 771 et
1532 732 1886 772 studiosissimum

287 802 328 839 et
347 801 687 840 amantissimum
703 814 792 840 esse
812 801 933 839 facile
953 799 1144 850 perspexi
1160 813 1169 846 ;
1190 799 1260 837 sed
1282 799 1366 836 iam
1380 798 1431 836 ad
1447 799 1688 837 consuetam
1705 806 1883 848 operam,

288 866 366 905 hoc
396 867 457 905 est
488 867 539 905 ad
573 866 746 905 iuuenes
778 865 1039 913 erudiendos,
1071 867 1240 914 tempus
1269 877 1336 902 me
1370 864 1502 903 vocat.
1561 863 1651 911 Fac,
1686 864 1722 902 si
1754 874 1885 909 amas,

229 940 268 971 35
289 932 474 979 Bramme,
494 931 646 970 Viterii
666 931 731 969 tui
750 930 1004 969 memineris.

344 997 408 1035 Ex
427 997 631 1047 palaestra
650 998 793 1036 nostra
813 996 1037 1036 Nauarrica
1056 1008 1110 1034 xv
1130 994 1218 1034 Cal.
1238 993 1425 1032 Ianuarii
1450 996 1562 1041 1516.

725 1151 821 1191 504.
883 1148 1015 1189 FROM
1050 1146 1245 1188 GERARD
1276 1146 1454 1188 Lisrfflz.

336 1240 520 1276 Deventer
537 1238 617 1275 MS.
636 1249 694 1284 91,
713 1238 738 1274 f.
761 1241 825 1274 108
845 1243 894 1274 νο.
1544 1236 1690 1272 Zwolle.

337 1297 411 1334 LB.
428 1298 524 1344 App.
543 1308 624 1343 225.
1398 1297 1442 1331 28
1463 1295 1668 1331 December
1689 1293 1843 1342 (1516).

335 1378 549 1421 [Evidently
564 1378 845 1418 accompanymg
862 1377 923 1408 the
941 1387 1030 1417 copy
1046 1377 1084 1407 of
1102 1377 1159 1408 the
1178 1375 1326 1416 Gospels
1342 1375 1463 1407 which
1488 1376 1638 1407 reached
1656 1376 1825 1408 Erasmus
1850 1376 1890 1407 in

293 1423 477 1463 January3
501 1424 545 1454 cf.
564 1422 627 1462 Ep.
647 1431 721 1461 515.
741 1421 836 1461 3—5.]

677 1520 857 1551 DOMINO
888 1519 1068 1550 ERASMO
1099 1518 1314 1549 LYSTRIVS
1344 1519 1375 1550 S.
1403 1519 1439 1550 P.
1467 1519 1508 1548 D.

348 1602 502 1641 Lucus
526 1601 680 1640 litteris
706 1600 802 1647 tuis,
825 1601 994 1639 domine
1019 1601 1201 1649 Erasme,
1225 1601 1373 1639 statim
1392 1600 1532 1639 volaui
1557 1600 1602 1638 in
1626 1603 1824 1646 montem,
1845 1603 1892 1639 vt

293 1668 607 1719 quamprimum
627 1667 839 1705 mitterem
858 1666 1089 1716 Euangelia
1110 1666 1263 1705 Graeca
1280 1680 1289 1713 3
1309 1666 1379 1704 sed
1401 1679 1448 1704 ea
1467 1665 1575 1704 forte
1594 1666 1760 1704 fortuna
1771 1665 1895 1704 Prior

292 1733 339 1771 in
371 1734 483 1772 terra.
515 1732 700 1772 Oliuensi
730 1731 897 1770 cuidam
932 1731 1041 1781 patri
1072 1730 1274 1770 concessit
1307 1731 1472 1769 vtenda.
1532 1731 1680 1781 Itaque
1715 1731 1895 1781 acceptis

292 1798 445 1837 litteris
470 1794 494 1837 a
519 1800 637 1847 patre
659 1809 837 1846 puerum
865 1809 1004 1835 meum
1035 1796 1138 1835 iussi
1165 1797 1225 1834 ire
1254 1796 1299 1834 in
1318 1795 1488 1834 vltimas
1514 1795 1674 1835 Cliuiae
1699 1796 1890 1836 latebras.

257 1880 274 1911 5
294 1864 473 1902 Interim
491 1862 720 1912 bibliopola
747 1861 915 1912 quidam
942 1861 1099 1900 isthinc
1118 1862 1245 1909 venit,
1267 1861 1339 1912 qui
1365 1860 1526 1900 dicebat
1554 1861 1679 1900 isthic
1706 1863 1896 1901 constan-

294 1928 500 1967 tissimam
529 1941 617 1966 esse
648 1927 803 1966 famam
832 1929 872 1965 te
902 1927 947 1965 in
976 1926 1177 1977 Angliam
1206 1926 1380 1975 abiisse;
1414 1927 1552 1977 itaque
1581 1926 1774 1966 dubitaui
1800 1926 1896 1965 mit-

294 1996 482 2032 teremne
500 1993 656 2032 librum
677 2005 817 2031 necne.
876 1992 1041 2031 Placuit
1069 1994 1211 2031 tamen
1232 1993 1427 2040 mittere3
1456 1992 1592 2031 solent
1611 1991 1725 2031 enim
1755 2006 1895 2031 rumu-

295 2059 401 2098 sculi
432 2059 673 2109 plerumque
704 2058 804 2097 vani
833 2070 932 2097 esse.
993 2057 1074 2096 Sed
1106 2058 1236 2096 timeo
1269 2059 1315 2097 vt
1348 2070 1496 2107 parum
1530 2057 1608 2095 tibi
1645 2056 1750 2096 liber
1778 2058 1898 2097 vtilis

294 2124 462 2163 futurus
481 2123 546 2161 sit.

240 2205 279 2227 10
350 2189 532 2228 Ioannes
566 2187 947 2238 Longicampianus
977 2187 1138 2238 egregie
1168 2187 1234 2226 hic
1274 2187 1481 2227 incumbit
1515 2190 1555 2227 et
1591 2187 1899 2228 mathematicis

297 2253 420 2293 rebus
439 2255 480 2292 et
501 2253 667 2293 Graecis
693 2253 847 2292 litteris
867 2268 876 2301 ;
910 2255 1029 2291 tanta
1047 2256 1187 2292 autem
1207 2266 1397 2292 meorum
1415 2254 1458 2292 et
1475 2253 1665 2292 laborum
1683 2253 1898 2292 scholasti·

298 2332 440 2358 corum
453 2319 564 2358 mole
591 2319 741 2357 obruor
766 2321 812 2358 vt
832 2319 904 2357 vix
922 2320 1039 2358 vacet
1058 2319 1262 2369 inspicere
1280 2318 1449 2357 librum.
1482 2319 1645 2369 Itaque
1656 2318 1897 2358 incredibile

298 2384 411 2424 dictu
431 2387 494 2423 est
514 2386 711 2434 quantam
731 2384 933 2423 iacturam
952 2384 1186 2423 litterarum
1206 2384 1356 2423 faciam
1376 2399 1384 2432 3
1424 2386 1466 2423 et
1486 2397 1723 2435 quanquam
1741 2397 1900 2424 merces

341 2488 416 2519 503.
436 2498 490 2527 30.
514 2489 530 2518 ⁵?
541 2488 690 2518 Graium
706 2498 714 2517 ε
739 2489 925 2525 τῖεςβοντηαυὶί
942 2489 1011 2518 edif.
1032 2490 1095 2519 LB.
1112 2492 1140 2518 τι
1156 2487 1304 2518 Greium
1321 2489 1434 2525 zeqeret.
1538 2497 1592 2526 32.
1616 2487 1764 2518 amicior
1779 2497 1898 2526 quoque

311 2535 474 2569 ncertum;
497 2535 608 2569 qm'ppe
625 2534 664 2561 ab
681 2534 751 2563 edit,
773 2534 834 2562 LB.
855 2534 1071 2562 oblitteratum.
1189 2531 1265 2563 504.
1282 2541 1312 2562 2.
1339 2531 1529 2571 Euaggelia
1546 2534 1615 2562 MS.
1631 2542 1638 2562 :
1661 2541 1735 2562 corr.
1756 2534 1819 2562 LB.

344 2632 418 2662 503.
438 2641 491 2670 30.
510 2631 676 2671 Graium]
695 2631 758 2662 See
776 2631 837 2670 Ep.
855 2631 897 2669 58
914 2630 1047 2661 intrcd.
1135 2630 1225 2660 with
1256 2640 1276 2660 a
1306 2630 1447 2670 preface
1476 2630 1583 2662 dated
1612 2640 1655 2670 23
1684 2631 1770 2662 Nov.
1803 2639 1898 2670 1519.

345 2675 421 2707 504.
460 2686 486 2706 1.
532 2674 707 2714 montem]
755 2674 820 2705 Mt.
853 2675 903 2705 st.
934 2673 1062 2713 Agnes
1135 2673 1261 2704 Albert
1285 2673 1520 2714 Hardenberg
1544 2675 1583 2705 in
1607 2675 1665 2705 his
1690 2674 1899 2706 collections
1946 2693 1949 2696 -

301 2728 321 2749 a
359 2719 468 2749 house
506 2718 545 2749 of
577 2718 713 2749 Austin
750 2727 885 2748 canons
925 2717 1067 2748 outside
1136 2718 1190 2748 for
1219 2717 1281 2748 the
1312 2717 1374 2749 life
1403 2718 1442 2748 of
1468 2717 1605 2748 Wessel
1632 2717 1799 2757 (Munich
1826 2718 1898 2750 MS.

302 2762 443 2793 Zwolle.
490 2762 526 2792 It
547 2771 620 2792 was
640 2761 797 2792 founded
820 2761 859 2791 in
884 2762 977 2800 1398,
995 2761 1067 2791 and
1137 2760 1226 2799 Lat„
1243 2760 1340 2793 Cam.
1362 2771 1389 2801 1,
1411 2761 1451 2794 ff.
1478 2770 1512 2792 11
1527 2764 1586 2801 v⁰.‚
1609 2761 1663 2802 12)
1687 2763 1795 2793 states
1817 2763 1897 2793 that

302 2815 375 2836 was
403 2807 462 2836 the
489 2806 595 2835 home
622 2805 660 2835 of
681 2805 834 2835 Thomas
862 2806 882 2835 Ξι
909 2804 1069 2844 Kempis.
1137 2804 1282 2844 Gerard,
1307 2805 1426 2836 whom
1449 2806 1495 2836 he
1524 2806 1612 2835 cites
1635 2814 1672 2835 as
1694 2814 1762 2836 one
1784 2804 1824 2836 of
1842 2805 1899 2835 his

304 2849 367 2879 See
382 2858 453 2879 van
470 2849 644 2888 Heussen,
663 2848 853 2887 Deventer,
872 2857 928 2888 pp.
949 2857 1019 2887 124,
1025 2857 1055 2886 5.
1136 2848 1364 2887 authorities,
1400 2848 1474 2879 had
1511 2848 1630 2879 learnt
1671 2848 1787 2880 Greek
1826 2847 1898 2880 and

352 2900 382 2923 2.
406 2891 522 2932 Prior]
547 2891 725 2931 Probably
746 2892 881 2922 Gerard
906 2891 945 2921 of
965 2891 1068 2922 Klos-
1137 2891 1293 2922 Heln-ew
1310 2892 1401 2923 from
1416 2891 1561 2923 Wessel.
1608 2891 1670 2922 See
1689 2892 1761 2922 also
1784 2891 1899 2923 Hora-

306 2936 371 2972 ter,
399 2944 484 2965 near
505 2935 715 2967 Wittmund
742 2936 782 2965 in
806 2935 845 2965 E.
870 2934 1067 2969 Friesland,
1136 2934 1230 2974 witz,
1245 2938 1399 2966 Erasmus
1414 2939 1482 2966 mul
1495 2937 1657 2966 Martinus
1673 2937 1813 2974 Lipsius,
1831 2935 1894 2973 xii,

305 2979 342 3007 to
365 2977 485 3007 whom
510 2978 625 3009 Lister
647 2978 857 3009 afterwards
880 2978 1067 3009 dedicated
1136 2979 1213 3016 xiii,
1231 2978 1293 3010 lvi.
1900 2982 1902 2985 '

307 3020 364 3050 his
388 3023 428 3050 De
445 3024 560 3059 ,ἥρωές
582 3026 607 3050 ιι
630 3024 724 3057 tropis
741 3022 820 3062 (Ep.
838 3031 901 3060 495
919 3022 1066 3060 introd.)
1185 3032 1233 3053 10.
1247 3021 1584 3062 Longicampianus]
1601 3021 1896 3062 Cf.Ep.496.1on.
