<?xml version="1.0" encoding="UTF-8"?>
<!DOCTYPE html PUBLIC "-//W3C//DTD XHTML 1.0 Transitional//EN"
    "http://www.w3.org/TR/xhtml1/DTD/xhtml1-transitional.dtd">
<html xmlns="http://www.w3.org/1999/xhtml" xml:lang="en" lang="en">
 <head>
  <title>
</title>
<meta http-equiv="Content-Type" content="text/html;charset=utf-8" />
  <meta name='ocr-system' content='tesseract 3.04.00' />
  <meta name='ocr-capabilities' content='ocr_page ocr_carea ocr_par ocr_line ocrx_word'/>
</head>
<body>
  <div class='ocr_page' id='page_1' title='image "./lta-2000/opusepistolarumd02erasuoft/opusepistolarumd02erasuoft_0264.png"; bbox 0 0 2010 3417; ppageno 0'>
   <div class='ocr_carea' id='block_1_1' title="bbox 268 106 1860 161">
    <p class='ocr_par' dir='ltr' id='par_1_1' title="bbox 268 106 1860 161">
     <span class='ocr_line' id='line_1_1' title="bbox 268 106 1860 161; baseline -0.011 0"><span class='ocrx_word' id='word_1_1' title='bbox 268 123 348 161; x_wconf 82' lang='lat'>238</span> <span class='ocrx_word' id='word_1_2' title='bbox 730 114 981 156; x_wconf 83' lang='lat' dir='ltr'><strong>LETTERS</strong></span> <span class='ocrx_word' id='word_1_3' title='bbox 1019 113 1089 153; x_wconf 87' lang='lat' dir='ltr'>OF</span> <span class='ocrx_word' id='word_1_4' title='bbox 1127 112 1394 151; x_wconf 80' lang='lat' dir='ltr'>ERASMUS</span> <span class='ocrx_word' id='word_1_5' title='bbox 1736 106 1860 160; x_wconf 89' lang='lat'><strong>[1516</strong></span> 
     </span>
    </p>
   </div>
   <div class='ocr_carea' id='block_1_2' title="bbox 216 216 1866 464">
    <p class='ocr_par' dir='ltr' id='par_1_2' title="bbox 323 216 1864 270">
     <span class='ocr_line' id='line_1_2' title="bbox 323 216 1864 270; baseline -0.009 -2"><span class='ocrx_word' id='word_1_6' title='bbox 323 229 409 269; x_wconf 87' lang='lat' dir='ltr'>Nos</span> <span class='ocrx_word' id='word_1_7' title='bbox 433 229 508 266; x_wconf 90' lang='lat' dir='ltr'>hec</span> <span class='ocrx_word' id='word_1_8' title='bbox 534 227 618 265; x_wconf 83' lang='lat' dir='ltr'>iam</span> <span class='ocrx_word' id='word_1_9' title='bbox 644 227 694 264; x_wconf 90' lang='lat' dir='ltr'>ad</span> <span class='ocrx_word' id='word_1_10' title='bbox 720 227 799 264; x_wconf 87' lang='lat' dir='ltr'>iter</span> <span class='ocrx_word' id='word_1_11' title='bbox 823 223 997 262; x_wconf 73' lang='lat' dir='ltr'>accincti</span> <span class='ocrx_word' id='word_1_12' title='bbox 1022 221 1276 270; x_wconf 84' lang='lat' dir='ltr'>scripsimus.</span> <span class='ocrx_word' id='word_1_13' title='bbox 1337 218 1632 268; x_wconf 59' lang='lat' dir='ltr'>Argutis-simis</span> <span class='ocrx_word' id='word_1_14' title='bbox 1651 217 1763 256; x_wconf 88' lang='lat' dir='ltr'>Zasii</span> <span class='ocrx_word' id='word_1_15' title='bbox 1782 216 1864 256; x_wconf 90' lang='lat' dir='ltr'>mei</span> 
     </span>
    </p>

    <p class='ocr_par' dir='ltr' id='par_1_3' title="bbox 269 281 1866 341">
     <span class='ocr_line' id='line_1_3' title="bbox 269 281 1866 341; baseline -0.009 -7"><span class='ocrx_word' id='word_1_16' title='bbox 269 294 419 335; x_wconf 84' lang='lat' dir='ltr'>litteris</span> <span class='ocrx_word' id='word_1_17' title='bbox 446 292 692 341; x_wconf 85' lang='lat' dir='ltr'>respondere</span> <span class='ocrx_word' id='word_1_18' title='bbox 712 303 797 328; x_wconf 91' lang='lat' dir='ltr'>non</span> <span class='ocrx_word' id='word_1_19' title='bbox 815 288 997 327; x_wconf 86' lang='lat' dir='ltr'>vacabat.</span> <span class='ocrx_word' id='word_1_20' title='bbox 1049 286 1132 325; x_wconf 89' lang='lat' dir='ltr'>Vbi</span> <span class='ocrx_word' id='word_1_21' title='bbox 1151 285 1316 323; x_wconf 88' lang='lat' dir='ltr'>dabitur</span> <span class='ocrx_word' id='word_1_22' title='bbox 1335 283 1482 330; x_wconf 86' lang='lat' dir='ltr'>ocium,</span> <span class='ocrx_word' id='word_1_23' title='bbox 1505 282 1573 322; x_wconf 87' lang='lat' dir='ltr'>vel</span> <span class='ocrx_word' id='word_1_24' title='bbox 1592 281 1711 320; x_wconf 90' lang='lat' dir='ltr'>libris</span> <span class='ocrx_word' id='word_1_25' title='bbox 1735 281 1866 320; x_wconf 90' lang='lat' dir='ltr'>homi-</span> 
     </span>
    </p>

    <p class='ocr_par' dir='ltr' id='par_1_4' title="bbox 216 346 1863 464">
     <span class='ocr_line' id='line_1_4' title="bbox 216 346 1863 407; baseline -0.007 -11"><span class='ocrx_word' id='word_1_26' title='bbox 216 374 254 396; x_wconf 90' lang='lat'>10</span> <span class='ocrx_word' id='word_1_27' title='bbox 271 372 366 399; x_wconf 89' lang='lat' dir='ltr'>nem</span> <span class='ocrx_word' id='word_1_28' title='bbox 386 356 623 407; x_wconf 87' lang='lat' dir='ltr'>prouocabo.</span> <span class='ocrx_word' id='word_1_29' title='bbox 676 355 798 393; x_wconf 85' lang='lat' dir='ltr'>Solus</span> <span class='ocrx_word' id='word_1_30' title='bbox 818 355 1121 392; x_wconf 79' lang='lat' dir='ltr'>Germanorum</span> <span class='ocrx_word' id='word_1_31' title='bbox 1142 349 1248 389; x_wconf 90' lang='lat' dir='ltr'>mihi</span> <span class='ocrx_word' id='word_1_32' title='bbox 1266 349 1434 388; x_wconf 87' lang='lat' dir='ltr'>videtur</span> <span class='ocrx_word' id='word_1_33' title='bbox 1452 347 1576 397; x_wconf 88' lang='lat' dir='ltr'>loqui.</span> <span class='ocrx_word' id='word_1_34' title='bbox 1628 346 1743 385; x_wconf 87' lang='lat' dir='ltr'>Bene</span> <span class='ocrx_word' id='word_1_35' title='bbox 1761 347 1863 386; x_wconf 83' lang='lat' dir='ltr'>vale.</span> 
     </span>
     <span class='ocr_line' id='line_1_5' title="bbox 272 424 468 464; baseline -0.02 0"><span class='ocrx_word' id='word_1_36' title='bbox 272 424 468 464; x_wconf 86' lang='lat' dir='ltr'>Basileae.</span> 
     </span>
    </p>
   </div>
   <div class='ocr_carea' id='block_1_3' title="bbox 272 497 1871 626">
    <p class='ocr_par' dir='ltr' id='par_1_5' title="bbox 272 497 1871 626">
     <span class='ocr_line' id='line_1_6' title="bbox 326 497 1871 558; baseline -0.007 -9"><span class='ocrx_word' id='word_1_37' title='bbox 326 510 531 549; x_wconf 81' lang='lat' dir='ltr'>Omnibus</span> <span class='ocrx_word' id='word_1_38' title='bbox 548 508 777 558; x_wconf 87' lang='lat' dir='ltr'>gratiarum</span> <span class='ocrx_word' id='word_1_39' title='bbox 797 505 965 544; x_wconf 83' lang='lat' dir='ltr'>dotibus</span> <span class='ocrx_word' id='word_1_40' title='bbox 983 502 1166 554; x_wconf 84' lang='lat' dir='ltr'>expolito</span> <span class='ocrx_word' id='word_1_41' title='bbox 1186 502 1329 541; x_wconf 89' lang='lat' dir='ltr'>iuueni</span> <span class='ocrx_word' id='word_1_42' title='bbox 1349 499 1565 539; x_wconf 87' lang='lat' dir='ltr'>Bonifacio</span> <span class='ocrx_word' id='word_1_43' title='bbox 1579 497 1871 538; x_wconf 84' lang='lat' dir='ltr'>Amerbachio.</span> 
     </span>
     <span class='ocr_line' id='line_1_7' title="bbox 272 575 478 626; baseline -0.019 -9"><span class='ocrx_word' id='word_1_44' title='bbox 272 575 478 626; x_wconf 87' lang='lat' dir='ltr'>Friburgi.</span> 
     </span>
    </p>
   </div>
   <div class='ocr_carea' id='block_1_4' title="bbox 589 687 1555 733">
    <p class='ocr_par' dir='ltr' id='par_1_6' title="bbox 589 687 1555 733">
     <span class='ocr_line' id='line_1_8' title="bbox 589 687 1555 733; baseline -0.007 0"><span class='ocrx_word' id='word_1_45' title='bbox 589 693 686 733; x_wconf 83' lang='lat'><strong>409.</strong></span> <span class='ocrx_word' id='word_1_46' title='bbox 743 690 876 731; x_wconf 81' lang='lat' dir='ltr'><strong>FROM</strong></span> <span class='ocrx_word' id='word_1_47' title='bbox 908 689 1181 730; x_wconf 84' lang='lat' dir='ltr'><strong>WILLIBALD</strong></span> <span class='ocrx_word' id='word_1_48' title='bbox 1213 687 1555 729; x_wconf 78' lang='lat' dir='ltr'><strong>PIRCKHEIMER.</strong></span> 
     </span>
    </p>
   </div>
   <div class='ocr_carea' id='block_1_5' title="bbox 278 781 1877 1293">
    <p class='ocr_par' dir='ltr' id='par_1_7' title="bbox 322 781 1820 947">
     <span class='ocr_line' id='line_1_9' title="bbox 322 781 1808 833; baseline -0.007 -7"><span class='ocrx_word' id='word_1_49' title='bbox 322 791 510 828; x_wconf 87' lang='lat' dir='ltr'>Deventer</span> <span class='ocrx_word' id='word_1_50' title='bbox 527 788 603 824; x_wconf 84' lang='lat' dir='ltr'>MS.</span> <span class='ocrx_word' id='word_1_51' title='bbox 623 798 678 833; x_wconf 68' lang='lat'>91,</span> <span class='ocrx_word' id='word_1_52' title='bbox 698 787 735 822; x_wconf 86' lang='lat' dir='ltr'>ff.</span> <span class='ocrx_word' id='word_1_53' title='bbox 758 796 823 830; x_wconf 93' lang='lat'>170</span> <span class='ocrx_word' id='word_1_54' title='bbox 840 785 916 820; x_wconf 84' lang='lat' dir='ltr'>and</span> <span class='ocrx_word' id='word_1_55' title='bbox 939 794 999 828; x_wconf 92' lang='lat'>171</span> <span class='ocrx_word' id='word_1_56' title='bbox 1021 788 1072 819; x_wconf 86' lang='lat' dir='ltr'>v0.</span> <span class='ocrx_word' id='word_1_57' title='bbox 1565 781 1808 827; x_wconf 84' lang='lat' dir='ltr'>Nuremberg.</span> 
     </span>
     <span class='ocr_line' id='line_1_10' title="bbox 323 839 1820 892; baseline -0.007 -7"><span class='ocrx_word' id='word_1_58' title='bbox 323 850 353 885; x_wconf 92' lang='lat' dir='ltr'>B</span> <span class='ocrx_word' id='word_1_59' title='bbox 371 849 416 885; x_wconf 88' lang='lat' dir='ltr'>f0.</span> <span class='ocrx_word' id='word_1_60' title='bbox 433 848 482 883; x_wconf 62' lang='lat' dir='ltr'>f‘:</span> <span class='ocrx_word' id='word_1_61' title='bbox 510 847 563 883; x_wconf 75' lang='lat'>(3².</span> <span class='ocrx_word' id='word_1_62' title='bbox 579 859 613 892; x_wconf 87' lang='lat' dir='ltr'>p.</span> <span class='ocrx_word' id='word_1_63' title='bbox 636 855 724 889; x_wconf 82' lang='lat'>247:</span> <span class='ocrx_word' id='word_1_64' title='bbox 752 845 790 879; x_wconf 86' lang='lat' dir='ltr'>F.</span> <span class='ocrx_word' id='word_1_65' title='bbox 811 858 847 890; x_wconf 88' lang='lat' dir='ltr'>p.</span> <span class='ocrx_word' id='word_1_66' title='bbox 866 855 932 889; x_wconf 83' lang='lat'>90:</span> <span class='ocrx_word' id='word_1_67' title='bbox 960 843 1051 878; x_wconf 88' lang='lat' dir='ltr'>HN:</span> <span class='ocrx_word' id='word_1_68' title='bbox 1081 842 1119 877; x_wconf 88' lang='lat' dir='ltr'>P.</span> <span class='ocrx_word' id='word_1_69' title='bbox 1139 854 1178 887; x_wconf 89' lang='lat' dir='ltr'>p.</span> <span class='ocrx_word' id='word_1_70' title='bbox 1197 843 1284 886; x_wconf 84' lang='lat'><strong>269:</strong></span> <span class='ocrx_word' id='word_1_71' title='bbox 1312 841 1427 876; x_wconf 90' lang='lat' dir='ltr'>Lond.</span> <span class='ocrx_word' id='word_1_72' title='bbox 1548 850 1594 874; x_wconf 93' lang='lat'>20</span> <span class='ocrx_word' id='word_1_73' title='bbox 1612 839 1699 884; x_wconf 87' lang='lat' dir='ltr'>May</span> <span class='ocrx_word' id='word_1_74' title='bbox 1721 840 1820 884; x_wconf 80' lang='lat'><strong>1516.</strong></span> 
     </span>
     <span class='ocr_line' id='line_1_11' title="bbox 417 905 738 947; baseline -0.006 -6"><span class='ocrx_word' id='word_1_75' title='bbox 417 907 454 942; x_wconf 88' lang='lat' dir='ltr'>ii.</span> <span class='ocrx_word' id='word_1_76' title='bbox 478 917 538 942; x_wconf 90' lang='lat'>11:</span> <span class='ocrx_word' id='word_1_77' title='bbox 569 905 642 941; x_wconf 90' lang='lat' dir='ltr'>LB.</span> <span class='ocrx_word' id='word_1_78' title='bbox 659 914 738 947; x_wconf 83' lang='lat'><strong>214.</strong></span> 
     </span>
    </p>

    <p class='ocr_par' dir='ltr' id='par_1_8' title="bbox 278 983 1877 1293">
     <span class='ocr_line' id='line_1_12' title="bbox 322 983 1874 1037; baseline -0.008 -11"><span class='ocrx_word' id='word_1_79' title='bbox 322 996 508 1037; x_wconf 88' lang='lat' dir='ltr'>[Between</span> <span class='ocrx_word' id='word_1_80' title='bbox 531 993 594 1023; x_wconf 88' lang='lat' dir='ltr'>the</span> <span class='ocrx_word' id='word_1_81' title='bbox 617 990 838 1031; x_wconf 75' lang='lat' dir='ltr'>publication</span> <span class='ocrx_word' id='word_1_82' title='bbox 863 988 902 1019; x_wconf 88' lang='lat' dir='ltr'>of</span> <span class='ocrx_word' id='word_1_83' title='bbox 920 987 982 1018; x_wconf 89' lang='lat' dir='ltr'>the</span> <span class='ocrx_word' id='word_1_84' title='bbox 1007 987 1092 1017; x_wconf 90' lang='lat' dir='ltr'>New</span> <span class='ocrx_word' id='word_1_85' title='bbox 1114 987 1323 1017; x_wconf 82' lang='lat' dir='ltr'>Testament</span> <span class='ocrx_word' id='word_1_86' title='bbox 1347 985 1427 1026; x_wconf 87' lang='lat' dir='ltr'><strong>(Ep.</strong></span> <span class='ocrx_word' id='word_1_87' title='bbox 1450 984 1530 1023; x_wconf 84' lang='lat'>384)</span> <span class='ocrx_word' id='word_1_88' title='bbox 1554 983 1627 1014; x_wconf 82' lang='lat' dir='ltr'>and</span> <span class='ocrx_word' id='word_1_89' title='bbox 1651 984 1689 1014; x_wconf 91' lang='lat' dir='ltr'>of</span> <span class='ocrx_word' id='word_1_90' title='bbox 1710 984 1751 1015; x_wconf 90' lang='lat' dir='ltr'>B.</span> <span class='ocrx_word' id='word_1_91' title='bbox 1798 983 1874 1014; x_wconf 85' lang='lat' dir='ltr'>The</span> 
     </span>
     <span class='ocr_line' id='line_1_13' title="bbox 279 1026 1873 1089; baseline -0.009 -18"><span class='ocrx_word' id='word_1_92' title='bbox 279 1041 367 1089; x_wconf 36' lang='lat' dir='ltr'>teut-</span> <span class='ocrx_word' id='word_1_93' title='bbox 380 1039 418 1069; x_wconf 87' lang='lat' dir='ltr'>of</span> <span class='ocrx_word' id='word_1_94' title='bbox 437 1038 464 1068; x_wconf 94' lang='lat' dir='ltr'>P</span> <span class='ocrx_word' id='word_1_95' title='bbox 485 1037 551 1068; x_wconf 87' lang='lat' dir='ltr'>has</span> <span class='ocrx_word' id='word_1_96' title='bbox 574 1046 620 1066; x_wconf 88' lang='lat' dir='ltr'>no</span> <span class='ocrx_word' id='word_1_97' title='bbox 643 1035 842 1074; x_wconf 67' lang='lat' dir='ltr'>impmtant</span> <span class='ocrx_word' id='word_1_98' title='bbox 866 1031 1027 1063; x_wconf 78' lang='lat' dir='ltr'>variants</span> <span class='ocrx_word' id='word_1_99' title='bbox 1050 1029 1122 1061; x_wconf 90' lang='lat' dir='ltr'>and</span> <span class='ocrx_word' id='word_1_100' title='bbox 1139 1029 1312 1070; x_wconf 84' lang='lat' dir='ltr'>probably</span> <span class='ocrx_word' id='word_1_101' title='bbox 1329 1029 1467 1059; x_wconf 80' lang='lat' dir='ltr'>follows</span> <span class='ocrx_word' id='word_1_102' title='bbox 1491 1037 1558 1059; x_wconf 85' lang='lat' dir='ltr'>one</span> <span class='ocrx_word' id='word_1_103' title='bbox 1583 1027 1622 1058; x_wconf 79' lang='lat' dir='ltr'>of</span> <span class='ocrx_word' id='word_1_104' title='bbox 1640 1027 1703 1058; x_wconf 90' lang='lat' dir='ltr'>the</span> <span class='ocrx_word' id='word_1_105' title='bbox 1725 1026 1873 1066; x_wconf 77' lang='lat' dir='ltr'>printed</span> 
     </span>
     <span class='ocr_line' id='line_1_14' title="bbox 278 1083 1875 1157; baseline -0.007 0"><span class='ocrx_word' id='word_1_106' title='bbox 278 1083 453 1157; x_wconf 56' lang='lat' dir='ltr'>ediiilo‘ffie</span> <span class='ocrx_word' id='word_1_107' title='bbox 478 1124 659 1155; x_wconf 86' lang='lat' dir='ltr'>Deventer</span> <span class='ocrx_word' id='word_1_108' title='bbox 685 1119 912 1151; x_wconf 85' lang='lat' dir='ltr'>Letter-book</span> <span class='ocrx_word' id='word_1_109' title='bbox 939 1118 1002 1149; x_wconf 90' lang='lat' dir='ltr'>the</span> <span class='ocrx_word' id='word_1_110' title='bbox 1030 1117 1220 1157; x_wconf 84' lang='lat' dir='ltr'>postscript</span> <span class='ocrx_word' id='word_1_111' title='bbox 1246 1117 1278 1147; x_wconf 89' lang='lat' dir='ltr'>is</span> <span class='ocrx_word' id='word_1_112' title='bbox 1304 1115 1472 1147; x_wconf 75' lang='lat' dir='ltr'>attached</span> <span class='ocrx_word' id='word_1_113' title='bbox 1499 1116 1537 1145; x_wconf 86' lang='lat' dir='ltr'>to</span> <span class='ocrx_word' id='word_1_114' title='bbox 1564 1114 1627 1154; x_wconf 89' lang='lat' dir='ltr'>Ep.</span> <span class='ocrx_word' id='word_1_115' title='bbox 1653 1124 1726 1154; x_wconf 87' lang='lat'><strong>527,</strong></span> <span class='ocrx_word' id='word_1_116' title='bbox 1752 1114 1875 1146; x_wconf 88' lang='lat' dir='ltr'>which</span> 
     </span>
     <span class='ocr_line' id='line_1_15' title="bbox 279 1157 1874 1209; baseline -0.008 -7"><span class='ocrx_word' id='word_1_117' title='bbox 279 1172 311 1202; x_wconf 84' lang='lat' dir='ltr'>is</span> <span class='ocrx_word' id='word_1_118' title='bbox 327 1169 451 1209; x_wconf 79' lang='lat' dir='ltr'>copied</span> <span class='ocrx_word' id='word_1_119' title='bbox 467 1168 568 1198; x_wconf 85' lang='lat' dir='ltr'>there</span> <span class='ocrx_word' id='word_1_120' title='bbox 585 1175 632 1196; x_wconf 91' lang='lat' dir='ltr'>on</span> <span class='ocrx_word' id='word_1_121' title='bbox 648 1165 711 1196; x_wconf 87' lang='lat' dir='ltr'>the</span> <span class='ocrx_word' id='word_1_122' title='bbox 728 1165 815 1194; x_wconf 82' lang='lat' dir='ltr'>next</span> <span class='ocrx_word' id='word_1_123' title='bbox 831 1163 925 1193; x_wconf 85' lang='lat' dir='ltr'>folio.</span> <span class='ocrx_word' id='word_1_124' title='bbox 972 1161 1010 1193; x_wconf 90' lang='lat' dir='ltr'>If</span> <span class='ocrx_word' id='word_1_125' title='bbox 1023 1162 1041 1192; x_wconf 91' lang='grc' dir='ltr'><strong>Ι</strong></span> <span class='ocrx_word' id='word_1_126' title='bbox 1058 1161 1148 1192; x_wconf 86' lang='lat' dir='ltr'>have</span> <span class='ocrx_word' id='word_1_127' title='bbox 1171 1160 1276 1191; x_wconf 85' lang='lat' dir='ltr'>dated</span> <span class='ocrx_word' id='word_1_128' title='bbox 1293 1160 1357 1199; x_wconf 87' lang='lat' dir='ltr'>Ep.</span> <span class='ocrx_word' id='word_1_129' title='bbox 1376 1169 1438 1198; x_wconf 86' lang='lat'>527</span> <span class='ocrx_word' id='word_1_130' title='bbox 1457 1158 1605 1198; x_wconf 86' lang='lat' dir='ltr'>rightly,</span> <span class='ocrx_word' id='word_1_131' title='bbox 1625 1158 1688 1188; x_wconf 89' lang='lat' dir='ltr'>the</span> <span class='ocrx_word' id='word_1_132' title='bbox 1710 1157 1874 1189; x_wconf 84' lang='lat' dir='ltr'>addition</span> 
     </span>
     <span class='ocr_line' id='line_1_16' title="bbox 280 1201 1877 1251; baseline -0.008 -6"><span class='ocrx_word' id='word_1_133' title='bbox 280 1216 317 1245; x_wconf 90' lang='lat' dir='ltr'>to</span> <span class='ocrx_word' id='word_1_134' title='bbox 345 1215 374 1244; x_wconf 79' lang='lat' dir='ltr'>it</span> <span class='ocrx_word' id='word_1_135' title='bbox 402 1212 441 1244; x_wconf 89' lang='lat' dir='ltr'>of</span> <span class='ocrx_word' id='word_1_136' title='bbox 460 1212 536 1242; x_wconf 81' lang='lat' dir='ltr'>this</span> <span class='ocrx_word' id='word_1_137' title='bbox 557 1209 760 1251; x_wconf 85' lang='lat' dir='ltr'>postscript,</span> <span class='ocrx_word' id='word_1_138' title='bbox 784 1207 907 1237; x_wconf 89' lang='lat' dir='ltr'>which</span> <span class='ocrx_word' id='word_1_139' title='bbox 932 1215 1004 1236; x_wconf 82' lang='lat' dir='ltr'>was</span> <span class='ocrx_word' id='word_1_140' title='bbox 1027 1205 1180 1244; x_wconf 82' lang='lat' dir='ltr'>perhaps</span> <span class='ocrx_word' id='word_1_141' title='bbox 1204 1213 1249 1234; x_wconf 92' lang='lat' dir='ltr'>on</span> <span class='ocrx_word' id='word_1_142' title='bbox 1278 1213 1299 1233; x_wconf 84' lang='lat' dir='ltr'>a</span> <span class='ocrx_word' id='word_1_143' title='bbox 1322 1204 1482 1242; x_wconf 84' lang='lat' dir='ltr'>separate</span> <span class='ocrx_word' id='word_1_144' title='bbox 1509 1202 1620 1235; x_wconf 79' lang='lat' dir='ltr'>sheet,</span> <span class='ocrx_word' id='word_1_145' title='bbox 1647 1203 1678 1233; x_wconf 84' lang='lat' dir='ltr'>is</span> <span class='ocrx_word' id='word_1_146' title='bbox 1701 1201 1833 1241; x_wconf 84' lang='lat' dir='ltr'>clearly</span> <span class='ocrx_word' id='word_1_147' title='bbox 1856 1211 1877 1232; x_wconf 89' lang='lat' dir='ltr'>a</span> 
     </span>
     <span class='ocr_line' id='line_1_17' title="bbox 280 1245 1877 1293; baseline -0.009 -5"><span class='ocrx_word' id='word_1_148' title='bbox 280 1257 435 1289; x_wconf 88' lang='lat' dir='ltr'>mistake</span> <span class='ocrx_word' id='word_1_149' title='bbox 457 1255 495 1286; x_wconf 82' lang='lat' dir='ltr'>of</span> <span class='ocrx_word' id='word_1_150' title='bbox 511 1255 573 1285; x_wconf 86' lang='lat' dir='ltr'>the</span> <span class='ocrx_word' id='word_1_151' title='bbox 596 1253 755 1293; x_wconf 81' lang='lat' dir='ltr'>copyist;</span> <span class='ocrx_word' id='word_1_152' title='bbox 780 1250 853 1281; x_wconf 84' lang='lat' dir='ltr'>and</span> <span class='ocrx_word' id='word_1_153' title='bbox 874 1259 964 1280; x_wconf 88' lang='lat' dir='ltr'>even</span> <span class='ocrx_word' id='word_1_154' title='bbox 986 1248 1017 1279; x_wconf 90' lang='lat' dir='ltr'>if</span> <span class='ocrx_word' id='word_1_155' title='bbox 1035 1249 1095 1279; x_wconf 87' lang='lat' dir='ltr'>Dr.</span> <span class='ocrx_word' id='word_1_156' title='bbox 1118 1248 1257 1278; x_wconf 87' lang='lat' dir='ltr'>Reich&#39;s</span> <span class='ocrx_word' id='word_1_157' title='bbox 1278 1247 1360 1277; x_wconf 85' lang='lat' dir='ltr'>date</span> <span class='ocrx_word' id='word_1_158' title='bbox 1382 1247 1412 1277; x_wconf 90' lang='lat' dir='ltr'>is</span> <span class='ocrx_word' id='word_1_159' title='bbox 1433 1247 1577 1284; x_wconf 78' lang='lat' dir='ltr'>correct,</span> <span class='ocrx_word' id='word_1_160' title='bbox 1597 1246 1626 1275; x_wconf 92' lang='lat' dir='ltr'>B</span> <span class='ocrx_word' id='word_1_161' title='bbox 1643 1245 1709 1276; x_wconf 86' lang='lat' dir='ltr'>has</span> <span class='ocrx_word' id='word_1_162' title='bbox 1730 1254 1767 1276; x_wconf 84' lang='lat' dir='ltr'>as</span> <span class='ocrx_word' id='word_1_163' title='bbox 1788 1245 1877 1285; x_wconf 83' lang='lat' dir='ltr'>good</span> 
     </span>
    </p>
   </div>
   <div class='ocr_carea' id='block_1_6' title="bbox 281 1288 1878 1381">
    <p class='ocr_par' dir='ltr' id='par_1_9' title="bbox 281 1288 1878 1381">
     <span class='ocr_line' id='line_1_18' title="bbox 281 1288 1878 1340; baseline -0.008 -8"><span class='ocrx_word' id='word_1_164' title='bbox 281 1300 468 1340; x_wconf 78' lang='lat' dir='ltr'>authority</span> <span class='ocrx_word' id='word_1_165' title='bbox 490 1308 528 1329; x_wconf 86' lang='lat' dir='ltr'>as</span> <span class='ocrx_word' id='word_1_166' title='bbox 555 1298 617 1328; x_wconf 90' lang='lat' dir='ltr'>the</span> <span class='ocrx_word' id='word_1_167' title='bbox 645 1295 878 1333; x_wconf 83' lang='lat' dir='ltr'>manuscript,</span> <span class='ocrx_word' id='word_1_168' title='bbox 904 1293 966 1324; x_wconf 88' lang='lat' dir='ltr'>the</span> <span class='ocrx_word' id='word_1_169' title='bbox 991 1292 1144 1333; x_wconf 84' lang='lat' dir='ltr'>copying</span> <span class='ocrx_word' id='word_1_170' title='bbox 1167 1291 1206 1322; x_wconf 87' lang='lat' dir='ltr'>of</span> <span class='ocrx_word' id='word_1_171' title='bbox 1225 1291 1345 1321; x_wconf 87' lang='lat' dir='ltr'>which</span> <span class='ocrx_word' id='word_1_172' title='bbox 1368 1300 1441 1321; x_wconf 85' lang='lat' dir='ltr'>was</span> <span class='ocrx_word' id='word_1_173' title='bbox 1465 1292 1529 1321; x_wconf 87' lang='lat' dir='ltr'>not</span> <span class='ocrx_word' id='word_1_174' title='bbox 1552 1289 1670 1329; x_wconf 87' lang='lat' dir='ltr'>begun</span> <span class='ocrx_word' id='word_1_175' title='bbox 1694 1288 1791 1320; x_wconf 88' lang='lat' dir='ltr'>until</span> <span class='ocrx_word' id='word_1_176' title='bbox 1814 1289 1878 1320; x_wconf 79' lang='lat' dir='ltr'>the</span> 
     </span>
     <span class='ocr_line' id='line_1_19' title="bbox 282 1338 804 1381; baseline -0.015 -5"><span class='ocrx_word' id='word_1_177' title='bbox 282 1354 444 1376; x_wconf 85' lang='lat' dir='ltr'>summer</span> <span class='ocrx_word' id='word_1_178' title='bbox 459 1343 497 1374; x_wconf 86' lang='lat' dir='ltr'>of</span> <span class='ocrx_word' id='word_1_179' title='bbox 512 1351 593 1380; x_wconf 90' lang='lat'>1517</span> <span class='ocrx_word' id='word_1_180' title='bbox 615 1341 721 1381; x_wconf 89' lang='lat' dir='ltr'>(App.</span> <span class='ocrx_word' id='word_1_181' title='bbox 737 1338 804 1379; x_wconf 81' lang='lat'><strong>8).]</strong></span> 
     </span>
    </p>
   </div>
   <div class='ocr_carea' id='block_1_7' title="bbox 480 1431 1681 1470">
    <p class='ocr_par' dir='ltr' id='par_1_10' title="bbox 480 1431 1681 1473">
     <span class='ocr_line' id='line_1_20' title="bbox 480 1431 1681 1470; baseline -0.007 0"><span class='ocrx_word' id='word_1_182' title='bbox 480 1437 753 1470; x_wconf 86' lang='lat' dir='ltr'>BILIBALDVS</span> <span class='ocrx_word' id='word_1_183' title='bbox 782 1434 1129 1467; x_wconf 85' lang='lat' dir='ltr'>PYRCKHEYMER</span> <span class='ocrx_word' id='word_1_184' title='bbox 1160 1433 1337 1463; x_wconf 87' lang='lat' dir='ltr'>DOMINO</span> <span class='ocrx_word' id='word_1_185' title='bbox 1372 1432 1551 1462; x_wconf 84' lang='lat' dir='ltr'><strong>ERASMO</strong></span> <span class='ocrx_word' id='word_1_186' title='bbox 1585 1431 1618 1461; x_wconf 84' lang='lat' dir='ltr'>S.</span> <span class='ocrx_word' id='word_1_187' title='bbox 1646 1432 1681 1461; x_wconf 91' lang='lat' dir='ltr'>P.</span> 
     </span>
    </p>
   </div>
   <div class='ocr_carea' id='block_1_8' title="bbox 235 1520 1887 2309">
    <p class='ocr_par' dir='ltr' id='par_1_11' title="bbox 284 1520 1882 1772">
     <span class='ocr_line' id='line_1_21' title="bbox 337 1520 1881 1578; baseline -0.006 -10"><span class='ocrx_word' id='word_1_188' title='bbox 337 1531 458 1569; x_wconf 76' lang='lat' dir='ltr'>ANTE</span> <span class='ocrx_word' id='word_1_189' title='bbox 478 1529 657 1578; x_wconf 87' lang='lat' dir='ltr'>quatuor</span> <span class='ocrx_word' id='word_1_190' title='bbox 675 1526 805 1563; x_wconf 89' lang='lat' dir='ltr'>ferme</span> <span class='ocrx_word' id='word_1_191' title='bbox 831 1535 994 1561; x_wconf 85' lang='lat' dir='ltr'>menses</span> <span class='ocrx_word' id='word_1_192' title='bbox 1019 1521 1070 1560; x_wconf 90' lang='lat' dir='ltr'>ad</span> <span class='ocrx_word' id='word_1_193' title='bbox 1090 1524 1131 1560; x_wconf 85' lang='lat' dir='ltr'>te</span> <span class='ocrx_word' id='word_1_194' title='bbox 1154 1520 1295 1559; x_wconf 81' lang='lat' dir='ltr'>literas</span> <span class='ocrx_word' id='word_1_195' title='bbox 1316 1520 1420 1567; x_wconf 78' lang='lat' dir='ltr'>dedi,</span> <span class='ocrx_word' id='word_1_196' title='bbox 1444 1521 1503 1558; x_wconf 90' lang='lat' dir='ltr'>mi</span> <span class='ocrx_word' id='word_1_197' title='bbox 1530 1520 1815 1558; x_wconf 83' lang='lat' dir='ltr'>amantissime</span> <span class='ocrx_word' id='word_1_198' title='bbox 1839 1521 1881 1559; x_wconf 89' lang='lat' dir='ltr'>et</span> 
     </span>
     <span class='ocr_line' id='line_1_22' title="bbox 284 1585 1878 1637; baseline -0.006 -3"><span class='ocrx_word' id='word_1_199' title='bbox 284 1594 572 1634; x_wconf 85' lang='lat' dir='ltr'>colendissime</span> <span class='ocrx_word' id='word_1_200' title='bbox 591 1592 772 1630; x_wconf 84' lang='lat' dir='ltr'>Erasme.</span> <span class='ocrx_word' id='word_1_201' title='bbox 834 1589 1029 1627; x_wconf 78' lang='lat' dir='ltr'>Ceterum</span> <span class='ocrx_word' id='word_1_202' title='bbox 1049 1586 1145 1637; x_wconf 88' lang='lat' dir='ltr'>quia</span> <span class='ocrx_word' id='word_1_203' title='bbox 1170 1585 1338 1624; x_wconf 89' lang='lat' dir='ltr'>nullum</span> <span class='ocrx_word' id='word_1_204' title='bbox 1358 1599 1381 1625; x_wconf 89' lang='lat' dir='ltr'>a</span> <span class='ocrx_word' id='word_1_205' title='bbox 1399 1589 1441 1624; x_wconf 87' lang='lat' dir='ltr'>te</span> <span class='ocrx_word' id='word_1_206' title='bbox 1466 1586 1603 1635; x_wconf 89' lang='lat' dir='ltr'>accepi</span> <span class='ocrx_word' id='word_1_207' title='bbox 1622 1599 1878 1635; x_wconf 81' lang='lat' dir='ltr'>responsum,</span> 
     </span>
     <span class='ocr_line' id='line_1_23' title="bbox 286 1651 1881 1710; baseline -0.006 -10"><span class='ocrx_word' id='word_1_208' title='bbox 286 1661 470 1710; x_wconf 86' lang='lat' dir='ltr'>suspicor</span> <span class='ocrx_word' id='word_1_209' title='bbox 499 1658 566 1697; x_wconf 89' lang='lat' dir='ltr'>vel</span> <span class='ocrx_word' id='word_1_210' title='bbox 604 1670 716 1695; x_wconf 87' lang='lat' dir='ltr'>meas</span> <span class='ocrx_word' id='word_1_211' title='bbox 754 1655 832 1693; x_wconf 88' lang='lat' dir='ltr'>tibi</span> <span class='ocrx_word' id='word_1_212' title='bbox 860 1653 927 1692; x_wconf 90' lang='lat' dir='ltr'>vel</span> <span class='ocrx_word' id='word_1_213' title='bbox 959 1655 1050 1691; x_wconf 88' lang='lat' dir='ltr'>tuas</span> <span class='ocrx_word' id='word_1_214' title='bbox 1079 1653 1220 1702; x_wconf 85' lang='lat' dir='ltr'>postea</span> <span class='ocrx_word' id='word_1_215' title='bbox 1254 1651 1362 1689; x_wconf 85' lang='lat' dir='ltr'>mihi</span> <span class='ocrx_word' id='word_1_216' title='bbox 1398 1651 1541 1689; x_wconf 82' lang='lat' dir='ltr'>literas</span> <span class='ocrx_word' id='word_1_217' title='bbox 1578 1651 1758 1690; x_wconf 83' lang='lat' dir='ltr'>redditas</span> <span class='ocrx_word' id='word_1_218' title='bbox 1795 1664 1881 1690; x_wconf 92' lang='lat' dir='ltr'>non</span> 
     </span>
     <span class='ocr_line' id='line_1_24' title="bbox 285 1716 1882 1772; baseline -0.006 -7"><span class='ocrx_word' id='word_1_219' title='bbox 285 1726 412 1765; x_wconf 84' lang='lat' dir='ltr'>fuisse</span> <span class='ocrx_word' id='word_1_220' title='bbox 427 1739 436 1772; x_wconf 71' lang='grc' dir='ltr'><strong>ς</strong></span> <span class='ocrx_word' id='word_1_221' title='bbox 466 1736 612 1763; x_wconf 83' lang='lat' dir='ltr'>verum</span> <span class='ocrx_word' id='word_1_222' title='bbox 626 1724 768 1760; x_wconf 87' lang='lat' dir='ltr'>tamen</span> <span class='ocrx_word' id='word_1_223' title='bbox 787 1720 1005 1758; x_wconf 87' lang='lat' dir='ltr'>literarum</span> <span class='ocrx_word' id='word_1_224' title='bbox 1023 1717 1192 1756; x_wconf 80' lang='lat' dir='ltr'>interim</span> <span class='ocrx_word' id='word_1_225' title='bbox 1209 1717 1297 1755; x_wconf 90' lang='lat' dir='ltr'>loco</span> <span class='ocrx_word' id='word_1_226' title='bbox 1313 1718 1384 1755; x_wconf 88' lang='lat' dir='ltr'>tua</span> <span class='ocrx_word' id='word_1_227' title='bbox 1403 1716 1632 1755; x_wconf 87' lang='lat' dir='ltr'>clarissima</span> <span class='ocrx_word' id='word_1_228' title='bbox 1646 1717 1727 1755; x_wconf 86' lang='lat' dir='ltr'>fuit</span> <span class='ocrx_word' id='word_1_229' title='bbox 1742 1717 1882 1766; x_wconf 82' lang='lat' dir='ltr'>editio,</span> 
     </span>
    </p>

    <p class='ocr_par' dir='ltr' id='par_1_12' title="bbox 250 1781 1887 2099">
     <span class='ocr_line' id='line_1_25' title="bbox 250 1781 1884 1842; baseline -0.005 -12"><span class='ocrx_word' id='word_1_230' title='bbox 250 1807 267 1837; x_wconf 79' lang='lat'>5</span> <span class='ocrx_word' id='word_1_231' title='bbox 288 1804 369 1842; x_wconf 90' lang='lat' dir='ltr'>qua</span> <span class='ocrx_word' id='word_1_232' title='bbox 397 1803 482 1828; x_wconf 91' lang='lat' dir='ltr'>non</span> <span class='ocrx_word' id='word_1_233' title='bbox 509 1787 653 1827; x_wconf 90' lang='lat' dir='ltr'>minus</span> <span class='ocrx_word' id='word_1_234' title='bbox 682 1787 825 1824; x_wconf 86' lang='lat' dir='ltr'>sancte</span> <span class='ocrx_word' id='word_1_235' title='bbox 851 1786 892 1823; x_wconf 88' lang='lat' dir='ltr'>et</span> <span class='ocrx_word' id='word_1_236' title='bbox 921 1782 1100 1822; x_wconf 87' lang='lat' dir='ltr'>fideliter</span> <span class='ocrx_word' id='word_1_237' title='bbox 1129 1795 1255 1832; x_wconf 87' lang='lat' dir='ltr'>quam</span> <span class='ocrx_word' id='word_1_238' title='bbox 1283 1782 1417 1820; x_wconf 85' lang='lat' dir='ltr'>fauste</span> <span class='ocrx_word' id='word_1_239' title='bbox 1445 1783 1486 1819; x_wconf 85' lang='lat' dir='ltr'>et</span> <span class='ocrx_word' id='word_1_240' title='bbox 1515 1781 1690 1820; x_wconf 87' lang='lat' dir='ltr'>feliciter</span> <span class='ocrx_word' id='word_1_241' title='bbox 1717 1782 1884 1822; x_wconf 90' lang='lat' dir='ltr'>Nouum</span> 
     </span>
     <span class='ocr_line' id='line_1_26' title="bbox 288 1847 1885 1907; baseline -0.006 -12"><span class='ocrx_word' id='word_1_242' title='bbox 288 1856 556 1907; x_wconf 82' lang='lat' dir='ltr'>explanatum</span> <span class='ocrx_word' id='word_1_243' title='bbox 589 1854 651 1890; x_wconf 88' lang='lat' dir='ltr'>est</span> <span class='ocrx_word' id='word_1_244' title='bbox 680 1852 1007 1890; x_wconf 81' lang='lat' dir='ltr'>Testamentum.</span> <span class='ocrx_word' id='word_1_245' title='bbox 1065 1847 1298 1886; x_wconf 87' lang='lat' dir='ltr'>Vindicasti</span> <span class='ocrx_word' id='word_1_246' title='bbox 1334 1849 1456 1886; x_wconf 84' lang='lat' dir='ltr'>tuum</span> <span class='ocrx_word' id='word_1_247' title='bbox 1493 1860 1647 1885; x_wconf 88' lang='lat' dir='ltr'>nomen</span> <span class='ocrx_word' id='word_1_248' title='bbox 1684 1848 1736 1886; x_wconf 88' lang='lat' dir='ltr'>ab</span> <span class='ocrx_word' id='word_1_249' title='bbox 1769 1847 1885 1886; x_wconf 90' lang='lat' dir='ltr'>omni</span> 
     </span>
     <span class='ocr_line' id='line_1_27' title="bbox 288 1912 1886 1971; baseline -0.005 -11"><span class='ocrx_word' id='word_1_250' title='bbox 288 1920 487 1971; x_wconf 89' lang='lat' dir='ltr'>temporis</span> <span class='ocrx_word' id='word_1_251' title='bbox 515 1917 675 1965; x_wconf 88' lang='lat' dir='ltr'>iniuria,</span> <span class='ocrx_word' id='word_1_252' title='bbox 701 1915 978 1966; x_wconf 87' lang='lat' dir='ltr'>peregistique</span> <span class='ocrx_word' id='word_1_253' title='bbox 1005 1927 1093 1952; x_wconf 90' lang='lat' dir='ltr'>rem</span> <span class='ocrx_word' id='word_1_254' title='bbox 1123 1926 1207 1951; x_wconf 92' lang='lat' dir='ltr'>non</span> <span class='ocrx_word' id='word_1_255' title='bbox 1237 1913 1378 1951; x_wconf 89' lang='lat' dir='ltr'>minus</span> <span class='ocrx_word' id='word_1_256' title='bbox 1402 1912 1488 1951; x_wconf 86' lang='lat' dir='ltr'>Deo</span> <span class='ocrx_word' id='word_1_257' title='bbox 1516 1912 1674 1962; x_wconf 91' lang='lat' dir='ltr'>optimo</span> <span class='ocrx_word' id='word_1_258' title='bbox 1702 1914 1886 1952; x_wconf 84' lang='lat' dir='ltr'>maximo</span> 
     </span>
     <span class='ocr_line' id='line_1_28' title="bbox 288 1977 1883 2035; baseline -0.005 -10"><span class='ocrx_word' id='word_1_259' title='bbox 288 1987 498 2035; x_wconf 85' lang='lat' dir='ltr'>acceptam</span> <span class='ocrx_word' id='word_1_260' title='bbox 527 1996 653 2033; x_wconf 88' lang='lat' dir='ltr'>quam</span> <span class='ocrx_word' id='word_1_261' title='bbox 690 1981 886 2020; x_wconf 84' lang='lat' dir='ltr'>omnibus</span> <span class='ocrx_word' id='word_1_262' title='bbox 918 1979 1073 2019; x_wconf 86' lang='lat' dir='ltr'>Christi</span> <span class='ocrx_word' id='word_1_263' title='bbox 1111 1977 1305 2016; x_wconf 87' lang='lat' dir='ltr'>fidelibus</span> <span class='ocrx_word' id='word_1_264' title='bbox 1342 1978 1614 2017; x_wconf 86' lang='lat' dir='ltr'>necessariam</span> <span class='ocrx_word' id='word_1_265' title='bbox 1648 1980 1689 2017; x_wconf 89' lang='lat' dir='ltr'>et</span> <span class='ocrx_word' id='word_1_266' title='bbox 1721 1978 1883 2017; x_wconf 86' lang='lat' dir='ltr'>vtilem.</span> 
     </span>
     <span class='ocr_line' id='line_1_29' title="bbox 290 2043 1887 2099; baseline -0.005 -9"><span class='ocrx_word' id='word_1_267' title='bbox 290 2052 423 2090; x_wconf 81' lang='lat' dir='ltr'>Macte</span> <span class='ocrx_word' id='word_1_268' title='bbox 448 2049 574 2099; x_wconf 89' lang='lat' dir='ltr'>igitur</span> <span class='ocrx_word' id='word_1_269' title='bbox 591 2047 760 2095; x_wconf 84' lang='lat' dir='ltr'>virtute,</span> <span class='ocrx_word' id='word_1_270' title='bbox 781 2046 853 2096; x_wconf 91' lang='lat' dir='ltr'>qui</span> <span class='ocrx_word' id='word_1_271' title='bbox 878 2044 1098 2095; x_wconf 86' lang='lat' dir='ltr'>negocium</span> <span class='ocrx_word' id='word_1_272' title='bbox 1123 2043 1282 2082; x_wconf 83' lang='lat' dir='ltr'>cunctis</span> <span class='ocrx_word' id='word_1_273' title='bbox 1308 2043 1549 2081; x_wconf 90' lang='lat' dir='ltr'>hominibus</span> <span class='ocrx_word' id='word_1_274' title='bbox 1574 2056 1598 2082; x_wconf 91' lang='lat' dir='ltr'>a</span> <span class='ocrx_word' id='word_1_275' title='bbox 1623 2043 1739 2082; x_wconf 90' lang='lat' dir='ltr'>mille</span> <span class='ocrx_word' id='word_1_276' title='bbox 1763 2043 1887 2082; x_wconf 85' lang='lat' dir='ltr'>annis</span> 
     </span>
    </p>

    <p class='ocr_par' dir='ltr' id='par_1_13' title="bbox 235 2108 1886 2224">
     <span class='ocr_line' id='line_1_30' title="bbox 235 2108 1886 2165; baseline -0.005 -10"><span class='ocrx_word' id='word_1_277' title='bbox 235 2133 273 2155; x_wconf 94' lang='lat'>10</span> <span class='ocrx_word' id='word_1_278' title='bbox 290 2117 393 2155; x_wconf 86' lang='lat' dir='ltr'>citra</span> <span class='ocrx_word' id='word_1_279' title='bbox 412 2116 607 2165; x_wconf 85' lang='lat' dir='ltr'>negatum</span> <span class='ocrx_word' id='word_1_280' title='bbox 629 2111 855 2151; x_wconf 86' lang='lat' dir='ltr'>absoluisti.</span> <span class='ocrx_word' id='word_1_281' title='bbox 912 2110 990 2148; x_wconf 85' lang='lat' dir='ltr'>Sed</span> <span class='ocrx_word' id='word_1_282' title='bbox 1012 2109 1109 2160; x_wconf 89' lang='lat' dir='ltr'>quid</span> <span class='ocrx_word' id='word_1_283' title='bbox 1129 2121 1203 2158; x_wconf 87' lang='lat' dir='ltr'>ego</span> <span class='ocrx_word' id='word_1_284' title='bbox 1222 2108 1359 2146; x_wconf 88' lang='lat' dir='ltr'>verbis</span> <span class='ocrx_word' id='word_1_285' title='bbox 1377 2110 1494 2146; x_wconf 86' lang='lat' dir='ltr'>tuam</span> <span class='ocrx_word' id='word_1_286' title='bbox 1518 2108 1715 2146; x_wconf 85' lang='lat' dir='ltr'>extollere</span> <span class='ocrx_word' id='word_1_287' title='bbox 1735 2108 1886 2147; x_wconf 88' lang='lat' dir='ltr'>doctri-</span> 
     </span>
     <span class='ocr_line' id='line_1_31' title="bbox 292 2172 1753 2224; baseline -0.006 -4"><span class='ocrx_word' id='word_1_288' title='bbox 292 2194 390 2221; x_wconf 90' lang='lat' dir='ltr'>nam</span> <span class='ocrx_word' id='word_1_289' title='bbox 409 2182 450 2219; x_wconf 83' lang='lat' dir='ltr'>et</span> <span class='ocrx_word' id='word_1_290' title='bbox 467 2178 742 2218; x_wconf 85' lang='lat' dir='ltr'>eruditionem</span> <span class='ocrx_word' id='word_1_291' title='bbox 762 2189 899 2224; x_wconf 88' lang='lat' dir='ltr'>conor,</span> <span class='ocrx_word' id='word_1_292' title='bbox 924 2188 1013 2213; x_wconf 90' lang='lat' dir='ltr'>rem</span> <span class='ocrx_word' id='word_1_293' title='bbox 1031 2173 1191 2213; x_wconf 86' lang='lat' dir='ltr'>viribus</span> <span class='ocrx_word' id='word_1_294' title='bbox 1210 2173 1314 2212; x_wconf 88' lang='lat' dir='ltr'>meis</span> <span class='ocrx_word' id='word_1_295' title='bbox 1332 2172 1500 2223; x_wconf 85' lang='lat' dir='ltr'>penitus</span> <span class='ocrx_word' id='word_1_296' title='bbox 1518 2173 1719 2223; x_wconf 88' lang='lat' dir='ltr'>imparem</span> <span class='ocrx_word' id='word_1_297' title='bbox 1732 2174 1753 2211; x_wconf 84' lang='lat'><strong>?</strong></span> 
     </span>
    </p>

    <p class='ocr_par' dir='ltr' id='par_1_14' title="bbox 505 2254 1619 2309">
     <span class='ocr_line' id='line_1_32' title="bbox 505 2254 1619 2309; baseline -0.005 -11"><span class='ocrx_word' id='word_1_298' title='bbox 505 2259 592 2298; x_wconf 74' lang='grc' dir='ltr'>Οὐδ’</span> <span class='ocrx_word' id='word_1_299' title='bbox 621 2260 654 2298; x_wconf 77' lang='grc' dir='ltr'>εἴ</span> <span class='ocrx_word' id='word_1_300' title='bbox 678 2275 742 2309; x_wconf 84' lang='grc' dir='ltr'>μοι</span> <span class='ocrx_word' id='word_1_301' title='bbox 771 2258 857 2296; x_wconf 81' lang='grc' dir='ltr'>δέκα</span> <span class='ocrx_word' id='word_1_302' title='bbox 885 2258 953 2307; x_wconf 85' lang='grc' dir='ltr'>μὲν</span> <span class='ocrx_word' id='word_1_303' title='bbox 977 2259 1155 2308; x_wconf 84' lang='grc' dir='ltr'>γλῶσσαι</span> <span class='ocrx_word' id='word_1_304' title='bbox 1183 2255 1269 2293; x_wconf 80' lang='grc' dir='ltr'>δέκα</span> <span class='ocrx_word' id='word_1_305' title='bbox 1298 2255 1337 2293; x_wconf 86' lang='grc' dir='ltr'>δὲ</span> <span class='ocrx_word' id='word_1_306' title='bbox 1365 2254 1522 2304; x_wconf 84' lang='grc' dir='ltr'>στόματ’</span> <span class='ocrx_word' id='word_1_307' title='bbox 1550 2255 1619 2293; x_wconf 85' lang='grc' dir='ltr'>εἶεν</span> 
     </span>
    </p>
   </div>
   <div class='ocr_carea' id='block_1_9' title="bbox 239 2320 1891 2783">
    <p class='ocr_par' dir='ltr' id='par_1_15' title="bbox 239 2320 1891 2783">
     <span class='ocr_line' id='line_1_33' title="bbox 507 2320 1494 2374; baseline -0.006 -11"><span class='ocrx_word' id='word_1_308' title='bbox 507 2326 615 2374; x_wconf 83' lang='grc' dir='ltr'>Φωνὴ</span> <span class='ocrx_word' id='word_1_309' title='bbox 645 2324 674 2362; x_wconf 82' lang='grc' dir='ltr'>δ’</span> <span class='ocrx_word' id='word_1_310' title='bbox 703 2325 894 2374; x_wconf 83' lang='grc' dir='ltr'>ἄρρηκτος,</span> <span class='ocrx_word' id='word_1_311' title='bbox 921 2323 1083 2373; x_wconf 85' lang='grc' dir='ltr'>χάλκεον</span> <span class='ocrx_word' id='word_1_312' title='bbox 1112 2320 1151 2359; x_wconf 82' lang='grc' dir='ltr'>δέ</span> <span class='ocrx_word' id='word_1_313' title='bbox 1176 2337 1240 2370; x_wconf 87' lang='grc' dir='ltr'>μοι</span> <span class='ocrx_word' id='word_1_314' title='bbox 1267 2321 1359 2370; x_wconf 83' lang='grc' dir='ltr'>ἦτορ</span> <span class='ocrx_word' id='word_1_315' title='bbox 1387 2321 1494 2369; x_wconf 83' lang='grc' dir='ltr'>ἐνείη,</span> 
     </span>
     <span class='ocr_line' id='line_1_34' title="bbox 293 2402 1891 2460; baseline -0.006 -10"><span class='ocrx_word' id='word_1_316' title='bbox 293 2414 339 2450; x_wconf 84' lang='lat' dir='ltr'>vt</span> <span class='ocrx_word' id='word_1_317' title='bbox 367 2410 489 2460; x_wconf 88' lang='lat' dir='ltr'>poeta</span> <span class='ocrx_word' id='word_1_318' title='bbox 515 2407 665 2457; x_wconf 88' lang='lat' dir='ltr'>inquit.</span> <span class='ocrx_word' id='word_1_319' title='bbox 726 2404 864 2444; x_wconf 82' lang='lat' dir='ltr'>Satius</span> <span class='ocrx_word' id='word_1_320' title='bbox 900 2403 1030 2453; x_wconf 84' lang='lat' dir='ltr'>igitur</span> <span class='ocrx_word' id='word_1_321' title='bbox 1056 2402 1288 2441; x_wconf 87' lang='lat' dir='ltr'>verecunde</span> <span class='ocrx_word' id='word_1_322' title='bbox 1317 2403 1449 2440; x_wconf 84' lang='lat' dir='ltr'>tacere</span> <span class='ocrx_word' id='word_1_323' title='bbox 1470 2415 1596 2452; x_wconf 91' lang='lat' dir='ltr'>quam</span> <span class='ocrx_word' id='word_1_324' title='bbox 1625 2402 1769 2441; x_wconf 86' lang='lat' dir='ltr'>laudes</span> <span class='ocrx_word' id='word_1_325' title='bbox 1798 2404 1891 2441; x_wconf 86' lang='lat' dir='ltr'>tuas</span> 
     </span>
     <span class='ocr_line' id='line_1_35' title="bbox 239 2467 1889 2524; baseline -0.006 -9"><span class='ocrx_word' id='word_1_326' title='bbox 239 2494 275 2524; x_wconf 84' lang='lat'>15</span> <span class='ocrx_word' id='word_1_327' title='bbox 295 2475 437 2514; x_wconf 90' lang='lat' dir='ltr'>minus</span> <span class='ocrx_word' id='word_1_328' title='bbox 465 2473 589 2524; x_wconf 84' lang='lat' dir='ltr'>digne</span> <span class='ocrx_word' id='word_1_329' title='bbox 617 2483 859 2522; x_wconf 71' lang='lat' dir='ltr'>personare5</span> <span class='ocrx_word' id='word_1_330' title='bbox 893 2481 993 2518; x_wconf 87' lang='lat' dir='ltr'>quas</span> <span class='ocrx_word' id='word_1_331' title='bbox 1022 2467 1057 2506; x_wconf 93' lang='lat' dir='ltr'>si</span> <span class='ocrx_word' id='word_1_332' title='bbox 1085 2467 1213 2506; x_wconf 90' lang='lat' dir='ltr'>nimis</span> <span class='ocrx_word' id='word_1_333' title='bbox 1240 2467 1386 2517; x_wconf 85' lang='lat' dir='ltr'>frigide</span> <span class='ocrx_word' id='word_1_334' title='bbox 1415 2468 1589 2506; x_wconf 86' lang='lat' dir='ltr'>tractare</span> <span class='ocrx_word' id='word_1_335' title='bbox 1616 2467 1771 2516; x_wconf 85' lang='lat' dir='ltr'>videor,</span> <span class='ocrx_word' id='word_1_336' title='bbox 1805 2480 1889 2506; x_wconf 88' lang='lat' dir='ltr'>non</span> 
     </span>
     <span class='ocr_line' id='line_1_36' title="bbox 294 2532 1396 2584; baseline -0.006 -5"><span class='ocrx_word' id='word_1_337' title='bbox 294 2540 453 2579; x_wconf 89' lang='lat' dir='ltr'>viribus</span> <span class='ocrx_word' id='word_1_338' title='bbox 471 2538 543 2576; x_wconf 86' lang='lat' dir='ltr'>sed</span> <span class='ocrx_word' id='word_1_339' title='bbox 563 2535 841 2576; x_wconf 82' lang='lat' dir='ltr'>imbecillitati</span> <span class='ocrx_word' id='word_1_340' title='bbox 859 2547 974 2573; x_wconf 89' lang='lat' dir='ltr'>meae</span> <span class='ocrx_word' id='word_1_341' title='bbox 993 2533 1289 2584; x_wconf 89' lang='lat' dir='ltr'>imputandum</span> <span class='ocrx_word' id='word_1_342' title='bbox 1308 2532 1396 2572; x_wconf 85' lang='lat' dir='ltr'>erit.</span> 
     </span>
     <span class='ocr_line' id='line_1_37' title="bbox 349 2597 1889 2648; baseline -0.005 -5"><span class='ocrx_word' id='word_1_343' title='bbox 349 2605 429 2643; x_wconf 85' lang='lat' dir='ltr'>Sed</span> <span class='ocrx_word' id='word_1_344' title='bbox 463 2604 512 2641; x_wconf 90' lang='lat' dir='ltr'>de</span> <span class='ocrx_word' id='word_1_345' title='bbox 542 2603 609 2640; x_wconf 89' lang='lat' dir='ltr'>his</span> <span class='ocrx_word' id='word_1_346' title='bbox 639 2602 848 2640; x_wconf 87' lang='lat' dir='ltr'>hactenus.</span> <span class='ocrx_word' id='word_1_347' title='bbox 909 2599 1016 2648; x_wconf 81' lang='lat' dir='ltr'>Quid</span> <span class='ocrx_word' id='word_1_348' title='bbox 1044 2612 1142 2638; x_wconf 88' lang='lat' dir='ltr'>vero</span> <span class='ocrx_word' id='word_1_349' title='bbox 1175 2611 1284 2647; x_wconf 85' lang='lat' dir='ltr'>agas,</span> <span class='ocrx_word' id='word_1_350' title='bbox 1318 2611 1443 2648; x_wconf 87' lang='lat' dir='ltr'>quam</span> <span class='ocrx_word' id='word_1_351' title='bbox 1473 2598 1581 2637; x_wconf 84' lang='lat' dir='ltr'>belle</span> <span class='ocrx_word' id='word_1_352' title='bbox 1613 2598 1758 2646; x_wconf 87' lang='lat' dir='ltr'>valeas,</span> <span class='ocrx_word' id='word_1_353' title='bbox 1792 2597 1889 2648; x_wconf 88' lang='lat' dir='ltr'>quid</span> 
     </span>
     <span class='ocr_line' id='line_1_38' title="bbox 297 2662 1889 2719; baseline -0.005 -11"><span class='ocrx_word' id='word_1_354' title='bbox 297 2670 471 2719; x_wconf 86' lang='lat' dir='ltr'>denique</span> <span class='ocrx_word' id='word_1_355' title='bbox 490 2667 707 2718; x_wconf 83' lang='lat' dir='ltr'>parturias,</span> <span class='ocrx_word' id='word_1_356' title='bbox 730 2665 955 2704; x_wconf 89' lang='lat' dir='ltr'>admodum</span> <span class='ocrx_word' id='word_1_357' title='bbox 979 2664 1082 2702; x_wconf 87' lang='lat' dir='ltr'>scire</span> <span class='ocrx_word' id='word_1_358' title='bbox 1107 2663 1315 2713; x_wconf 79' lang='lat' dir='ltr'>desydem,</span> <span class='ocrx_word' id='word_1_359' title='bbox 1334 2665 1375 2702; x_wconf 90' lang='lat' dir='ltr'>et</span> <span class='ocrx_word' id='word_1_360' title='bbox 1400 2664 1436 2702; x_wconf 88' lang='lat' dir='ltr'>si</span> <span class='ocrx_word' id='word_1_361' title='bbox 1459 2663 1539 2701; x_wconf 83' lang='lat' dir='ltr'>tibi</span> <span class='ocrx_word' id='word_1_362' title='bbox 1563 2662 1786 2701; x_wconf 88' lang='lat' dir='ltr'>molestum</span> <span class='ocrx_word' id='word_1_363' title='bbox 1805 2675 1889 2700; x_wconf 92' lang='lat' dir='ltr'>non</span> 
     </span>
     <span class='ocr_line' id='line_1_39' title="bbox 298 2727 1889 2783; baseline -0.006 -9"><span class='ocrx_word' id='word_1_364' title='bbox 298 2736 388 2783; x_wconf 89' lang='lat' dir='ltr'>erit,</span> <span class='ocrx_word' id='word_1_365' title='bbox 403 2733 577 2773; x_wconf 86' lang='lat' dir='ltr'>rescribe</span> <span class='ocrx_word' id='word_1_366' title='bbox 592 2747 602 2781; x_wconf 91' lang='lat'>;</span> <span class='ocrx_word' id='word_1_367' title='bbox 633 2735 678 2771; x_wconf 90' lang='lat' dir='ltr'>vt</span> <span class='ocrx_word' id='word_1_368' title='bbox 691 2731 866 2770; x_wconf 87' lang='lat' dir='ltr'>habeam</span> <span class='ocrx_word' id='word_1_369' title='bbox 878 2731 987 2779; x_wconf 88' lang='lat' dir='ltr'>quod</span> <span class='ocrx_word' id='word_1_370' title='bbox 999 2729 1227 2768; x_wconf 86' lang='lat' dir='ltr'>amicorum</span> <span class='ocrx_word' id='word_1_371' title='bbox 1242 2731 1411 2767; x_wconf 86' lang='lat' dir='ltr'>tuorum</span> <span class='ocrx_word' id='word_1_372' title='bbox 1426 2728 1733 2777; x_wconf 87' lang='lat' dir='ltr'>incognitorum</span> <span class='ocrx_word' id='word_1_373' title='bbox 1746 2727 1889 2766; x_wconf 85' lang='lat' dir='ltr'>turbae</span> 
     </span>
    </p>
   </div>
   <div class='ocr_carea' id='block_1_10' title="bbox 300 2826 1890 2915">
    <p class='ocr_par' dir='ltr' id='par_1_16' title="bbox 300 2826 1890 2915">
     <span class='ocr_line' id='line_1_40' title="bbox 343 2826 1890 2871; baseline -0.005 -9"><span class='ocrx_word' id='word_1_374' title='bbox 343 2834 415 2863; x_wconf 64' lang='lat'>409.</span> <span class='ocrx_word' id='word_1_375' title='bbox 442 2843 471 2871; x_wconf 83' lang='lat'>3.</span> <span class='ocrx_word' id='word_1_376' title='bbox 496 2832 551 2863; x_wconf 86' lang='lat' dir='ltr'>vel</span> <span class='ocrx_word' id='word_1_377' title='bbox 568 2836 639 2863; x_wconf 73' lang='lat' dir='ltr'>ante</span> <span class='ocrx_word' id='word_1_378' title='bbox 654 2834 733 2862; x_wconf 88' lang='lat' dir='ltr'>tuas</span> <span class='ocrx_word' id='word_1_379' title='bbox 748 2833 798 2861; x_wconf 88' lang='lat' dir='ltr'>B:</span> <span class='ocrx_word' id='word_1_380' title='bbox 823 2840 885 2861; x_wconf 90' lang='lat' dir='ltr'>seu</span> <span class='ocrx_word' id='word_1_381' title='bbox 900 2832 970 2861; x_wconf 80' lang='lat' dir='ltr'>Ms.</span> <span class='ocrx_word' id='word_1_382' title='bbox 1037 2838 1068 2867; x_wconf 85' lang='lat'>5.</span> <span class='ocrx_word' id='word_1_383' title='bbox 1095 2828 1122 2858; x_wconf 70' lang='grc' dir='ltr'>δι</span> <span class='ocrx_word' id='word_1_384' title='bbox 1135 2832 1203 2864; x_wconf 74' lang='lat' dir='ltr'>post</span> <span class='ocrx_word' id='word_1_385' title='bbox 1219 2828 1333 2857; x_wconf 87' lang='lat' dir='ltr'>fauste</span> <span class='ocrx_word' id='word_1_386' title='bbox 1344 2829 1409 2857; x_wconf 87' lang='lat' dir='ltr'>MS.</span> <span class='ocrx_word' id='word_1_387' title='bbox 1429 2838 1436 2856; x_wconf 88' lang='lat'>:</span> <span class='ocrx_word' id='word_1_388' title='bbox 1458 2835 1497 2856; x_wconf 80' lang='lat' dir='ltr'>ac</span> <span class='ocrx_word' id='word_1_389' title='bbox 1510 2828 1548 2856; x_wconf 93' lang='grc' dir='ltr'>Β.</span> <span class='ocrx_word' id='word_1_390' title='bbox 1615 2827 1647 2856; x_wconf 89' lang='grc'>6.</span> <span class='ocrx_word' id='word_1_391' title='bbox 1671 2827 1773 2855; x_wconf 88' lang='lat' dir='ltr'>tuum</span> <span class='ocrx_word' id='word_1_392' title='bbox 1785 2826 1833 2854; x_wconf 92' lang='lat' dir='ltr'>B:</span> <span class='ocrx_word' id='word_1_393' title='bbox 1851 2826 1890 2854; x_wconf 86' lang='lat' dir='ltr'>tu</span> 
     </span>
     <span class='ocr_line' id='line_1_41' title="bbox 300 2866 1889 2915; baseline -0.005 -9"><span class='ocrx_word' id='word_1_394' title='bbox 300 2879 368 2908; x_wconf 68' lang='lat' dir='ltr'>MS.</span> <span class='ocrx_word' id='word_1_395' title='bbox 423 2887 453 2914; x_wconf 88' lang='lat'>7.</span> <span class='ocrx_word' id='word_1_396' title='bbox 478 2877 562 2915; x_wconf 82' lang='lat' dir='ltr'>opti.</span> <span class='ocrx_word' id='word_1_397' title='bbox 576 2877 611 2906; x_wconf 86' lang='lat' dir='ltr'>et</span> <span class='ocrx_word' id='word_1_398' title='bbox 627 2877 768 2906; x_wconf 87' lang='lat' dir='ltr'>max.B.</span> <span class='ocrx_word' id='word_1_399' title='bbox 833 2884 883 2904; x_wconf 90' lang='lat'>10.</span> <span class='ocrx_word' id='word_1_400' title='bbox 907 2875 1077 2912; x_wconf 85' lang='lat' dir='ltr'>negatum</span> <span class='ocrx_word' id='word_1_401' title='bbox 1090 2874 1157 2902; x_wconf 87' lang='lat' dir='ltr'>MS.</span> <span class='ocrx_word' id='word_1_402' title='bbox 1176 2882 1184 2901; x_wconf 75' lang='grc' dir='ltr'>ε</span> <span class='ocrx_word' id='word_1_403' title='bbox 1205 2870 1388 2910; x_wconf 85' lang='lat' dir='ltr'>negotium</span> <span class='ocrx_word' id='word_1_404' title='bbox 1404 2872 1438 2900; x_wconf 89' lang='lat' dir='ltr'>P.</span> <span class='ocrx_word' id='word_1_405' title='bbox 1498 2878 1546 2901; x_wconf 83' lang='lat'>12.</span> <span class='ocrx_word' id='word_1_406' title='bbox 1571 2866 1636 2898; x_wconf 77' lang='grc' dir='ltr'>εἷεν</span> <span class='ocrx_word' id='word_1_407' title='bbox 1650 2870 1699 2899; x_wconf 85' lang='lat' dir='ltr'>B:</span> <span class='ocrx_word' id='word_1_408' title='bbox 1722 2866 1806 2898; x_wconf 78' lang='grc' dir='ltr'>εἶονν</span> <span class='ocrx_word' id='word_1_409' title='bbox 1821 2869 1889 2898; x_wconf 85' lang='lat' dir='ltr'>MS.</span> 
     </span>
    </p>
   </div>
   <div class='ocr_carea' id='block_1_11' title="bbox 303 2954 498 2958">
    <p class='ocr_par' dir='ltr' id='par_1_17' title="bbox 303 2954 498 2958">
     <span class='ocr_line' id='line_1_42' title="bbox 303 2954 498 2958; baseline 0 0"><span class='ocrx_word' id='word_1_410' title='bbox 303 2954 498 2958; x_wconf 95' lang='lat' dir='ltr'> </span> 
     </span>
    </p>
   </div>
   <div class='ocr_carea' id='block_1_12' title="bbox 500 2954 644 2958">
    <p class='ocr_par' dir='ltr' id='par_1_18' title="bbox 500 2954 644 2958">
     <span class='ocr_line' id='line_1_43' title="bbox 500 2954 644 2958; baseline 0 0"><span class='ocrx_word' id='word_1_411' title='bbox 500 2954 644 2958; x_wconf 95' lang='lat' dir='ltr'> </span> 
     </span>
    </p>
   </div>
   <div class='ocr_carea' id='block_1_13' title="bbox 749 2970 1433 3012">
    <p class='ocr_par' dir='ltr' id='par_1_19' title="bbox 749 2970 1433 3012">
     <span class='ocr_line' id='line_1_44' title="bbox 749 2970 1433 3012; baseline -0.004 -8"><span class='ocrx_word' id='word_1_412' title='bbox 749 2974 825 3004; x_wconf 87' lang='lat'><strong>409.</strong></span> <span class='ocrx_word' id='word_1_413' title='bbox 855 2982 904 3011; x_wconf 85' lang='lat'>14.</span> <span class='ocrx_word' id='word_1_414' title='bbox 929 2971 1050 3012; x_wconf 79' lang='lat' dir='ltr'>poeta]</span> <span class='ocrx_word' id='word_1_415' title='bbox 1075 2971 1180 3002; x_wconf 90' lang='lat' dir='ltr'>Hom.</span> <span class='ocrx_word' id='word_1_416' title='bbox 1199 2972 1237 3001; x_wconf 83' lang='lat' dir='ltr'>Iz.</span> <span class='ocrx_word' id='word_1_417' title='bbox 1255 2980 1288 3001; x_wconf 80' lang='lat'>2.</span> <span class='ocrx_word' id='word_1_418' title='bbox 1304 2970 1433 3009; x_wconf 85' lang='lat'><strong>489,90.</strong></span> 
     </span>
    </p>
   </div>
  </div>
 </body>
</html>
