2010 3417
204 556 240 588 ²5

258 171 341 209 460
726 166 977 205 LETTERS
1015 165 1084 205 or
1121 164 1390 203 ERASMUs
1730 160 1850 215 [1517-

259 293 333 329 ego
353 281 468 316 tuam
489 289 740 327 exaggerans
758 276 1006 314 facilitatem
1031 275 1150 313 autor
1173 286 1305 312 essem
1323 275 1370 312 vt
1388 274 1545 312 interea
1564 273 1759 312 scriberet
1779 274 1856 311 ὅττι

260 345 304 382 ἂν
328 345 443 393 ἄκραν
461 344 522 381 ἐπὶ
548 345 720 394 γλῶτταν
746 341 860 379 ἔλθοι.
920 340 1078 378 Verum
1098 339 1168 377 ille
1193 352 1274 389 quo
1298 338 1457 377 doctior
1480 341 1552 387 est,
1575 339 1652 376 hoc
1674 338 1856 389 penitius

260 412 352 447 tuas
386 407 502 446 dotes
534 406 741 457 perspicit,
774 408 897 456 atque
927 405 979 443 ob
1011 404 1054 442 id
1089 403 1323 454 religiosius
1351 417 1477 453 quam
1511 417 1584 453 ego
1613 403 1783 454 suspicit
1811 417 1857 442 ac

260 476 492 513 veneratur.

316 538 409 577 Iam
429 551 571 576 meum
591 537 793 576 iudicium
813 535 959 586 quanti
977 535 1050 573 fiat
1070 535 1121 574 ab
1141 534 1235 573 aliis
1255 535 1419 583 nescim
1448 535 1493 572 tu
1513 536 1621 573 certe
1640 547 1726 573 non
1741 536 1859 585 potes

265 603 440 643 omnino
458 603 638 651 reiicere,
655 602 725 652 qui
745 601 855 640 vltro
870 600 1116 650 efflagitaris,
1134 600 1205 651 qui
1217 600 1354 649 ταύτην
1367 601 1435 649 τὴν
1448 601 1603 648 λεοντῆν
1614 599 1861 649 imposueris

261 683 307 709 ac
333 682 400 708 me
427 671 596 707 tuarum
619 667 960 706 lucubrationum
983 666 1279 705 Aristarchum
1307 665 1468 704 feceris.
1523 665 1729 716 Equidem
1750 666 1860 704 haud

262 749 370 785 pono
390 747 532 773 meum
553 747 708 772 nomen
722 733 768 771 in
784 732 1042 771 eruditorum
1061 731 1165 770 albo.
1227 731 1346 770 Inter
1364 733 1458 770 tuos
1478 732 1617 770 autem
1635 731 1790 770 amicos
1803 732 1860 770 sic

262 800 401 840 ambio
439 800 661 847 numerari,
701 801 747 837 vt
780 800 939 837 caetera
968 796 1198 847 quamlibet
1231 797 1415 844 inferior,
1455 797 1594 836 studio
1625 799 1766 836 tamen
1797 798 1861 836 tui

205 885 245 916 30
262 866 425 906 nemini
450 879 663 904 cessurum
690 877 757 903 me
782 864 991 914 recipiam.
1052 862 1139 901 Nec
1158 865 1300 901 tamen
1319 863 1552 913 vsqueadeo
1572 875 1667 901 sum
1686 876 1711 901 a
1729 863 1862 902 Musis

207 1213 246 1246 35

263 945 311 971 ac
329 931 450 970 bonis
476 931 612 970 literis
631 930 805 978 alienus,
830 929 986 979 opinor,
1008 930 1054 967 vt
1074 941 1159 967 non
1178 928 1318 979 aliquo
1337 929 1460 967 modo
1480 928 1726 978 perspiciam
1744 928 1864 967 raris-

264 997 391 1036 simas
410 998 511 1036 istas
529 1010 575 1035 ac
594 1009 697 1046 pene
723 995 893 1034 diuinas
917 1007 1015 1045 opes
1039 994 1199 1044 ingenii
1229 995 1303 1040 tui,
1326 994 1491 1044 quando
1515 1007 1618 1044 quae
1642 994 1864 1043 insigniter

264 1063 453 1101 eminent
480 1064 603 1112 atque
629 1061 792 1100 elucent
822 1060 891 1099 vel
922 1074 945 1099 a
978 1060 1170 1098 lusciosis
1199 1061 1313 1098 cerni
1342 1060 1504 1099 solent:
1540 1073 1615 1098 nec
1647 1072 1792 1098 rursus
1819 1061 1864 1098 in

265 1131 432 1167 tantum
447 1129 510 1167 tui
530 1127 668 1167 studio
688 1127 846 1165 cecutio
864 1129 911 1165 vt
931 1139 1071 1164 amore
1091 1126 1331 1165 exoculatus
1346 1139 1496 1176 parum
1511 1127 1619 1164 recte
1632 1125 1861 1175 dispiciam,

266 1194 309 1233 id
339 1194 449 1244 quod
482 1196 576 1232 tum
609 1193 792 1232 accidere
825 1192 938 1240 solet,
972 1191 1134 1242 quoties
1163 1191 1368 1230 iudicium
1400 1204 1451 1230 ex
1487 1205 1629 1230 amore
1666 1191 1862 1230 nascitur.

265 1262 485 1301 Caeterum
513 1260 584 1299 vbi
613 1261 756 1298 contra
782 1271 899 1297 amor
929 1271 953 1296 a
981 1257 1132 1296 iudicio
1165 1256 1449 1307 proficiscitur,
1480 1259 1647 1296 tantum
1675 1257 1791 1296 abest
1818 1258 1864 1295 vt

265 1326 396 1366 oculis
415 1328 559 1376 captus
580 1325 644 1372 sit,
667 1327 713 1363 vt
733 1323 844 1362 nihil
871 1323 926 1362 sit
946 1323 1149 1362 oculatius
1168 1337 1177 1371 3
1206 1323 1335 1372 fitque
1353 1325 1446 1361 tum
1465 1325 1511 1362 vt
1536 1336 1616 1373 quo
1635 1321 1865 1372 impensius

266 1404 467 1437 amamus,
486 1391 563 1429 hoc
584 1393 627 1429 et
645 1389 945 1440 perspiciamus
963 1388 1099 1426 acrius
1119 1390 1161 1426 et
1180 1388 1333 1426 certius
1353 1387 1596 1426 iudicemus.

322 1458 415 1496 Iam
436 1456 536 1495 olim
556 1456 662 1493 mihi
681 1454 853 1493 videbar
874 1454 1034 1492 odorari
1053 1453 1130 1491 tibi
1149 1455 1356 1491 certamen
1377 1453 1490 1491 istud
1511 1455 1750 1502 susceptum
1770 1465 1867 1490 cuni

207 1541 249 1572 40
270 1522 404 1571 Italia,
427 1521 757 1571 pulcherrimum
777 1519 944 1569 quidem
964 1519 1069 1557 illud
1091 1519 1161 1557 sed
1181 1518 1294 1556 idem
1314 1518 1437 1568 longe
1457 1513 1751 1556 difficillimum
1770 1532 1779 1556 :
1807 1519 1863 1563 at,

207 1870 247 1902 45

212 2195 252 2226 50

214 2568 252 2598 55

267 1601 319 1626 ne
340 1587 439 1638 quid
458 1587 627 1636 fingam,
651 1585 951 1635 propemodum
971 1584 1243 1634 desperabam
1263 1596 1561 1623 successurum.
1624 1583 1744 1621 Nunc
1766 1582 1867 1621 adeo

268 1653 514 1692 successisse
533 1652 653 1690 video
673 1653 721 1689 vt
740 1650 953 1688 neminem
976 1650 1053 1688 hac
1080 1651 1212 1688 aetate
1233 1651 1375 1699 putem
1395 1662 1482 1687 esse
1502 1648 1611 1698 apud
1631 1648 1762 1687 Italos
1780 1650 1869 1686 tam

267 1718 506 1769 improbum
536 1717 698 1767 sibique
720 1716 932 1764 fidentem,
956 1715 1028 1765 qui
1056 1728 1179 1764 super
1201 1714 1282 1753 ista
1309 1727 1406 1752 sane
1433 1715 1555 1752 laude
1581 1726 1676 1752 cum
1702 1713 1870 1752 Budaeo

268 1783 724 1834 congredi'manusque
755 1794 965 1820 conserere
995 1781 1224 1819 sustineat:
1255 1780 1363 1830 quod
1385 1779 1552 1830 quidem
1578 1782 1619 1817 et
1638 1779 1742 1817 citra
1761 1778 1870 1817 inui-

267 1849 380 1888 diam
400 1851 441 1887 et
460 1862 556 1887 cum
575 1847 723 1886 Italiae
743 1859 840 1897 pace
864 1846 1024 1884 dictum
1046 1846 1187 1894 velim,
1211 1845 1278 1884 cui
1297 1859 1393 1884 cum
1411 1845 1533 1884 faueo
1552 1845 1753 1892 multum,
1772 1846 1868 1882 tum

267 1914 408 1953 tribuo
426 1914 670 1964 plurimum.
727 1912 829 1961 Quis
848 1912 963 1950 enim
988 1911 1073 1950 iam
1092 1911 1137 1949 in
1161 1911 1240 1949 hoc
1259 1914 1468 1950 certamen
1488 1910 1590 1949 velit
1610 1910 1867 1954 descendere,

267 1981 536 2030 posteaquam
574 1978 766 2017 videmus
809 1977 994 2028 egregios
1035 1976 1131 2015 illos
1174 1976 1321 2015 heroas
1357 1978 1400 2014 et
1438 1976 1628 2014 omnium
1665 1988 1868 2014 consensu

268 2058 439 2095 prorsus
458 2043 742 2090 inimitabiles,
761 2042 1039 2081 Hermolaum
1051 2042 1284 2081 Barbarum
1303 2044 1344 2079 et
1363 2042 1577 2092 Angelum
1597 2040 1868 2087 Politianum,

269 2110 358 2160 pari
377 2110 593 2159 vti-iusque
612 2108 870 2147 litteraturae
885 2108 1084 2146 facultate
1103 2107 1312 2157 copiaque,
1335 2107 1458 2156 longe
1477 2107 1551 2145 abs
1569 2109 1610 2145 te
1626 2107 1839 2156 superatos
1851 2107 1872 2143 ἶ)

271 2178 305 2216 Ο
335 2176 497 2215 felicem
532 2176 727 2222 Galliam,
760 2188 864 2225 quas
895 2175 1042 2213 cristas
1073 2173 1238 2212 tolleret
1264 2173 1300 2211 si
1333 2186 1429 2211 suas
1459 2186 1557 2223 opes
1584 2173 1673 2222 ipsa
1706 2172 1871 2209 nosset!

272 2242 352 2281 Sed
381 2242 442 2280 ita
470 2242 553 2280 fere
585 2243 646 2279 est
677 2241 893 2291 ingenium
918 2240 1173 2287 mortalium,
1207 2240 1254 2277 vt
1287 2237 1425 2289 inquit
1454 2238 1639 2285 Flaccus,
1668 2236 1869 2275 virtutem

272 2309 534 2358 praesentem
572 2307 608 2345 si
646 2319 733 2344 non
771 2305 944 2353 odimus,
979 2307 1088 2343 certe
1123 2303 1386 2354 negligimus,

624 2394 840 2434 Sublatam
872 2408 923 2432 ex
953 2393 1083 2432 oculis
1112 2393 1350 2443 quaerimus
1381 2391 1530 2429 inuidi.

329 2484 446 2532 Quod
473 2485 508 2522 si
534 2484 607 2522 fiat
636 2485 681 2521 vt
710 2483 781 2532 qui
809 2495 920 2521 nunc
945 2495 1066 2520 meus
1097 2483 1161 2519 est
1191 2493 1350 2529 sensus,
1382 2480 1494 2518 idem
1520 2481 1626 2517 esset
1657 2477 1872 2517 vniuersae

273 2549 441 2596 Galliae,
466 2549 667 2587 nimirum
686 2548 879 2587 Budaeus
906 2547 975 2586 ille
994 2548 1039 2585 in
1062 2546 1258 2586 omnibus
1282 2545 1463 2584 basilicis
1488 2545 1698 2595 ὁλόχρυσος
1723 2545 1873 2581 staret:

275 2627 513 2664 quanquam
549 2613 623 2652 ille
663 2613 831 2664 quidem
869 2613 1029 2652 diutius
1060 2611 1233 2651 victuris
1261 2611 1411 2650 statuis
1439 2610 1483 2648 in
1513 2610 1703 2649 omnium
1739 2607 1873 2646 erudi-

273 2681 412 2718 torum
456 2679 692 2728 pectoribus
734 2680 993 2717 consecratus
1029 2677 1270 2726 dicatusque
1316 2688 1477 2725 semper
1521 2675 1661 2713 stabit.
1734 2675 1874 2722 Atque

275 2744 374 2782 haec
394 2744 561 2793 quidem
581 2744 676 2782 aliis
694 2743 943 2791 adulantius,
960 2743 1053 2781 aliis
1072 2742 1336 2792 arrogantius
1354 2754 1378 2779 a
1396 2754 1463 2779 me
1483 2740 1593 2779 dicta
1604 2739 1870 2785 videbuntur,

277 2811 340 2847 sat
369 2809 481 2856 sci0;
522 2809 592 2847 sed
623 2809 675 2847 iis
707 2809 831 2848 modo
863 2809 935 2860 qui
964 2810 1057 2847 tuas
1086 2807 1436 2857 exquisitissimas
1467 2805 1774 2844 lucubrationes
1801 2804 1870 2841 aut

320 2904 371 2925 21.
399 2894 415 2924 ὅ
432 2907 462 2925 τι
480 2898 516 2926 F.
689 2897 742 2935 38.
773 2896 974 2927 iudicemus
998 2897 1070 2926 add.
1098 2898 1134 2926 F.
1311 2902 1364 2932 54.
1397 2894 1489 2923 esset
1515 2891 1602 2923 GNss:
1633 2893 1685 2922 est
1709 2889 1748 2919 N
1774 2890 1871 2920 Lond-

277 2939 330 2976 56.
363 2936 442 2968 0¹1³:
467 2940 626 2969 victurus
645 2940 688 2970 (7²

389 3041 441 3069 27.
467 3033 735 3072 Aristarchum]
754 3033 805 3064 Cf.
824 3033 910 3064 Hor.
930 3035 1011 3064 A.P.
1028 3042 1102 3070 450.
1238 3041 1291 3069 51.
1318 3030 1479 3070 Flaccus]
1506 3033 1534 3060 C.
1554 3039 1583 3067 3.
1603 3038 1654 3066 24.
1674 3037 1760 3065 31‚2.
