2010 3464
78 186 175 241 312]
605 188 676 227 ΤΟ
712 187 899 228 PETER
938 188 1142 229 GILLES
1616 191 1668 229 33

76 296 159 328 Feb.
181 296 232 338 (γ)
249 296 321 328 and
345 297 433 328 Nov.
454 297 538 336 1516
555 298 616 339 (δ),
634 296 723 337 July
742 298 824 336 1518
841 296 901 338 (ζ),
919 297 990 329 and
1008 297 1090 329 Feb.
1114 307 1193 337 1521
1222 297 1284 339 (η).
1334 298 1378 329 111
1399 298 1482 337 1516
1500 298 1670 329 Erasmus

74 342 157 372 sent
173 350 193 371 a
209 350 296 381 copy
312 340 352 371 of
369 341 392 375 β
409 342 446 372 to
462 341 595 372 Badius
612 341 703 372 with
728 342 790 372 the
806 343 1011 381 suggestion
1027 342 1110 373 that
1134 343 1179 373 he
1196 340 1326 373 should
1352 342 1491 382 reprint
1506 342 1535 372 it
1562 341 1665 382 (Epp.

75 393 138 423 434
153 384 224 415 and
240 384 331 425 472).
379 384 525 423 Badius,
544 385 624 416 who
649 384 734 416 held
759 385 861 416 strict
882 385 993 416 views
1009 386 1117 417 about
1145 385 1333 426 copyright
1359 384 1418 426 (cf.
1436 385 1498 425 Ep.
1517 386 1580 424 263
1597 384 1670 416 and

75 427 188 459 Lond.
203 428 251 459 vi.
269 438 320 467 24,
351 427 421 459 LB.
440 428 533 468 App.
552 427 642 468 242),
662 438 734 460 was
757 430 794 459 at
819 428 896 460 first
924 428 1130 470 unwilling,
1159 429 1224 460 but
1250 429 1458 468 ultimately
1482 429 1600 460 issued
1624 438 1670 460 an

76 470 322 512 abridgement
347 472 383 502 of
404 471 467 502 the
482 472 579 502 work
596 472 643 512 (ε)
660 471 752 502 with
776 482 868 503 some
884 472 1121 513 explanatory
1138 474 1239 504 notes
1266 473 1314 512 by
1337 473 1489 504 himself
1511 473 1568 512 (cf.
1596 475 1669 503 Luc.

75 517 150 546 Incl.
182 515 253 546 and
282 515 426 546 Badius'
462 515 600 555 preface
627 518 662 545 to
694 515 800 546 Peter
831 516 953 555 Gilles,
990 516 1304 547 ‘Aduersanorum
1328 525 1348 546 a
1376 516 1511 547 libellis
1523 516 1531 528 ’
1563 515 1670 547 dated

76 568 119 598 29
136 558 224 590 Nov.
241 560 348 597 1516).
398 558 466 589 His
480 560 557 589 text
574 558 611 589 of
625 557 805 589 Erasmus'
818 559 958 598 preface
969 569 1043 590 was
1060 560 1225 591 followed
1242 561 1288 599 by
1304 559 1441 591 Froben
1460 561 1499 591 in
1513 559 1670 591 editions

76 603 114 633 of
127 601 206 634 Feb.
227 604 321 641 1518,
341 601 421 633 Feb.
443 611 537 641 1519,
554 601 624 632 and
647 602 735 641 July
755 611 847 642 1521,
867 602 926 633 his
942 605 1046 634 notes
1062 604 1170 644 being
1185 603 1301 634 added
1322 605 1358 634 at
1383 603 1444 634 the
1462 603 1533 634 end
1551 604 1589 634 of
1608 603 1670 634 the

76 648 244 676 Parabozae
260 645 416 676 without
439 645 496 676 his
512 654 617 676 name
633 654 641 683 3
668 645 732 675 but
748 645 787 675 in
805 654 825 675 a
842 646 980 677 revised
999 646 1137 678 edition
1153 647 1192 677 of
1210 643 1299 686 Aug.
1325 656 1407 686 1522
1434 647 1496 688 (θ),
1516 646 1670 686 perhaps

76 690 116 720 in
139 698 381 728 consequence
404 688 443 719 of
465 688 768 728 representations
794 688 885 720 from
914 689 1093 728 Erasmus,
1117 691 1198 721 who
1222 690 1294 721 had
1321 690 1407 721 then
1435 689 1606 722 returned
1633 692 1670 721 to

76 732 191 771 Basle,
225 732 371 763 Badius’
402 731 617 770 authorship
649 731 687 762 of
712 732 774 762 the
806 734 906 763 notes
929 742 1000 763 was
1027 733 1302 772 acknowledged
1334 733 1406 764 and
1436 743 1531 764 some
1559 733 1669 773 slight

77 776 229 816 changes
244 775 347 806 made
363 775 402 805 111
417 774 493 806 this
509 775 656 815 preface.
704 775 751 806 In
768 775 830 806 the
850 777 947 813 Opera
959 775 999 807 of
1013 784 1106 816 1540,
1122 776 1192 807 vol.
1208 777 1230 808 i.
1245 786 1278 816 p.
1292 777 1367 816 466,
1382 776 1444 807 the
1461 779 1538 808 text
1557 777 1594 809 of
1607 778 1669 808 the

78 820 215 859 preface
229 819 368 850 follows
385 818 428 859 ε.]

152 916 359 948 ERASMVS
389 916 722 947 ROTERODAMVS
753 917 895 947 PETRO
925 916 1131 958 AEGIDIO,
1161 915 1585 949 CELEBRATISSIMAE

322 985 549 1018 CIVITATIS
580 985 969 1016 ANTVVERPIENSIS
999 986 1030 1016 A
1061 985 1283 1027 LIBELLIS,
1315 986 1349 1016 S.
1383 986 1424 1017 D.

127 1081 331 1121 vaArm
367 1078 535 1130 quidem
564 1080 605 1118 et
633 1091 816 1118 crassum
846 1078 958 1118 istud
985 1078 1213 1118 amicorum
1242 1091 1385 1128 genus,
1414 1078 1538 1117 Petre
1572 1078 1670 1116 ami-

74 1159 218 1186 corum
262 1144 565 1190 candidissime,
607 1157 783 1194 quorum
820 1145 867 1183 vt
912 1143 1049 1183 omnis
1086 1144 1206 1193 vitae,
1247 1144 1305 1182 ita
1345 1142 1669 1182 necessitudinis

74 1224 235 1262 quoque
253 1209 359 1249 ratio
383 1210 428 1248 in
455 1209 690 1260 corporibus
713 1209 793 1248 sita
811 1211 886 1255 est,
907 1209 943 1248 si
963 1208 1126 1259 quando
1151 1208 1296 1259 procul
1320 1201 1526 1247 seiunctos
1550 1220 1669 1258 agere

74 1275 303 1326 contigerit,
325 1274 481 1322 anulos,
502 1274 787 1324 pugiunculos‚
810 1273 984 1325 pileolos
1010 1276 1131 1324 atque
1157 1274 1238 1313 alia
1260 1274 1301 1312 id
1326 1287 1456 1324 genus
1478 1272 1669 1322 symbola

73 1341 213 1381 crebro
232 1340 368 1380 solent
387 1339 569 1378 inuicem
588 1339 816 1387 missitare;
844 1339 1035 1378 videlicet
1055 1352 1106 1378 ne
1126 1339 1192 1378 vel
1214 1338 1526 1378 consuetudinis
1545 1337 1670 1377 inter·
1689 1348 1708 1381 5

74 1406 272 1446 missione
298 1405 535 1456 languescat
562 1404 866 1453 beneuolentia,
898 1403 966 1444 vel
995 1405 1119 1454 longa
1146 1406 1382 1454 temporum
1412 1416 1458 1442 ac
1486 1403 1671 1442 locorum

74 1471 381 1521 intercapedine
403 1482 571 1520 prorsus
594 1471 830 1509 emoriatur.
889 1469 976 1508 Nos
1001 1483 1111 1518 vero,
1136 1469 1288 1519 quibus
1314 1469 1552 1508 animorum
1579 1481 1671 1507 con·

74 1537 286 1576 iunctione
315 1534 588 1585 societateque
616 1535 851 1574 studiorum
878 1535 1015 1574 omnis
1034 1535 1241 1574 amicitiae
1269 1534 1373 1573 ratio
1402 1535 1576 1582 constat,
1600 1546 1672 1572 cur

75 1615 159 1642 non
195 1601 334 1652 potius
370 1600 504 1640 animi
541 1600 719 1640 xeniolis
762 1602 803 1639 et
844 1599 1023 1640 literatis
1059 1599 1262 1650 symbolis
1298 1599 1529 1639 identidem
1571 1598 1673 1637 alter

76 1667 256 1706 alterum
291 1665 556 1705 salutemus?
611 1665 706 1704 Non
745 1666 852 1716 quod
890 1665 1026 1704 vllum
1064 1666 1120 1705 sit
1157 1665 1390 1716 periculum
1422 1677 1473 1702 ne
1507 1665 1672 1714 propter
1693 1676 1732 1698 10

76 1733 351 1782 interruptam
369 1731 479 1770 vitae
500 1732 845 1770 consuetudinem
870 1730 1003 1781 frigus
1028 1730 1193 1781 aliquod
1214 1730 1393 1780 obrepat,
1418 1742 1523 1768 neue
1543 1727 1671 1767 tantis

75 1798 293 1847 regionum
330 1796 564 1835 interuallis
601 1798 761 1835 semota
798 1809 965 1845 corpora
1003 1796 1194 1846 copulam
1231 1809 1276 1834 ac
1315 1807 1470 1833 nexum
1508 1793 1672 1832 soluant

77 1863 334 1909 animorum3
371 1861 442 1912 qui
460 1860 528 1900 vel
547 1860 625 1900 hoc
645 1861 798 1900 arctius
817 1860 898 1900 sibi
917 1860 1195 1911 conglutinari
1214 1860 1361 1907 solent,
1383 1872 1464 1909 quo
1484 1857 1672 1897 vastiori-

76 1927 154 1967 bus
170 1927 319 1977 spaciis
337 1926 409 1965 illa
427 1926 585 1965 fuerint
601 1926 829 1976 dirempta:
859 1939 1005 1965 verum
1020 1928 1067 1965 vt
1082 1926 1118 1966 si
1133 1925 1230 1976 quid
1247 1938 1296 1963 ex
1311 1924 1516 1964 amicitiae
1535 1923 1671 1962 fructu

76 1992 288 2032 detrahere
307 1991 498 2030 videatur
525 1991 720 2039 absentia,
748 1991 791 2030 id
820 1991 1062 2031 huiusmodi
1090 1990 1334 2042 pignoribus
1361 1988 1558 2028 literariis
1586 2000 1671 2026 non
1692 1999 1729 2032 15

75 2058 166 2097 sine
194 2058 361 2096 foenore
389 2056 626 2096 sarciamus.

129 2119 307 2163 Proinde
335 2121 444 2161 nihil
472 2121 642 2173 quidem
661 2121 899 2172 vulgarium
919 2121 1138 2161 xeniorum
1167 2121 1219 2160 ad
1247 2120 1430 2159 amicum
1458 2118 1557 2158 adeo
1587 2131 1671 2157 non

74 2188 302 2239 vulgarem,
338 2188 409 2227 sed
440 2187 642 2238 plurimas
670 2188 716 2226 in
749 2200 831 2226 vno
861 2187 1002 2226 libello
1034 2199 1220 2237 gemmas
1251 2185 1384 2224 mitto.
1443 2184 1527 2223 Cur
1557 2182 1671 2222 enim

74 2267 159 2293 non
171 2253 229 2293 sic
244 2253 450 2303 appellem
462 2253 766 2302 110οὉμοιώσεις
779 2266 828 2291 ex
841 2252 1155 2303 opulentissimo
1169 2263 1428 2290 summorum
1446 2248 1673 2288 authorum

74 2319 233 2359 mundo
261 2318 469 2358 selectas?
524 2318 666 2369 Nuper
695 2318 808 2357 enim
837 2318 939 2357 dum
967 2317 1249 2365 Aristotelem,
1282 2315 1473 2355 Plinium
1500 2326 1546 2353 ac
1575 2312 1671 2352 Plu·
1691 2323 1730 2346 20

75 2384 266 2424 tarchum
292 2383 595 2434 locupletandis
613 2384 873 2435 Adagiorum
894 2382 1156 2422 Chiliadibus
1174 2382 1320 2432 relego,
1343 2381 1445 2419 dum
1470 2380 1669 2418 Anneum

75 2451 272 2490 Senecam
301 2463 325 2489 a
352 2450 525 2498 mendis,
558 2449 710 2500 quibus
739 2449 810 2488 1110
839 2462 924 2488 11011
954 2448 1260 2488 contaminatus
1288 2447 1375 2486 erat
1402 2444 1473 2485 sed
1502 2455 1670 2495 prorsus

74 2515 293 2564 extinctus,
315 2528 501 2566 repurgo‚
529 2515 605 2555 has
628 2514 761 2554 obiter
783 2514 982 2554 annotaui
1003 2514 1082 2554 tibi
1105 2511 1405 2553 munusculum
1434 2509 1546 2549 haud
1573 2521 1668 2558 qua-

75 2593 199 2633 quam
217 2580 428 2629 ingratum
448 2581 621 2620 futuras.
670 2580 736 2619 Sic
755 2579 869 2618 enim
887 2578 1129 2630 augurabar,
1148 2577 1255 2629 quod
1275 2579 1316 2616 et
1335 2578 1376 2615 te
1395 2574 1668 2625 perspicerem

74 2647 124 2687 ad
145 2645 344 2685 orationis
363 2645 610 2696 elegantiam
630 2648 778 2685 natura
807 2645 1085 2695 compositum
1105 2656 1204 2692 esse,
1228 2643 1269 2681 01
1289 2640 1564 2689 intelligerem
1583 2650 1667 2676 11011
1689 2650 1727 2682 ²5

75 2712 257 2752 nitorem
288 2710 411 2749 modo
444 2711 514 2749 sed
544 2711 781 2750 vniuersam
813 2723 938 2761 prope
976 2709 1179 2749 sermonis
1213 2705 1458 2757 dignitatem
1489 2717 1511 2743 a
1543 2704 1668 2742 meta-

73 2775 217 2829 phoris
254 2775 466 2826 proficisci.
541 2775 660 2815 Nihil
695 2778 835 2814 autem
871 2774 982 2814 aliud
1021 2776 1083 2813 est
1113 2771 1328 2822 παραβολὴ,
1366 2782 1491 2820 quam
1529 2768 1668 2808 Cicero

75 2842 339 2883 collationem
372 2843 502 2890 vocat,
535 2854 660 2891 quam
698 2840 900 2891 explicata
937 2838 1193 2888 metaphora.
1250 2835 1516 2875 Caeterorum
1553 2844 1667 2872 orna·

261 2960 325 2983 111.
372 2960 395 2981 A
412 2958 568 2981 memus
583 2960 625 2980 a:
649 2958 694 2979 AB
711 2957 805 2979 Acrrs
824 2951 849 2979 9.
999 2955 1046 2977 11.
1073 2943 1217 2984 aliquod
1237 2954 1302 2984 αγε
1328 2942 1427 2974 aliud
1443 2944 1476 2977 β.

163 3061 215 3084 21.
234 3049 473 3092 Adagiorum]
499 3049 551 3081 Cf.
568 3048 631 3088 Ep.
649 3048 724 3088 269.
999 3055 1053 3076 22.
1068 3041 1254 3083 Senecam]
1278 3041 1330 3073 Of.
1350 3041 1412 3081 Ep.
1431 3051 1504 3082 325.

143 3117 250 3138 Amasi<
268 3118 296 3137 11
856 3114 882 3139 D
