2010 3417
74 220 176 276 569]
500 224 653 264 FROM
692 225 958 264 GERMAIN
992 225 1066 265 DE
1101 225 1238 264 BRIE
1580 223 1660 264 533

79 335 150 374 sed
170 336 310 373 tamen
329 334 441 374 istud
461 349 535 386 ego
555 335 656 374 citra
680 335 883 374 inuidiam
909 338 950 375 et
975 349 1069 374 cum
1097 335 1244 375 Italiae
1263 348 1360 385 pace
1381 334 1567 384 dixerim,
1594 335 1661 374 cui

76 400 268 450 equidem
288 413 383 438 cum
403 401 488 439 faui
502 402 623 440 antea
642 401 835 450 multum,
854 403 946 440 tum
965 401 1106 440 tribuo
1126 414 1288 450 semper
1302 402 1348 439 in
1368 400 1519 439 studiis
1537 399 1661 450 pluri-

77 478 218 504 mum:
246 478 355 504 vnus
382 465 565 515 profecto
598 466 797 505 Erasmus
826 465 1110 516 Transalpinis
1139 479 1184 504 ac
1216 465 1438 516 Cisalpinis
1467 465 1661 504 omnibus

75 530 258 580 palmam
295 531 501 581 praeripit,
538 544 646 571 vnus
683 531 878 570 Erasmus
912 531 1102 570 omnium
1140 530 1301 569 lumina
1339 529 1583 569 eruditionis
1614 542 1660 568 ac

78 595 294 634 facundiae
325 596 486 646 fulgore
515 596 781 646 praestringit
814 598 866 644 et,
894 596 1002 646 quod
1027 597 1088 634 est
1117 595 1162 634 in
1190 594 1418 646 prouerbio,
1449 594 1662 634 cornicum
1680 597 1721 628 80

75 659 215 699 oculos
242 660 420 710 configit.
747 706 750 712 ³

121 726 130 744 ‘
142 724 283 764 Etiam
299 738 410 764 nunc
425 724 647 764 Erasmum
662 725 798 775 ipsum
810 726 1050 776 loquentem
1062 725 1201 764 videre
1214 725 1354 763 videor
1367 739 1375 763 :
1389 723 1448 763 dii
1461 724 1662 774 superi,vt

81 789 221 828 omnia
233 792 334 839 apte,
351 790 490 829 onmia
499 790 694 840 apposite,
709 793 755 829 vt
772 790 879 828 nihil
892 804 976 829 non
995 790 1163 838 erudite,
1178 790 1283 828 nihil
1297 802 1381 828 non
1394 788 1601 839 eleganter
1619 791 1660 828 et

73 853 227 900 ornate,
238 852 346 890 nihil
358 865 442 891 non
455 852 648 891 distincte
659 854 700 891 et
709 853 961 891 adamussim
973 852 1178 902 loquitur!
1209 852 1379 891 Summa
1391 853 1453 890 est
1471 851 1656 900 facultas,

76 917 203 967 copia,
217 917 382 956 Vbertas
397 933 406 957 :
425 917 555 957 oratio
568 918 656 957 eius
670 931 783 968 pura,
797 919 947 968 aperta,
961 917 1106 966 facilis,
1123 916 1277 956 dulcis:
1307 929 1442 955 sermo
1453 916 1656 967 proprius,
1678 921 1718 962 85

72 984 217 1031 tersus,
228 982 467 1033 exquisitus,
478 983 626 1033 grauis,
639 996 782 1022 sensus
795 982 974 1022 abstrusi
985 995 1030 1021 ac
1042 982 1256 1021 reconditi.
1286 982 1511 1021 Occursant
1522 981 1656 1030 verba,

77 1048 148 1087 sed
167 1048 435 1087 cuiusmodi?
465 1049 659 1098 quaesita,
682 1048 852 1097 exculta,
874 1047 1152 1096 Latinissima,
1179 1049 1301 1098 atque
1321 1047 1419 1086 haec
1440 1059 1568 1097 quam
1598 1059 1659 1085 co-

70 1114 193 1163 piose,
215 1126 338 1163 quam
354 1113 524 1152 affatim.
549 1113 815 1158 Vberrimum
830 1113 1035 1163 quoddam
1048 1113 1157 1152 dicas
1170 1112 1425 1162 eloquentiae
1438 1112 1634 1151 horreum
1650 1126 1658 1151 :

74 1178 208 1217 multa
226 1178 345 1217 lectio
365 1178 410 1216 in
430 1178 625 1217 familiari
639 1181 679 1217 et
692 1178 759 1217 vel
771 1180 1086 1228 extemporanea
1100 1177 1318 1225 locutione,
1337 1176 1469 1215 multa
1484 1176 1660 1215 eruditio

72 1245 261 1295 apparet:
289 1243 543 1282 incredibilis
562 1244 764 1282 memoria
784 1243 930 1294 repetit
947 1243 1072 1281 altius
1092 1256 1194 1293 quae
1214 1242 1407 1292 loquitur,
1430 1255 1482 1280 ne
1502 1241 1660 1291 syllaba
1678 1256 1721 1289 90

68 1309 242 1359 quidem
255 1308 409 1347 labitur
425 1324 434 1348 :
461 1307 646 1347 breuiter
665 1310 825 1348 Musam
844 1309 977 1359 ipsam
989 1309 1184 1356 Atticam,
1203 1322 1289 1347 non
1303 1308 1528 1358 hominem,
1544 1308 1660 1359 loqui

73 1374 308 1413 contendas.
367 1374 425 1413 Vt
442 1373 507 1412 illi
527 1374 729 1412 rhetorica
748 1374 964 1423 subseruit,
985 1375 1032 1413 vt
1050 1373 1115 1411 illi
1135 1374 1184 1412 ad
1205 1386 1385 1423 vnguem
1406 1375 1504 1412 nota
1523 1376 1595 1421 est,
1613 1375 1660 1413 vt

78 1439 301 1478 domestica
319 1438 385 1477 illi
402 1452 448 1477 ac
475 1439 692 1478 familiaria
711 1439 933 1478 rhetorices
959 1440 1184 1489 praecepta,
1208 1440 1254 1476 vt
1273 1437 1481 1477 schemata
1508 1438 1656 1485 omnia,

70 1503 234 1554 figuras,
257 1504 421 1543 dicendi
448 1517 598 1554 genera
625 1504 787 1554 singula
808 1518 882 1554 pro
904 1503 1072 1543 arbitrio
1102 1503 1224 1542 modo
1250 1503 1336 1553 hac,
1358 1503 1481 1542 modo
1500 1503 1594 1542 illac
1614 1503 1659 1542 in

70 1581 184 1608 cerae
221 1569 394 1608 modum
428 1570 473 1608 in
509 1583 634 1609 vsum
668 1583 791 1608 suum
821 1569 951 1608 flectit
983 1581 1029 1607 ac
1057 1568 1230 1607 reflectit
1246 1569 1254 1607 Ξ
1311 1567 1475 1607 Iurares
1508 1568 1656 1607 Demo·
1677 1581 1718 1614 95

74 1634 267 1674 sthenem
295 1648 382 1674 esse
401 1637 472 1674 aut
492 1635 527 1674 si
547 1636 639 1685 quis
658 1635 939 1674 Demosthene
969 1635 1153 1683 superior
1175 1646 1264 1672 esse
1283 1635 1431 1683 potest.
1492 1633 1551 1672 Vt
1568 1647 1659 1682 poe-

69 1701 135 1739 tas
156 1713 300 1739 omnes
318 1702 412 1739 tum
433 1700 607 1739 Graecos
625 1703 718 1738 tum
736 1700 906 1738 Latinos
931 1698 1152 1738 familiares
1176 1698 1482 1748 peculiaresque
1507 1697 1631 1738 habet
1648 1701 1658 1739 1

71 1766 119 1803 vt
164 1778 329 1804 carmen
375 1767 546 1815 vtraque
579 1765 722 1815 lingua
750 1778 834 1803 non
864 1764 1160 1814 poenitendum
1200 1763 1366 1802 scribit!
1404 1764 1451 1802 vt
1487 1762 1661 1802 feliciter

63 1830 265 1869 ‚scribenti
296 1830 446 1880 Apollo
482 1830 646 1879 arridet,
682 1830 823 1868 Musae
860 1842 1004 1868 omnes
1035 1828 1223 1866 certatim
1253 1827 1435 1878 aspirant
1451 1829 1460 1867 1
1504 1841 1584 1878 quo
1614 1829 1659 1867 in

73 1908 222 1945 genere
249 1894 451 1933 nimirum
480 1895 547 1933 vel
573 1895 766 1945 antiquos
793 1895 905 1945 ipsos
932 1906 1152 1944 prouocare
1180 1893 1355 1932 videtur.
1678 1908 1739 1933 100

128 1962 137 1980 ⁴
149 1961 242 2000 Iam
262 1960 514 2010 theologiam
528 1959 750 1999 Erasmum
762 1973 847 1998 non
860 1959 1084 2010 vulgariter
1096 1971 1181 1998 esse
1197 1958 1389 1997 edoctum
1401 1959 1442 1996 et
1454 1959 1658 1997 testantur

75 2026 246 2076 quidem
259 2026 347 2064 eius
366 2025 412 2063 in
431 2038 476 2063 ea
490 2027 575 2064 arte
595 2025 747 2075 scripta
766 2037 890 2075 quam
904 2024 1086 2074 plurima
1103 2038 1113 2071 3
1142 2025 1181 2062 et
1196 2036 1270 2073 ego
1283 2023 1354 2073 qui
1373 2036 1468 2061 cum
1487 2022 1657 2062 homine

71 2092 116 2130 in
135 2105 182 2130 ea
201 2104 295 2130 sum
315 2091 561 2129 colluctatus
579 2091 794 2140 palaestra,
814 2088 1164 2139 locupletissimus
1185 2090 1291 2127 certe
1310 2101 1356 2127 ac
1374 2102 1470 2127 vere
1489 2089 1657 2128 Atticus

70 2157 191 2196 testis
209 2169 296 2195 esse
314 2169 494 2206 possum.
540 2155 682 2205 Neque
701 2155 813 2194 enim
832 2154 1083 2204 theologiam
1102 2154 1301 2192 Erasmus
1319 2154 1442 2204 (quod
1462 2154 1658 2193 nonnulli

70 2223 243 2261 fortasse
271 2220 508 2271 opinantur)
537 2220 788 2270 primoribus
816 2221 981 2258 tantum
1009 2218 1136 2257 labris
1164 2218 1411 2268 degustauit,
1434 2219 1505 2257 sed
1534 2219 1657 2269 plane
1678 2235 1736 2267 105

69 2288 122 2327 ad
153 2286 380 2337 penetralia
416 2298 547 2335 vsque
593 2285 956 2335 penitissimosque
993 2296 1173 2322 recessus
1206 2285 1450 2333 penetrauit.
1527 2283 1656 2323 Porro

68 2352 376 2404 philosophiam
395 2350 547 2389 artIum
568 2350 756 2388 omnium
776 2349 961 2399 reginam
979 2362 1065 2387 non
1085 2348 1217 2387 obiter
1233 2351 1307 2387 aut
1321 2348 1452 2387 veluti
1470 2362 1492 2388 e
1511 2348 1658 2388 limine

71 2420 240 2457 tantum
269 2416 476 2454 salutauit.
536 2415 644 2453 Nota
662 2415 726 2453 illi
744 2416 842 2453 sunt
860 2416 901 2452 et
925 2414 1149 2452 domestica
1175 2413 1352 2451 archana
1380 2413 1656 2463 mysteriaque

70 2482 224 2529 omnia,
247 2494 347 2531 quae
375 2480 441 2519 vel
467 2480 671 2518 diuinitus
694 2492 717 2518 a
736 2479 910 2518 Platone
938 2479 1004 2518 vel
1033 2477 1243 2528 ingeniose
1269 2478 1319 2516 ab
1339 2478 1563 2517 Aristotele
1589 2478 1655 2517 vel

73 2548 307 2598 quicunque
332 2544 404 2583 alii
434 2544 478 2582 in
509 2544 768 2594 philosophia
797 2543 1079 2582 excelluerunt
1107 2543 1269 2592 prodita
1297 2555 1343 2581 ac
1371 2543 1513 2581 relicta
1542 2545 1651 2582 sunt.
1677 2556 1739 2579 110

70 2614 211 2662 Atque
244 2610 289 2648 in
312 2611 426 2648 tanta
454 2611 622 2659 tamque
651 2609 814 2658 copiosa
838 2608 1153 2658 disciplinarum
1179 2606 1426 2657 supellectile
1453 2607 1655 2646 bonarum

69 2676 206 2727 ecquis
225 2675 348 2713 modo
370 2674 552 2712 inueniri
571 2674 722 2724 poterit
742 2674 812 2724 qui
827 2686 922 2712 cum
941 2673 1114 2711 Erasmo
1133 2685 1305 2710 manum
1325 2685 1532 2711 conserere
1550 2674 1592 2710 et
1609 2672 1654 2711 in

69 2743 270 2781 harenam
308 2739 550 2777 descendere
583 2739 763 2777 audeat?
799 2738 880 2777 nisi
913 2737 949 2777 si
980 2737 1072 2787 quis
1103 2737 1208 2775 forte
1251 2737 1459 2776 Thersites
1495 2737 1655 2776 viribus

68 2807 193 2856 longe
211 2804 381 2843 inferior
401 2817 496 2842 cum
514 2804 680 2842 Achille
699 2806 772 2842 aut
787 2803 986 2841 Diomede
1001 2802 1193 2851 congredi
1207 2801 1539 2852 praesumpserit,
1557 2815 1653 2841 mox

70 2884 221 2922 magno
240 2883 314 2908 suo
334 2869 526 2907 dedecore
545 2869 708 2907 hastam
727 2869 958 2906 abiecturus
977 2869 1017 2905 et
1045 2869 1130 2905 tota
1158 2867 1310 2905 harena
1329 2867 1505 2916 turpiter
1523 2880 1652 2906 cessu·
1675 2882 1732 2914 115

459 2973 511 3005 80.
537 2973 744 3013 perstringit
759 2975 799 3003 N.
980 2981 1050 3009 107.
1075 2980 1093 3000 e
1109 2973 1136 3000 E
1154 2981 1160 3000 :
1187 2979 1206 3000 a
1223 2971 1264 3000 N.

200 3074 251 3104 80.
277 3071 475 3112 cornicum]
500 3071 549 3103 cf.
567 3071 629 3111 Ep.
649 3072 721 3110 456.
741 3080 779 3100 21
799 3080 834 3101 n.
984 3078 1053 3107 103.
1079 3066 1237 3107 Atticus]
1263 3067 1314 3100 Cf.
1334 3070 1436 3106 Aday.
1457 3077 1527 3108 725.
