2010 3417
241 161 320 200 408
703 155 953 195 LETTERS
991 155 1060 194 OF
1099 154 1362 193 ERASMUS
1701 150 1740 204 [1
1750 163 1770 201 5
1780 166 1794 189 1
1805 154 1826 189 6

242 269 313 301 and
329 270 366 298 in
387 276 470 306 1520
485 276 558 297 was
578 266 616 295 in
639 263 934 303 correspondenee
955 263 1045 293 with
1067 261 1202 292 Luther
1220 260 1379 299 (NAKG.
1399 260 1460 291 vii.
1483 260 1575 299 1898,
1594 269 1627 298 p.
1646 262 1736 301 204).
1784 261 1828 291 In

246 322 327 352 1522
344 312 388 341 he
404 311 546 341 became
563 309 690 339 Rector
705 309 743 339 of
756 308 817 338 the
836 307 944 338 Latin
961 306 1080 337 school
1096 307 1133 336 at
1147 305 1379 343 Amersfwrt,
1394 304 1458 334 but
1474 303 1566 334 after
1581 303 1660 333 that
1676 304 1830 343 nothing

242 358 272 387 is
289 356 421 386 known
437 354 475 383 of
488 354 546 383 his
561 352 634 383 life.

287 398 319 429 J.
352 398 391 427 E.
422 397 535 436 Kapp,
568 398 713 426 Nachlese
747 395 1178 432 Rfformations—Urkunden,
1213 393 1259 423 iv.
1297 401 1389 431 1730,
1424 400 1481 430 pp.
1514 399 1675 430 500—531,
1713 390 1831 430 prints

242 453 262 473 a
288 441 396 471 letter
419 441 513 470 from
536 440 614 470 him
640 441 675 469 to
703 439 765 469 the
790 438 1025 468 Dominicans
1053 436 1091 467 of
1114 435 1244 466 Zwolle
1271 435 1310 465 in
1335 435 1482 465 defence
1507 434 1545 463 of
1566 434 1726 472 Luther;
1761 434 1831 464 and

244 485 471 516 enumerates
492 482 626 513 several
648 483 767 513 minor
788 481 915 513 works.
965 481 1021 512 He
1043 481 1117 511 also
1137 481 1248 510 wrote
1269 480 1485 509 Vltraz'ectinae
1505 480 1640 515 remonis
1659 479 1831 516 descriptio,

244 530 283 559 in
300 538 409 567 verse,
429 527 621 567 published
638 528 673 556 at
689 525 856 564 Marburg
876 534 967 564 1542.
1017 524 1080 555 See
1097 523 1143 554 H.
1163 522 1201 554 C.
1218 522 1333 562 Rogge
1351 523 1389 552 in
1407 521 1551 552 NAKG.
1568 522 1630 552 vii.
1654 520 1766 561 1898,]

570 615 613 645 D.
644 613 823 643 ERASMO
854 611 1129 643 GHERARDVS
1162 610 1377 640 LYSTRIVS
1407 610 1441 640 S.
1469 609 1511 639 D.

300 697 392 736 CVM
420 697 513 734 tuas
539 695 701 734 litteras
725 694 918 745 legerem,
947 695 995 732 D.
1030 693 1203 731 Erasme
1233 691 1347 740 (nam
1376 704 1456 741 quo
1485 690 1567 729 alio
1596 690 1765 729 nomine
1794 693 1836 729 te

245 761 540 811 compellauero
578 774 703 810 quam
735 760 843 809 quod
876 759 965 798 orbi
994 758 1263 797 notissimum
1301 756 1673 806 charissimumque
1710 757 1774 794 est
1785 756 1831 804 ‘?)‚

242 828 406 866 animus
425 839 542 865 meus
562 825 796 864 exundabat
815 825 974 874 gaudio⁷
997 826 1085 862 tam
1111 824 1228 861 erant
1256 823 1411 860 amicae
1434 823 1557 871 atque
1576 821 1809 860 Erasmicae
1827 836 1835 868 ;

244 893 396 942 quibus
425 891 656 941 dispeream
685 890 720 929 si
748 890 880 929 vllum
916 902 1077 937 aurum,
1113 888 1148 926 si
1178 888 1308 926 vllam
1341 900 1551 937 gemmam
1584 899 1833 937 comparem.

209 972 225 1003 5
246 959 325 998 Sed
354 958 451 1008 quid
490 956 724 995 infantulus
764 969 901 994 coram
939 955 1028 1005 ipsa
1067 952 1300 1004 eloquentia
1332 953 1570 998 balbutiam,
1601 966 1703 1002 quae
1737 951 1838 990 iusti

245 1024 371 1063 etiam
390 1022 562 1061 oratoris
581 1021 769 1071 linguam
784 1020 1063 1070 constringere
1083 1021 1221 1069 posset
1233 1020 1253 1057 Ῥ
1292 1019 1384 1056 Hoc
1403 1018 1552 1055 faciam
1568 1032 1577 1065 3
1600 1031 1684 1056 vno
1698 1016 1833 1064 verbo,

245 1089 398 1128 rustico
432 1087 599 1137 quidem
627 1086 698 1125 illo
728 1087 799 1124 sed
827 1086 951 1136 pleno
980 1085 1152 1123 affectus
1186 1083 1479 1133 syncel-issimi,
1508 1083 1692 1121 animum
1723 1082 1769 1120 in
1797 1084 1838 1120 te

246 1166 388 1193 meum
418 1152 667 1202 significabo.
727 1152 794 1190 Me
822 1150 999 1189 fulmine
1028 1150 1188 1199 Iupiter
1215 1149 1347 1195 feriat,
1376 1148 1411 1186 si
1440 1148 1661 1197 quicquam
1690 1149 1732 1186 te
1756 1161 1841 1186 vno

246 1218 352 1257 mihi
378 1218 423 1256 in
449 1218 546 1256 orbe
573 1218 636 1255 est
662 1216 826 1255 charius
846 1231 854 1264 3
883 1230 958 1265 pro
978 1229 1058 1266 quo
1077 1215 1221 1260 vitam,
1243 1215 1398 1252 nedum
1422 1213 1523 1252 istas
1548 1213 1747 1252 extrarias
1776 1226 1841 1251 res

193 1295 231 1319 10
247 1284 436 1322 fortunae
462 1282 689 1321 temeritati
720 1282 928 1330 obnoxias,
960 1281 1207 1331 profundere
1236 1280 1342 1318 mihi
1360 1280 1511 1329 volupe
1539 1281 1656 1317 esset.
1716 1279 1841 1318 Absit

248 1362 371 1389 omne
399 1348 629 1396 tectorium,
650 1348 757 1386 absit
782 1347 919 1385 omnis
943 1348 1090 1394 fucus;
1121 1346 1200 1384 scis
1223 1345 1426 1384 Listrium
1453 1345 1683 1395 grauiorem
1715 1358 1840 1394 quam

249 1414 320 1465 qui
339 1414 529 1452 animum
550 1413 601 1451 ad
628 1413 907 1451 affectandum
934 1412 1126 1450 inducere
1151 1411 1296 1461 possit.
1354 1410 1408 1448 Et
1434 1424 1500 1448 me
1525 1409 1692 1448 hercule
1717 1424 1843 1460 pecus

248 1479 354 1519 mihi
372 1481 442 1517 aut
462 1491 610 1517 saxum
629 1491 717 1516 esse
737 1477 915 1523 videtur,
931 1477 1040 1527 quod
1057 1476 1169 1515 istud
1189 1478 1332 1526 pectus
1348 1475 1580 1514 humanum
1599 1478 1687 1514 tam
1706 1475 1841 1514 candi-

250 1545 361 1592 dum,
384 1546 472 1582 tam
506 1543 635 1591 facile,
658 1545 746 1581 tam
776 1543 890 1581 omni
910 1542 1117 1580 virtutum
1145 1554 1292 1592 genere
1320 1540 1499 1590 politum
1522 1554 1607 1579 non
1629 1541 1837 1590 suspiciat,

195 1623 231 1654 15
250 1624 336 1649 non
370 1609 638 1648 deosculetur.
699 1607 885 1658 Ineptire
919 1620 986 1646 me
1026 1607 1169 1646 dices?
1223 1606 1317 1645 Scio
1353 1607 1395 1644 te
1428 1605 1536 1644 nihil
1569 1605 1843 1645 auersioribus

250 1675 418 1714 auribus
450 1673 591 1712 audire
625 1686 750 1723 quam
784 1673 826 1711 id
862 1686 942 1723 quo
975 1685 1019 1710 es
1049 1671 1345 1722 dignissimus3
1389 1671 1580 1720 quocirca
1610 1671 1660 1709 ab
1691 1670 1744 1709 iis
1775 1671 1843 1710 vel

251 1739 412 1779 inuitus
430 1741 660 1789 temperare
680 1751 813 1788 cogor.

307 1806 424 1854 Quod
452 1804 635 1854 theologi
664 1804 879 1854 negotium
907 1803 1109 1842 facessant
1138 1815 1224 1840 non
1253 1803 1314 1839 est
1341 1801 1509 1849 mirum,
1532 1801 1633 1840 dum
1658 1799 1847 1853 (scimus)

254 1872 361 1911 κύνας
375 1872 558 1909 ὑλακτεῖν.
617 1869 819 1919 Dorpium
835 1871 942 1908 certe
961 1868 1029 1906 hic
1048 1880 1212 1906 mecum
1232 1879 1377 1905 omnes
1397 1866 1505 1905 docti
1523 1867 1740 1915 mirantur,
1758 1869 1846 1906 tam

195 1950 236 1972 20
254 1937 398 1975 diuina
424 1935 621 1982 oratione,
639 1936 727 1972 tam
747 1934 876 1973 amica
904 1933 1187 1972 adhortatione
1215 1945 1301 1970 non
1329 1932 1555 1970 adductum
1583 1945 1671 1971 esse
1689 1934 1737 1971 vt
1754 1933 1848 1971 vela

254 2003 435 2040 verteret
452 2016 461 2049 3
491 2014 570 2050 qua
589 2000 657 2038 vel
677 2000 764 2038 sola
783 1999 954 2038 interim
979 1999 1193 2037 hominem
1221 1999 1272 2036 ab
1298 1998 1520 2036 obliuionis
1538 1998 1694 2036 iniuria
1712 1998 1846 2036 vindi-

256 2068 369 2105 casti.
432 2066 626 2104 Sentisne
663 2065 885 2104 hominum
923 2064 1305 2114 ingratitudinem?
1361 2064 1426 2110 Es,
1457 2063 1625 2102 domine
1661 2063 1843 2111 Erasme,

256 2132 384 2171 nimis
417 2132 559 2169 facilis.
618 2131 725 2169 Vide
744 2144 797 2169 ne
816 2131 897 2168 ista
924 2132 996 2168 tua
1025 2129 1225 2167 modestia
1244 2129 1300 2167 sit
1319 2128 1447 2166 nimis
1465 2128 1721 2176 immodesta,
1744 2141 1848 2166 neue

256 2197 336 2235 iste
355 2197 508 2234 candor
528 2196 631 2234 alios
651 2198 767 2234 atret.
828 2195 890 2233 Tu
913 2195 1013 2233 istas
1037 2196 1201 2244 σφηκιὰς
1222 2194 1281 2231 καὶ
1302 2195 1408 2234 κύνας
1421 2243 1425 2246 .
1433 2207 1507 2243 pro
1532 2196 1604 2232 tua
1629 2193 1848 2243 prudentia

200 2275 236 2306 25
255 2263 378 2311 atque
398 2261 528 2299 animi
547 2261 832 2311 magnitudine
851 2260 969 2298 facile
989 2262 1238 2298 contemnes.

310 2327 400 2365 Hec
430 2340 521 2364 mea
540 2327 650 2365 vitae
679 2326 858 2364 conditio
889 2339 972 2363 non
1001 2325 1171 2374 perinde
1199 2324 1363 2372 arridet,
1395 2338 1489 2363 cum
1518 2324 1570 2362 ob
1609 2324 1850 2362 cathenatos

256 2393 487 2442 ferreosque
517 2391 686 2437 labores,
714 2393 807 2429 tum
832 2391 883 2428 ob
912 2403 1107 2440 magnam
1131 2391 1366 2428 litterarum
1390 2390 1615 2437 iacturam3
1644 2389 1849 2439 siquidem

257 2457 327 2496 vix
345 2459 462 2495 vacat
481 2457 641 2494 litteras
659 2455 791 2494 veluti
816 2468 889 2505 per
914 2457 1186 2494 transennam
1212 2455 1402 2505 aspicere.
1465 2455 1546 2493 His
1565 2455 1719 2493 accedit
1741 2455 1850 2504 quod

259 2535 345 2560 non
364 2522 483 2561 video
504 2536 605 2571 quae
626 2521 732 2559 mihi
751 2521 819 2559 hic
838 2521 1004 2559 fortuna
1024 2521 1078 2559 sit
1098 2521 1356 2570 expectanda.
1401 2521 1617 2558 Postremo
1637 2520 1851 2558 fortunula

203 2601 242 2633 30
260 2589 400 2626 nostra
420 2587 651 2637 magnificis
672 2586 756 2624 illis
776 2585 1147 2636 pollicitationibus
1172 2598 1320 2635 parum
1346 2585 1590 2635 respondet;
1618 2587 1760 2635 vtpote
1780 2586 1851 2636 qui

260 2653 330 2690 vix
349 2652 546 2690 ducentos
566 2664 711 2690 aureos
731 2651 956 2701 quotannis
976 2651 1185 2689 corradere
1208 2664 1387 2700 possum,
1411 2664 1507 2689 cum
1526 2643 1852 2700 quadringentos

262 2717 438 2767 polliciti
458 2719 608 2755 essent.
670 2716 893 2766 Reliquum
913 2718 989 2763 est,
1009 2716 1069 2754 mi
1097 2715 1281 2763 Erasme,
1306 2718 1351 2754 vt
1379 2715 1533 2754 famam
1553 2729 1701 2764 meam,
1723 2716 1850 2754 fortu-

263 2795 372 2830 nam,
394 2782 571 2833 denique
590 2782 796 2831 meipsum
816 2781 1063 2820 clientulum
1088 2781 1167 2819 tibi
1191 2781 1499 2819 deditissimum
1524 2780 1653 2831 deque
1673 2783 1713 2820 te
1732 2781 1851 2819 vnice

265 2848 513 2895 pendentem
540 2847 838 2885 commendem.
900 2847 963 2884 Tu
988 2859 1101 2885 meae
1125 2846 1370 2884 eruditionis
1396 2846 1489 2894 dux,
1514 2848 1560 2884 tu
1588 2860 1701 2885 meae
1720 2847 1854 2885 famae

429 2935 477 2964 18.
504 2935 583 2973 migr
605 2934 692 2964 dum
711 2937 780 2964 MS.
800 2946 805 2964 :
830 2934 1036 2964 mirandum
1053 2936 1116 2963 ΖΒ.
1164 2934 1296 2964 scimus
1313 2935 1434 2973 addidi,
1455 2936 1566 2970 infime
1582 2943 1696 2964 versus.

727 3012 778 3041 26.
804 3010 1028 3051 cathenatos]
1053 3010 1106 3042 Cf.
1125 3010 1229 3042 Mart.
1250 3020 1274 3041 1.
1298 3019 1348 3048 15.
1367 3021 1395 3049 7.
