2010 3417
349 159 426 197 112
811 156 1061 196 LETTERS
1100 157 1168 195 OF
1208 156 1474 195 ERASMUS
1812 153 1939 208 [1515

347 266 581 317 deprauarit
607 265 799 304 indoctus
822 267 893 304 aut
923 265 1154 303 dormitans
1182 264 1249 302 vel
1276 264 1482 312 interpres
1510 263 1647 302 nescio
1676 264 1767 314 quis
1794 278 1941 315 parum

346 333 440 382 apte
460 330 638 370 verterit.
700 329 811 369 Aliis
848 343 899 367 ex
937 329 1058 369 rebus
1095 329 1175 367 hoc
1213 328 1448 378 periculum
1486 330 1564 375 est,
1601 342 1702 378 quas
1739 329 1818 368 hoc
1854 329 1943 368 loco

346 396 527 446 prudens
546 394 739 433 subticeo.
785 394 949 442 Quanto
969 393 1249 433 Christianius
1262 392 1391 432 fuerit
1411 392 1585 431 semotis
1605 393 1943 433 contentionibus

268 466 328 505 825
347 460 457 510 quod
486 461 658 510 quisque
685 459 817 509 possit
845 459 891 497 in
925 471 1191 497 communem
1224 471 1348 497 vsum
1377 457 1559 496 libenter
1588 457 1784 505 conferre,
1820 458 1944 509 idque

347 524 519 563 candide
539 524 743 574 amplecti,
767 524 977 574 simulque
1003 525 1044 562 et
1070 524 1172 563 citra
1202 524 1359 562 fastum
1388 523 1546 562 discere
1572 522 1683 573 quod
1708 523 1879 572 nescias,
1903 526 1943 562 et

346 589 448 629 citra
476 589 680 628 inuidiam
710 589 852 628 docere
882 589 992 640 quod
1021 589 1136 628 scias.
1199 589 1317 638 Quod
1347 588 1381 627 si
1412 588 1484 639 qui
1513 589 1614 627 sunt
1643 587 1945 628 illitteratiores

347 669 473 705 quam
492 657 539 694 vt
558 654 778 705 quicquam
797 656 910 693 recte
934 655 1078 694 docere
1103 655 1275 704 possint,
1299 653 1492 693 elatiores
1511 667 1636 704 quam
1656 655 1703 692 vt
1723 654 1943 705 quicquam

348 719 501 761 discere
519 719 680 768 velint3
708 720 795 770 hos,
820 720 1016 771 quoniam
1044 720 1211 771 pauculi
1237 721 1348 768 sunt,
1371 720 1509 759 valere
1535 719 1736 768 sinamus,
1759 721 1800 758 et
1822 719 1944 759 bona-

267 792 329 832 830
347 799 441 824 rum
478 786 551 824 aut
588 787 696 824 certe
733 785 866 825 bonae
904 786 991 835 spei
1036 786 1241 824 mentium
1279 785 1418 835 potius
1456 784 1684 824 habeamus
1722 785 1940 824 rationem.

348 851 522 890 Ostendi
542 851 753 901 quondam
772 864 886 890 meas
909 851 1200 890 annotationes
1218 851 1343 889 rudes
1361 850 1494 889 adhuc
1510 852 1551 889 et
1565 850 1698 889 adhuc
1718 863 1742 888 a
1760 850 1941 899 follibus,

347 916 456 966 quod
477 915 605 964 aiunt,
628 916 807 954 calentes
825 915 928 955 viris
946 916 1237 966 integerrimis,
1259 915 1437 954 summis
1456 915 1669 965 theologis,
1691 915 1946 955 doctissimis

348 981 558 1031 episcopis.
616 981 693 1019 Hii
724 981 961 1020 fatebantur
993 995 1042 1020 ex
1070 981 1156 1020 illis
1191 981 1543 1030 qualibuscunque
1577 980 1828 1021 rudimentis
1861 982 1942 1020 sibi

347 1047 579 1097 plurimum
598 1046 702 1085 lucis
722 1046 927 1085 affulsisse
947 1046 998 1085 ad
1018 1046 1259 1085 diuinarum
1278 1046 1517 1084 litterarum
1538 1046 1832 1096 cognitionem.

268 1119 329 1160 835
402 1112 530 1150 Porro
559 1112 667 1162 quod
696 1112 894 1150 admones
922 1111 1112 1157 sciebam,
1136 1112 1410 1150 Laurentium
1439 1111 1607 1150 Vallam
1638 1113 1734 1149 ante
1764 1124 1840 1150 nos
1867 1112 1945 1151 hoc

347 1176 499 1216 laboris
529 1189 754 1226 occupasse,
785 1177 936 1227 quippe
965 1177 1081 1215 cuius
1113 1176 1402 1215 annotationes
1430 1176 1592 1226 primus
1622 1177 1802 1216 curarim
1831 1178 1944 1217 euul-

347 1242 529 1292 gandas;
569 1244 610 1280 et
641 1242 782 1281 Iacobi
807 1242 930 1281 Fabri
955 1242 999 1280 in
1029 1242 1228 1280 Paulinas
1256 1241 1456 1292 epistolas
1484 1242 1809 1281 commentarios
1842 1243 1943 1283 vidi.

348 1308 487 1358 Atque
505 1307 666 1345 vtinam
690 1307 740 1346 ab
765 1307 832 1346 his
858 1307 914 1345 sic
946 1310 1054 1346 esset
1080 1307 1339 1346 elaboratum
1365 1308 1412 1345 vt
1440 1309 1583 1345 nostra
1608 1307 1816 1346 industria
1835 1308 1944 1348 nihil

348 1373 454 1411 foret
500 1385 611 1422 opus.
671 1373 876 1422 Equidem
924 1373 1089 1411 Vallam
1136 1372 1317 1422 plurima
1363 1372 1484 1410 laude
1531 1371 1707 1421 dignum
1754 1373 1941 1422 arbitror,

268 1446 331 1486 840
347 1437 563 1476 hominem
585 1438 840 1476 rhetoricum
864 1439 996 1488 magis
1025 1452 1149 1488 quam
1178 1437 1431 1487 theologum,
1452 1437 1523 1487 qui
1549 1437 1625 1476 hac
1653 1437 1869 1488 diligentia
1887 1439 1945 1478 sit

348 1516 447 1542 vsus
475 1503 518 1541 in
550 1502 675 1542 sacris
704 1502 857 1542 litteris
885 1505 932 1541 vt
962 1503 1115 1542 Graeca
1149 1516 1244 1542 cum
1278 1502 1439 1541 Latinis
1469 1502 1702 1549 contulerit,
1735 1516 1830 1542 cum
1857 1517 1944 1543 non

348 1568 467 1620 pauci
496 1568 582 1606 sint
616 1568 797 1618 theologi
830 1568 901 1618 qui
930 1581 1147 1618 nunquam
1179 1568 1422 1607 vniuersum
1451 1568 1767 1607 Testamentum
1800 1570 1945 1608 ordine

347 1633 618 1684 perlegerint:
657 1646 894 1683 quanquam
927 1633 977 1672 ab
1011 1634 1088 1672 hoc
1124 1633 1283 1684 aliquot
1314 1633 1416 1672 locis
1451 1633 1661 1680 dissentio,
1698 1634 1943 1683 praesertim

347 1700 392 1737 in
425 1699 492 1737 his
527 1712 629 1748 quae
662 1699 712 1738 ad
751 1712 840 1737 rem
878 1698 1153 1749 theologicam
1173 1699 1394 1749 pertinent.
1452 1698 1581 1736 Porro
1611 1698 1787 1738 Iacobus
1813 1699 1944 1739 Faber

266 1770 328 1811 845
348 1764 667 1803 commentarios
686 1763 782 1803 illos
799 1764 883 1802 iain
903 1766 995 1803 tum
1014 1764 1191 1802 habebat
1209 1764 1254 1802 in
1274 1763 1479 1811 manibus,
1504 1776 1600 1802 cum
1620 1776 1696 1802 nos
1715 1764 1792 1802 1100
1812 1766 1945 1814 operis

346 1830 619 1878 moliremur;
657 1843 703 1868 ac
736 1842 882 1880 parum
914 1829 1128 1867 commode
1159 1828 1298 1868 euenit
1329 1831 1375 1867 vt
1412 1841 1488 1867 nec
1525 1828 1570 1867 in
1608 1829 1946 1870 familiarissimis

347 1895 563 1945 colloquiis
592 1895 784 1934 alterutri
813 1897 1007 1934 nostrum
1036 1894 1080 1932 in
1109 1896 1297 1932 mentem
1325 1894 1488 1932 venerit
1518 1894 1569 1932 de
1599 1907 1674 1932 suo
1702 1895 1945 1935 meminisse

347 1960 553 1999 instituto.
614 1960 697 1999 Nec
735 1962 831 1999 ante
870 1959 1046 2010 cognoui
1085 1960 1183 2010 quid
1218 1959 1413 2009 agitasset
1446 1959 1528 2004 ille,
1566 1959 1807 2010 priusquam
1841 1974 1944 2011 opus

348 2026 538 2064 formulis
557 2039 755 2065 excusum
768 2026 984 2075 prodisset.
1035 2026 1089 2064 Et
1104 2025 1229 2063 huius
1245 2026 1439 2063 conatum
1454 2025 1724 2063 vehementer
1738 2026 1920 2076 approbo
1935 2040 1946 2065 τ

270 2094 333 2136 850
349 2104 585 2141 quanquam
614 2091 664 2130 ab
694 2091 770 2129 hoc
800 2104 961 2140 quoque
985 2089 1086 2128 locis
1109 2090 1268 2140 aliquot
1292 2089 1562 2128 dissentimus
1588 2090 1725 2137 inuiti,
1749 2103 1844 2129 cum
1870 2091 1944 2130 tali

347 2156 479 2195 amico
500 2156 678 2194 libenter
698 2156 894 2206 ὁμόψηφοι
913 2155 1044 2194 futuri
1065 2168 1138 2204 per
1158 2155 1307 2203 omnia,
1326 2154 1408 2193 nisi
1422 2154 1511 2193 veri
1529 2155 1662 2205 magis
1677 2168 1801 2205 quam
1821 2155 1945 2195 amici

348 2223 456 2260 esset
474 2221 662 2260 habenda
682 2220 797 2268 ratio,
821 2220 1061 2270 praesertim
1080 2220 1124 2258 in
1143 2220 1267 2258 sacris
1286 2219 1450 2258 litteris.

402 2287 482 2326 Sed
502 2286 610 2325 mihi
629 2286 818 2325 nondum
838 2285 939 2324 satis
961 2285 1090 2336 liquet
1110 2297 1182 2322 cur
1201 2285 1278 2323 hos
1299 2284 1403 2323 duos
1423 2283 1600 2324 obiicias.
1662 2284 1776 2324 Num
1795 2287 1842 2325 vt
1860 2299 1884 2325 a
1900 2300 1943 2326 re

347 2352 462 2391 velut
482 2354 676 2402 occupata
701 2351 906 2390 deterreas
922 2353 942 2390 ⁶?
997 2352 1057 2389 At
1087 2349 1299 2400 apparebit
1325 2362 1392 2388 me
1411 2351 1506 2399 post
1525 2351 1666 2389 tantos
1686 2350 1813 2390 etiam
1831 2352 1944 2393 viros

269 2423 328 2462 855
348 2431 433 2457 non
465 2417 555 2456 sine
589 2430 711 2456 causa
743 2416 927 2456 laborem
957 2417 1069 2455 hunc
1100 2415 1338 2465 suscepisse.
1398 2415 1469 2454 An
1503 2415 1580 2454 hoc
1613 2415 1832 2466 significas,
1869 2431 1944 2457 nec

350 2484 525 2522 istorum
546 2482 797 2521 industriam
825 2481 993 2532 probari
1012 2480 1249 2530 theologis?
1305 2480 1511 2530 Equidem
1532 2481 1631 2530 quid
1652 2482 1874 2522 Laurentio
1892 2483 1943 2522 ad

348 2550 528 2588 veterem
548 2548 665 2586 illam
685 2548 889 2587 inuidiam
910 2547 1124 2586 accesserit
1143 2559 1227 2584 non
1249 2546 1380 2585 video.
1437 2545 1618 2585 Fabrum
1638 2547 1760 2586 audio
1779 2548 1944 2598 probari

348 2615 400 2652 ab
431 2614 636 2653 omnibus.
709 2612 817 2662 Quid
848 2613 955 2663 quod
990 2625 1066 2651 nec
1095 2611 1266 2650 omnino
1297 2611 1434 2650 simile
1463 2612 1682 2662 negocium
1710 2613 1946 2653 molimur?

350 2679 599 2718 Laurentius
628 2681 795 2718 tantum
829 2678 1050 2717 annotauit
1083 2677 1197 2716 locos
1229 2676 1400 2727 aliquot,
1437 2677 1572 2727 idque,
1610 2678 1657 2716 vt
1688 2680 1867 2728 apparet,
1898 2670 1962 2717 in·

271 2746 333 2779 860
351 2746 587 2783 transcursu
607 2744 783 2794 leuique,
807 2743 914 2794 quod
939 2742 1019 2782 dici
1039 2743 1154 2791 solet,
1175 2741 1353 2781 brachio.
1415 2741 1545 2781 Faber
1563 2742 1608 2781 in
1628 2742 1825 2782 Paulinas
1844 2744 1944 2782 dun-

908 2843 981 2880 837.
1007 2841 1083 2873 vidi
1099 2844 1127 2872 A
1145 2851 1153 2872 :
1177 2841 1336 2872 videram
1354 2854 1384 2874 α.

396 2929 470 2966 835.
488 2927 671 2967 admones]
698 2928 760 2968 Ep.
778 2938 852 2967 304.
874 2928 916 2967 89
932 2937 1002 2966 seq.
1223 2928 1298 2966 847.
1346 2928 1549 2969 colloquiis]
1596 2926 1770 2967 Probably
1812 2926 1944 2967 during

396 2971 469 3009 836.
487 2971 722 3011 euulgandas]
749 2972 808 3011 Ep.
830 2972 888 3002 182
907 2969 1038 3001 introd.
1179 2970 1358 3002 Erasmus'
1383 2972 1470 3003 visit
1498 2974 1536 3003 to
1562 2971 1663 3003 Paris
1690 2972 1729 3003 in
1761 2980 1863 3010 15113
1896 2971 1939 3003 cf.

395 3015 467 3051 844.
486 3013 613 3053 Faber]
638 3014 689 3045 Cf.
710 3015 773 3055 Ep.
791 3016 863 3054 326.
880 3024 923 3054 90
940 3024 1009 3053 seq.
1177 3015 1265 3054 Epp.
1282 3015 1422 3046 218—22.
