<?xml version="1.0" encoding="UTF-8"?>
<!DOCTYPE html PUBLIC "-//W3C//DTD XHTML 1.0 Transitional//EN"
    "http://www.w3.org/TR/xhtml1/DTD/xhtml1-transitional.dtd">
<html xmlns="http://www.w3.org/1999/xhtml" xml:lang="en" lang="en">
 <head>
  <title>
</title>
<meta http-equiv="Content-Type" content="text/html;charset=utf-8" />
  <meta name='ocr-system' content='tesseract 3.04.00' />
  <meta name='ocr-capabilities' content='ocr_page ocr_carea ocr_par ocr_line ocrx_word'/>
</head>
<body>
  <div class='ocr_page' id='page_1' title='image "./opusepistolarumd02erasuoft_0178.png"; bbox 0 0 2010 3417; ppageno 0'>
   <div class='ocr_carea' id='block_1_1' title="bbox 297 176 1884 234">
    <p class='ocr_par' dir='ltr' id='par_1_1' title="bbox 297 176 1884 234">
     <span class='ocr_line' id='line_1_1' title="bbox 297 176 1884 234; baseline 0.001 -18"><span class='ocrx_word' id='word_1_1' title='bbox 297 178 375 216; x_wconf 85' lang='lat'><strong>154</strong></span> <span class='ocrx_word' id='word_1_2' title='bbox 769 176 1019 216; x_wconf 82' lang='lat' dir='ltr'>LETTERS</span> <span class='ocrx_word' id='word_1_3' title='bbox 1057 176 1127 216; x_wconf 81' lang='lat' dir='ltr'><strong>OF</strong></span> <span class='ocrx_word' id='word_1_4' title='bbox 1163 176 1425 218; x_wconf 88' lang='lat' dir='ltr'><strong>ERASMUS</strong></span> <span class='ocrx_word' id='word_1_5' title='bbox 1758 179 1798 234; x_wconf 90' lang='lat'><strong>[1</strong></span> <span class='ocrx_word' id='word_1_6' title='bbox 1806 191 1827 230; x_wconf 91' lang='lat'>5</span> <span class='ocrx_word' id='word_1_7' title='bbox 1837 194 1852 218; x_wconf 95' lang='lat'>1</span> <span class='ocrx_word' id='word_1_8' title='bbox 1862 189 1884 229; x_wconf 91' lang='lat'>5</span> 
     </span>
    </p>
   </div>
   <div class='ocr_carea' id='block_1_2' title="bbox 297 284 1886 414">
    <p class='ocr_par' dir='ltr' id='par_1_2' title="bbox 297 284 1886 414">
     <span class='ocr_line' id='line_1_2' title="bbox 342 284 1886 327; baseline 0.001 -10"><span class='ocrx_word' id='word_1_9' title='bbox 342 287 399 318; x_wconf 87' lang='lat' dir='ltr'><strong>Dr.</strong></span> <span class='ocrx_word' id='word_1_10' title='bbox 419 287 531 318; x_wconf 84' lang='lat' dir='ltr'><strong>Reich</strong></span> <span class='ocrx_word' id='word_1_11' title='bbox 548 285 690 327; x_wconf 84' lang='lat' dir='ltr'><strong>regards</strong></span> <span class='ocrx_word' id='word_1_12' title='bbox 711 286 787 317; x_wconf 84' lang='lat' dir='ltr'><strong>this</strong></span> <span class='ocrx_word' id='word_1_13' title='bbox 803 285 911 315; x_wconf 81' lang='lat' dir='ltr'><strong>letter</strong></span> <span class='ocrx_word' id='word_1_14' title='bbox 926 293 964 314; x_wconf 84' lang='lat' dir='ltr'><strong>as</strong></span> <span class='ocrx_word' id='word_1_15' title='bbox 984 292 1031 314; x_wconf 84' lang='lat' dir='ltr'><strong>an</strong></span> <span class='ocrx_word' id='word_1_16' title='bbox 1053 291 1192 314; x_wconf 85' lang='lat' dir='ltr'><strong>answer</strong></span> <span class='ocrx_word' id='word_1_17' title='bbox 1214 285 1251 315; x_wconf 85' lang='lat' dir='ltr'><strong>to</strong></span> <span class='ocrx_word' id='word_1_18' title='bbox 1267 284 1332 324; x_wconf 86' lang='lat' dir='ltr'><strong>Ep.</strong></span> <span class='ocrx_word' id='word_1_19' title='bbox 1350 294 1423 325; x_wconf 87' lang='lat'><strong>399,</strong></span> <span class='ocrx_word' id='word_1_20' title='bbox 1443 285 1566 317; x_wconf 81' lang='lat' dir='ltr'><strong>which</strong></span> <span class='ocrx_word' id='word_1_21' title='bbox 1582 287 1613 317; x_wconf 90' lang='lat' dir='ltr'><strong>is</strong></span> <span class='ocrx_word' id='word_1_22' title='bbox 1634 288 1886 327; x_wconf 85' lang='lat' dir='ltr'><strong>accompanied</strong></span> 
     </span>
     <span class='ocr_line' id='line_1_3' title="bbox 298 326 1885 370; baseline 0.002 -10"><span class='ocrx_word' id='word_1_23' title='bbox 298 330 345 369; x_wconf 89' lang='lat' dir='ltr'><strong>by</strong></span> <span class='ocrx_word' id='word_1_24' title='bbox 360 340 380 360; x_wconf 86' lang='lat' dir='ltr'><strong>a</strong></span> <span class='ocrx_word' id='word_1_25' title='bbox 400 340 503 369; x_wconf 89' lang='lat' dir='ltr'><strong>poem</strong></span> <span class='ocrx_word' id='word_1_26' title='bbox 520 340 527 368; x_wconf 89' lang='lat'>;</span> <span class='ocrx_word' id='word_1_27' title='bbox 551 331 615 361; x_wconf 89' lang='lat' dir='ltr'><strong>but</strong></span> <span class='ocrx_word' id='word_1_28' title='bbox 631 330 694 361; x_wconf 88' lang='lat' dir='ltr'><strong>the</strong></span> <span class='ocrx_word' id='word_1_29' title='bbox 717 328 916 359; x_wconf 78' lang='lat' dir='ltr'><strong>references</strong></span> <span class='ocrx_word' id='word_1_30' title='bbox 939 327 979 357; x_wconf 88' lang='lat' dir='ltr'><strong>in</strong></span> <span class='ocrx_word' id='word_1_31' title='bbox 995 326 1034 357; x_wconf 89' lang='lat' dir='ltr'><strong>ll.</strong></span> <span class='ocrx_word' id='word_1_32' title='bbox 1055 335 1069 356; x_wconf 92' lang='lat'>1</span> <span class='ocrx_word' id='word_1_33' title='bbox 1087 326 1160 357; x_wconf 80' lang='lat' dir='ltr'><strong>and.</strong></span> <span class='ocrx_word' id='word_1_34' title='bbox 1176 336 1214 357; x_wconf 88' lang='lat'><strong>21</strong></span> <span class='ocrx_word' id='word_1_35' title='bbox 1233 327 1332 358; x_wconf 87' lang='lat' dir='ltr'>show</span> <span class='ocrx_word' id='word_1_36' title='bbox 1353 328 1487 368; x_wconf 83' lang='lat' dir='ltr'><strong>clearly</strong></span> <span class='ocrx_word' id='word_1_37' title='bbox 1502 329 1584 360; x_wconf 88' lang='lat' dir='ltr'><strong>that</strong></span> <span class='ocrx_word' id='word_1_38' title='bbox 1600 329 1662 361; x_wconf 89' lang='lat' dir='ltr'><strong>the</strong></span> <span class='ocrx_word' id='word_1_39' title='bbox 1683 340 1785 370; x_wconf 85' lang='lat' dir='ltr'><strong>poem</strong></span> <span class='ocrx_word' id='word_1_40' title='bbox 1800 332 1885 363; x_wconf 88' lang='lat' dir='ltr'><strong>here</strong></span> 
     </span>
     <span class='ocr_line' id='line_1_4' title="bbox 297 369 1611 414; baseline 0.002 -12"><span class='ocrx_word' id='word_1_41' title='bbox 297 373 481 404; x_wconf 85' lang='lat' dir='ltr'><strong>answered</strong></span> <span class='ocrx_word' id='word_1_42' title='bbox 496 374 527 404; x_wconf 88' lang='lat' dir='ltr'><strong>is</strong></span> <span class='ocrx_word' id='word_1_43' title='bbox 543 375 622 405; x_wconf 84' lang='lat' dir='ltr'><strong>that</strong></span> <span class='ocrx_word' id='word_1_44' title='bbox 639 372 761 404; x_wconf 82' lang='lat' dir='ltr'><strong>which</strong></span> <span class='ocrx_word' id='word_1_45' title='bbox 778 370 945 412; x_wconf 84' lang='lat' dir='ltr'><strong>precedes</strong></span> <span class='ocrx_word' id='word_1_46' title='bbox 962 369 1037 401; x_wconf 87' lang='lat' dir='ltr'><strong>this</strong></span> <span class='ocrx_word' id='word_1_47' title='bbox 1052 370 1158 401; x_wconf 88' lang='lat' dir='ltr'><strong>letter</strong></span> <span class='ocrx_word' id='word_1_48' title='bbox 1174 370 1214 401; x_wconf 88' lang='lat' dir='ltr'><strong>in</strong></span> <span class='ocrx_word' id='word_1_49' title='bbox 1230 370 1292 402; x_wconf 88' lang='lat' dir='ltr'><strong>the</strong></span> <span class='ocrx_word' id='word_1_50' title='bbox 1308 371 1407 412; x_wconf 85' lang='lat' dir='ltr'><strong>early</strong></span> <span class='ocrx_word' id='word_1_51' title='bbox 1422 371 1611 414; x_wconf 61' lang='lat' dir='ltr'><strong>editions]</strong></span> 
     </span>
    </p>
   </div>
   <div class='ocr_carea' id='block_1_3' title="bbox 352 523 1833 557">
    <p class='ocr_par' dir='ltr' id='par_1_3' title="bbox 352 523 1833 557">
     <span class='ocr_line' id='line_1_5' title="bbox 352 523 1833 557; baseline 0.001 -2"><span class='ocrx_word' id='word_1_52' title='bbox 352 525 559 556; x_wconf 86' lang='lat' dir='ltr'><strong>ERASMVS</strong></span> <span class='ocrx_word' id='word_1_53' title='bbox 590 525 753 556; x_wconf 91' lang='lat' dir='ltr'>IOANNI</span> <span class='ocrx_word' id='word_1_54' title='bbox 784 524 948 555; x_wconf 85' lang='lat' dir='ltr'><strong>SAPIDO</strong></span> <span class='ocrx_word' id='word_1_55' title='bbox 980 523 1264 554; x_wconf 90' lang='lat' dir='ltr'><strong>LIBERALIVM</strong></span> <span class='ocrx_word' id='word_1_56' title='bbox 1295 523 1472 555; x_wconf 89' lang='lat' dir='ltr'><strong>ARTIVM</strong></span> <span class='ocrx_word' id='word_1_57' title='bbox 1504 525 1699 557; x_wconf 84' lang='lat' dir='ltr'>DOCTORI</span> <span class='ocrx_word' id='word_1_58' title='bbox 1731 526 1766 556; x_wconf 89' lang='lat' dir='ltr'><strong>S.</strong></span> <span class='ocrx_word' id='word_1_59' title='bbox 1792 526 1833 557; x_wconf 91' lang='lat' dir='ltr'><strong>D.</strong></span> 
     </span>
    </p>
   </div>
   <div class='ocr_carea' id='block_1_4' title="bbox 242 627 1899 2568">
    <p class='ocr_par' dir='ltr' id='par_1_4' title="bbox 295 627 1891 875">
     <span class='ocr_line' id='line_1_6' title="bbox 351 627 1890 679; baseline 0.001 -12"><span class='ocrx_word' id='word_1_60' title='bbox 351 628 526 667; x_wconf 81' lang='lat' dir='ltr'>CARMEN</span> <span class='ocrx_word' id='word_1_61' title='bbox 546 630 676 677; x_wconf 91' lang='lat' dir='ltr'><strong>tuum,</strong></span> <span class='ocrx_word' id='word_1_62' title='bbox 699 628 978 668; x_wconf 75' lang='lat' dir='ltr'><strong>eruditissime</strong></span> <span class='ocrx_word' id='word_1_63' title='bbox 998 627 1159 678; x_wconf 83' lang='lat' dir='ltr'><strong>Sapide,</strong></span> <span class='ocrx_word' id='word_1_64' title='bbox 1179 629 1267 666; x_wconf 89' lang='lat' dir='ltr'><strong>tam</strong></span> <span class='ocrx_word' id='word_1_65' title='bbox 1286 628 1407 668; x_wconf 89' lang='lat' dir='ltr'><strong>vnice</strong></span> <span class='ocrx_word' id='word_1_66' title='bbox 1427 628 1582 679; x_wconf 86' lang='lat' dir='ltr'><strong>placuit</strong></span> <span class='ocrx_word' id='word_1_67' title='bbox 1600 629 1676 669; x_wconf 87' lang='lat' dir='ltr'><strong>toti</strong></span> <span class='ocrx_word' id='word_1_68' title='bbox 1696 628 1890 669; x_wconf 84' lang='lat' dir='ltr'><strong>sodalitio</strong></span> 
     </span>
     <span class='ocr_line' id='line_1_7' title="bbox 296 692 1891 746; baseline 0.002 -15"><span class='ocrx_word' id='word_1_69' title='bbox 296 705 419 743; x_wconf 89' lang='lat' dir='ltr'><strong>quam</strong></span> <span class='ocrx_word' id='word_1_70' title='bbox 444 694 493 732; x_wconf 90' lang='lat' dir='ltr'><strong>tu</strong></span> <span class='ocrx_word' id='word_1_71' title='bbox 516 693 578 732; x_wconf 91' lang='lat' dir='ltr'><strong>illi</strong></span> <span class='ocrx_word' id='word_1_72' title='bbox 596 694 716 733; x_wconf 90' lang='lat' dir='ltr'><strong>vnice</strong></span> <span class='ocrx_word' id='word_1_73' title='bbox 746 693 893 733; x_wconf 86' lang='lat' dir='ltr'><strong>charus</strong></span> <span class='ocrx_word' id='word_1_74' title='bbox 921 706 975 732; x_wconf 87' lang='lat' dir='ltr'><strong>es.</strong></span> <span class='ocrx_word' id='word_1_75' title='bbox 1036 692 1143 731; x_wconf 89' lang='lat' dir='ltr'><strong>Mihi</strong></span> <span class='ocrx_word' id='word_1_76' title='bbox 1171 705 1269 732; x_wconf 86' lang='lat' dir='ltr'><strong>sane</strong></span> <span class='ocrx_word' id='word_1_77' title='bbox 1288 696 1334 732; x_wconf 87' lang='lat' dir='ltr'><strong>vt</strong></span> <span class='ocrx_word' id='word_1_78' title='bbox 1363 707 1449 732; x_wconf 87' lang='lat' dir='ltr'><strong>non</strong></span> <span class='ocrx_word' id='word_1_79' title='bbox 1476 694 1559 733; x_wconf 86' lang='lat' dir='ltr'><strong>fuit</strong></span> <span class='ocrx_word' id='word_1_80' title='bbox 1587 695 1809 746; x_wconf 89' lang='lat' dir='ltr'><strong>ingratum,</strong></span> <span class='ocrx_word' id='word_1_81' title='bbox 1832 695 1891 734; x_wconf 81' lang='lat' dir='ltr'><strong>ita</strong></span> 
     </span>
     <span class='ocr_line' id='line_1_8' title="bbox 295 758 1891 810; baseline 0.001 -13"><span class='ocrx_word' id='word_1_82' title='bbox 295 758 502 808; x_wconf 88' lang='lat' dir='ltr'><strong>voluptati</strong></span> <span class='ocrx_word' id='word_1_83' title='bbox 520 772 607 798; x_wconf 87' lang='lat' dir='ltr'><strong>esse</strong></span> <span class='ocrx_word' id='word_1_84' title='bbox 627 772 711 798; x_wconf 91' lang='lat' dir='ltr'><strong>non</strong></span> <span class='ocrx_word' id='word_1_85' title='bbox 730 759 876 810; x_wconf 91' lang='lat' dir='ltr'><strong>potuit.</strong></span> <span class='ocrx_word' id='word_1_86' title='bbox 922 758 1065 808; x_wconf 91' lang='lat' dir='ltr'><strong>Neque</strong></span> <span class='ocrx_word' id='word_1_87' title='bbox 1083 758 1198 797; x_wconf 89' lang='lat' dir='ltr'><strong>enim</strong></span> <span class='ocrx_word' id='word_1_88' title='bbox 1213 758 1337 798; x_wconf 88' lang='lat' dir='ltr'><strong>vnius</strong></span> <span class='ocrx_word' id='word_1_89' title='bbox 1355 761 1418 798; x_wconf 89' lang='lat' dir='ltr'><strong>est</strong></span> <span class='ocrx_word' id='word_1_90' title='bbox 1437 759 1620 799; x_wconf 90' lang='lat' dir='ltr'><strong>hominis</strong></span> <span class='ocrx_word' id='word_1_91' title='bbox 1639 760 1830 799; x_wconf 80' lang='lat' dir='ltr'><strong>delectari</strong></span> <span class='ocrx_word' id='word_1_92' title='bbox 1849 762 1891 799; x_wconf 91' lang='lat' dir='ltr'><strong>et</strong></span> 
     </span>
     <span class='ocr_line' id='line_1_9' title="bbox 296 823 1891 875; baseline 0.001 -13"><span class='ocrx_word' id='word_1_93' title='bbox 296 823 543 873; x_wconf 88' lang='lat' dir='ltr'><strong>erubescere,</strong></span> <span class='ocrx_word' id='word_1_94' title='bbox 567 824 649 863; x_wconf 89' lang='lat' dir='ltr'><strong>nisi</strong></span> <span class='ocrx_word' id='word_1_95' title='bbox 673 825 782 863; x_wconf 91' lang='lat' dir='ltr'><strong>mihi</strong></span> <span class='ocrx_word' id='word_1_96' title='bbox 803 824 974 863; x_wconf 74' lang='lat' dir='ltr'><strong>forsitan</strong></span> <span class='ocrx_word' id='word_1_97' title='bbox 1000 823 1101 863; x_wconf 89' lang='lat' dir='ltr'><strong>adeo</strong></span> <span class='ocrx_word' id='word_1_98' title='bbox 1126 823 1235 862; x_wconf 90' lang='lat' dir='ltr'><strong>nihil</strong></span> <span class='ocrx_word' id='word_1_99' title='bbox 1261 825 1342 863; x_wconf 91' lang='lat' dir='ltr'><strong>oris</strong></span> <span class='ocrx_word' id='word_1_100' title='bbox 1367 837 1455 864; x_wconf 89' lang='lat' dir='ltr'><strong>esse</strong></span> <span class='ocrx_word' id='word_1_101' title='bbox 1480 825 1622 875; x_wconf 88' lang='lat' dir='ltr'><strong>credis,</strong></span> <span class='ocrx_word' id='word_1_102' title='bbox 1644 828 1691 865; x_wconf 87' lang='lat' dir='ltr'><strong>vt</strong></span> <span class='ocrx_word' id='word_1_103' title='bbox 1716 826 1794 865; x_wconf 89' lang='lat' dir='ltr'><strong>ista</strong></span> <span class='ocrx_word' id='word_1_104' title='bbox 1819 827 1891 865; x_wconf 90' lang='lat' dir='ltr'><strong>tua</strong></span> 
     </span>
    </p>

    <p class='ocr_par' dir='ltr' id='par_1_5' title="bbox 261 888 1895 1200">
     <span class='ocr_line' id='line_1_10' title="bbox 261 888 1892 940; baseline 0.002 -14"><span class='ocrx_word' id='word_1_105' title='bbox 261 906 278 937; x_wconf 89' lang='lat'>5</span> <span class='ocrx_word' id='word_1_106' title='bbox 296 889 512 938; x_wconf 88' lang='lat' dir='ltr'><strong>praeconia</strong></span> <span class='ocrx_word' id='word_1_107' title='bbox 535 890 638 928; x_wconf 89' lang='lat' dir='ltr'><strong>citra</strong></span> <span class='ocrx_word' id='word_1_108' title='bbox 666 890 858 928; x_wconf 85' lang='lat' dir='ltr'><strong>ruborem</strong></span> <span class='ocrx_word' id='word_1_109' title='bbox 885 889 1021 939; x_wconf 88' lang='lat' dir='ltr'><strong>legere</strong></span> <span class='ocrx_word' id='word_1_110' title='bbox 1040 902 1202 939; x_wconf 86' lang='lat' dir='ltr'><strong>queam.</strong></span> <span class='ocrx_word' id='word_1_111' title='bbox 1257 888 1414 928; x_wconf 88' lang='lat' dir='ltr'><strong>Verum</strong></span> <span class='ocrx_word' id='word_1_112' title='bbox 1441 891 1630 940; x_wconf 86' lang='lat' dir='ltr'><strong>estquod</strong></span> <span class='ocrx_word' id='word_1_113' title='bbox 1658 893 1798 930; x_wconf 90' lang='lat' dir='ltr'><strong>tecum</strong></span> <span class='ocrx_word' id='word_1_114' title='bbox 1827 904 1892 930; x_wconf 84' lang='lat' dir='ltr'><strong>ex-</strong></span> 
     </span>
     <span class='ocr_line' id='line_1_11' title="bbox 296 953 1892 1004; baseline 0.001 -11"><span class='ocrx_word' id='word_1_115' title='bbox 296 953 516 1004; x_wconf 78' lang='lat' dir='ltr'><strong>postulem.</strong></span> <span class='ocrx_word' id='word_1_116' title='bbox 574 955 655 993; x_wconf 86' lang='lat' dir='ltr'><strong>Tot</strong></span> <span class='ocrx_word' id='word_1_117' title='bbox 683 954 857 993; x_wconf 88' lang='lat' dir='ltr'><strong>eruditis</strong></span> <span class='ocrx_word' id='word_1_118' title='bbox 893 954 1090 1004; x_wconf 84' lang='lat' dir='ltr'><strong>iuxtaque</strong></span> <span class='ocrx_word' id='word_1_119' title='bbox 1119 954 1305 993; x_wconf 83' lang='lat' dir='ltr'><strong>candidis</strong></span> <span class='ocrx_word' id='word_1_120' title='bbox 1335 954 1478 993; x_wconf 90' lang='lat' dir='ltr'><strong>amicis</strong></span> <span class='ocrx_word' id='word_1_121' title='bbox 1511 969 1647 995; x_wconf 90' lang='lat' dir='ltr'><strong>meam</strong></span> <span class='ocrx_word' id='word_1_122' title='bbox 1678 958 1892 995; x_wconf 87' lang='lat' dir='ltr'><strong>consuetu-</strong></span> 
     </span>
     <span class='ocr_line' id='line_1_12' title="bbox 297 1018 1888 1070; baseline 0.002 -13"><span class='ocrx_word' id='word_1_123' title='bbox 297 1018 440 1058; x_wconf 87' lang='lat' dir='ltr'><strong>dinem</strong></span> <span class='ocrx_word' id='word_1_124' title='bbox 459 1019 690 1069; x_wconf 86' lang='lat' dir='ltr'><strong>gratularis,</strong></span> <span class='ocrx_word' id='word_1_125' title='bbox 710 1033 785 1058; x_wconf 90' lang='lat' dir='ltr'><strong>nec</strong></span> <span class='ocrx_word' id='word_1_126' title='bbox 800 1019 906 1058; x_wconf 86' lang='lat' dir='ltr'><strong>mihi</strong></span> <span class='ocrx_word' id='word_1_127' title='bbox 921 1018 1107 1059; x_wconf 79' lang='lat' dir='ltr'><strong>vicissim</strong></span> <span class='ocrx_word' id='word_1_128' title='bbox 1123 1020 1173 1058; x_wconf 90' lang='lat' dir='ltr'><strong>de</strong></span> <span class='ocrx_word' id='word_1_129' title='bbox 1190 1019 1357 1058; x_wconf 88' lang='lat' dir='ltr'><strong>illorum</strong></span> <span class='ocrx_word' id='word_1_130' title='bbox 1371 1020 1594 1070; x_wconf 87' lang='lat' dir='ltr'><strong>gratularis</strong></span> <span class='ocrx_word' id='word_1_131' title='bbox 1609 1021 1888 1070; x_wconf 86' lang='lat' dir='ltr'><strong>contubernio,</strong></span> 
     </span>
     <span class='ocr_line' id='line_1_13' title="bbox 298 1084 1895 1136; baseline 0.001 -14"><span class='ocrx_word' id='word_1_132' title='bbox 298 1084 414 1134; x_wconf 87' lang='lat' dir='ltr'><strong>quasi</strong></span> <span class='ocrx_word' id='word_1_133' title='bbox 432 1085 575 1124; x_wconf 91' lang='lat' dir='ltr'><strong>minus</strong></span> <span class='ocrx_word' id='word_1_134' title='bbox 593 1085 674 1123; x_wconf 89' lang='lat' dir='ltr'><strong>sim</strong></span> <span class='ocrx_word' id='word_1_135' title='bbox 693 1085 781 1135; x_wconf 87' lang='lat' dir='ltr'><strong>ipse</strong></span> <span class='ocrx_word' id='word_1_136' title='bbox 801 1085 899 1123; x_wconf 80' lang='lat' dir='ltr'><strong>felix</strong></span> <span class='ocrx_word' id='word_1_137' title='bbox 917 1085 995 1124; x_wconf 90' lang='lat' dir='ltr'><strong>hoc</strong></span> <span class='ocrx_word' id='word_1_138' title='bbox 1015 1084 1183 1123; x_wconf 87' lang='lat' dir='ltr'><strong>nomine</strong></span> <span class='ocrx_word' id='word_1_139' title='bbox 1204 1098 1328 1135; x_wconf 91' lang='lat' dir='ltr'><strong>quam</strong></span> <span class='ocrx_word' id='word_1_140' title='bbox 1348 1085 1422 1124; x_wconf 91' lang='lat' dir='ltr'><strong>illi.</strong></span> <span class='ocrx_word' id='word_1_141' title='bbox 1471 1085 1580 1124; x_wconf 89' lang='lat' dir='ltr'><strong>Nam</strong></span> <span class='ocrx_word' id='word_1_142' title='bbox 1600 1085 1708 1124; x_wconf 92' lang='lat' dir='ltr'><strong>mihi</strong></span> <span class='ocrx_word' id='word_1_143' title='bbox 1725 1099 1895 1136; x_wconf 88' lang='lat' dir='ltr'><strong>prorsus</strong></span> 
     </span>
     <span class='ocr_line' id='line_1_14' title="bbox 297 1149 1894 1200; baseline 0.001 -12"><span class='ocrx_word' id='word_1_144' title='bbox 297 1150 343 1188; x_wconf 89' lang='lat' dir='ltr'><strong>in</strong></span> <span class='ocrx_word' id='word_1_145' title='bbox 361 1150 652 1189; x_wconf 88' lang='lat' dir='ltr'><strong>amoenissimo</strong></span> <span class='ocrx_word' id='word_1_146' title='bbox 671 1150 865 1200; x_wconf 86' lang='lat' dir='ltr'><strong>quopiam</strong></span> <span class='ocrx_word' id='word_1_147' title='bbox 885 1150 1027 1189; x_wconf 89' lang='lat' dir='ltr'><strong>Museo</strong></span> <span class='ocrx_word' id='word_1_148' title='bbox 1048 1150 1203 1189; x_wconf 89' lang='lat' dir='ltr'><strong>versari</strong></span> <span class='ocrx_word' id='word_1_149' title='bbox 1222 1149 1387 1198; x_wconf 88' lang='lat' dir='ltr'><strong>vide0r;</strong></span> <span class='ocrx_word' id='word_1_150' title='bbox 1415 1153 1461 1189; x_wconf 92' lang='lat' dir='ltr'><strong>vt</strong></span> <span class='ocrx_word' id='word_1_151' title='bbox 1480 1164 1532 1189; x_wconf 93' lang='lat' dir='ltr'><strong>ne</strong></span> <span class='ocrx_word' id='word_1_152' title='bbox 1552 1151 1686 1190; x_wconf 88' lang='lat' dir='ltr'><strong>dicam</strong></span> <span class='ocrx_word' id='word_1_153' title='bbox 1709 1150 1894 1190; x_wconf 86' lang='lat' dir='ltr'><strong>eruditos</strong></span> 
     </span>
    </p>

    <p class='ocr_par' dir='ltr' id='par_1_6' title="bbox 242 1215 1895 1527">
     <span class='ocr_line' id='line_1_15' title="bbox 242 1215 1888 1266; baseline 0.001 -14"><span class='ocrx_word' id='word_1_154' title='bbox 242 1231 281 1253; x_wconf 92' lang='lat'><strong>10</strong></span> <span class='ocrx_word' id='word_1_155' title='bbox 298 1216 386 1252; x_wconf 88' lang='lat' dir='ltr'><strong>tam</strong></span> <span class='ocrx_word' id='word_1_156' title='bbox 406 1215 572 1263; x_wconf 89' lang='lat' dir='ltr'><strong>multos,</strong></span> <span class='ocrx_word' id='word_1_157' title='bbox 590 1218 631 1255; x_wconf 93' lang='lat' dir='ltr'><strong>et</strong></span> <span class='ocrx_word' id='word_1_158' title='bbox 649 1216 831 1255; x_wconf 88' lang='lat' dir='ltr'><strong>eruditos</strong></span> <span class='ocrx_word' id='word_1_159' title='bbox 851 1218 937 1255; x_wconf 88' lang='lat' dir='ltr'><strong>tam</strong></span> <span class='ocrx_word' id='word_1_160' title='bbox 961 1229 1046 1254; x_wconf 91' lang='lat' dir='ltr'><strong>non</strong></span> <span class='ocrx_word' id='word_1_161' title='bbox 1065 1215 1226 1266; x_wconf 85' lang='lat' dir='ltr'><strong>vulgari</strong></span> <span class='ocrx_word' id='word_1_162' title='bbox 1246 1229 1369 1255; x_wconf 91' lang='lat' dir='ltr'><strong>more.</strong></span> <span class='ocrx_word' id='word_1_163' title='bbox 1430 1215 1561 1255; x_wconf 91' lang='lat' dir='ltr'><strong>Nemo</strong></span> <span class='ocrx_word' id='word_1_164' title='bbox 1581 1215 1729 1254; x_wconf 82' lang='lat' dir='ltr'><strong>Latine</strong></span> <span class='ocrx_word' id='word_1_165' title='bbox 1747 1215 1888 1261; x_wconf 83' lang='lat' dir='ltr'><strong>nescit,</strong></span> 
     </span>
     <span class='ocr_line' id='line_1_16' title="bbox 298 1280 1895 1331; baseline 0.001 -13"><span class='ocrx_word' id='word_1_166' title='bbox 298 1293 421 1318; x_wconf 91' lang='lat' dir='ltr'><strong>nemo</strong></span> <span class='ocrx_word' id='word_1_167' title='bbox 444 1281 595 1320; x_wconf 84' lang='lat' dir='ltr'><strong>Graece</strong></span> <span class='ocrx_word' id='word_1_168' title='bbox 624 1281 763 1329; x_wconf 88' lang='lat' dir='ltr'><strong>nescit,</strong></span> <span class='ocrx_word' id='word_1_169' title='bbox 794 1280 1003 1331; x_wconf 87' lang='lat' dir='ltr'><strong>plaerique</strong></span> <span class='ocrx_word' id='word_1_170' title='bbox 1033 1283 1074 1320; x_wconf 90' lang='lat' dir='ltr'><strong>et</strong></span> <span class='ocrx_word' id='word_1_171' title='bbox 1103 1280 1306 1320; x_wconf 88' lang='lat' dir='ltr'><strong>Hebraice</strong></span> <span class='ocrx_word' id='word_1_172' title='bbox 1334 1281 1471 1320; x_wconf 87' lang='lat' dir='ltr'><strong>sciunt</strong></span> <span class='ocrx_word' id='word_1_173' title='bbox 1487 1296 1498 1330; x_wconf 91' lang='lat'>;</span> <span class='ocrx_word' id='word_1_174' title='bbox 1526 1281 1595 1320; x_wconf 91' lang='lat' dir='ltr'><strong>hic</strong></span> <span class='ocrx_word' id='word_1_175' title='bbox 1623 1281 1670 1319; x_wconf 91' lang='lat' dir='ltr'><strong>in</strong></span> <span class='ocrx_word' id='word_1_176' title='bbox 1697 1281 1895 1319; x_wconf 77' lang='lat' dir='ltr'><strong>historiae</strong></span> 
     </span>
     <span class='ocr_line' id='line_1_17' title="bbox 299 1345 1892 1396; baseline 0 -13"><span class='ocrx_word' id='word_1_177' title='bbox 299 1345 535 1396; x_wconf 84' lang='lat' dir='ltr'><strong>cognitione</strong></span> <span class='ocrx_word' id='word_1_178' title='bbox 550 1346 771 1396; x_wconf 89' lang='lat' dir='ltr'><strong>praecellit,</strong></span> <span class='ocrx_word' id='word_1_179' title='bbox 788 1346 860 1385; x_wconf 91' lang='lat' dir='ltr'><strong>ille</strong></span> <span class='ocrx_word' id='word_1_180' title='bbox 879 1346 1000 1385; x_wconf 90' lang='lat' dir='ltr'><strong>callet</strong></span> <span class='ocrx_word' id='word_1_181' title='bbox 1014 1345 1266 1396; x_wconf 81' lang='lat' dir='ltr'><strong>theologiam</strong></span> <span class='ocrx_word' id='word_1_182' title='bbox 1282 1361 1291 1395; x_wconf 89' lang='lat'>;</span> <span class='ocrx_word' id='word_1_183' title='bbox 1320 1346 1387 1385; x_wconf 89' lang='lat' dir='ltr'><strong>hic</strong></span> <span class='ocrx_word' id='word_1_184' title='bbox 1402 1346 1716 1385; x_wconf 85' lang='lat' dir='ltr'><strong>mathematices</strong></span> <span class='ocrx_word' id='word_1_185' title='bbox 1734 1345 1892 1396; x_wconf 87' lang='lat' dir='ltr'><strong>peritus</strong></span> 
     </span>
     <span class='ocr_line' id='line_1_18' title="bbox 298 1411 1894 1462; baseline 0.001 -14"><span class='ocrx_word' id='word_1_186' title='bbox 298 1413 362 1449; x_wconf 88' lang='lat' dir='ltr'><strong>est</strong></span> <span class='ocrx_word' id='word_1_187' title='bbox 377 1424 388 1457; x_wconf 90' lang='lat'>;</span> <span class='ocrx_word' id='word_1_188' title='bbox 416 1411 523 1449; x_wconf 87' lang='lat' dir='ltr'><strong>alius</strong></span> <span class='ocrx_word' id='word_1_189' title='bbox 543 1411 805 1462; x_wconf 83' lang='lat' dir='ltr'><strong>antiquitatis</strong></span> <span class='ocrx_word' id='word_1_190' title='bbox 824 1412 1046 1461; x_wconf 89' lang='lat' dir='ltr'><strong>studiosus,</strong></span> <span class='ocrx_word' id='word_1_191' title='bbox 1070 1411 1142 1450; x_wconf 92' lang='lat' dir='ltr'><strong>ille</strong></span> <span class='ocrx_word' id='word_1_192' title='bbox 1163 1412 1265 1450; x_wconf 86' lang='lat' dir='ltr'><strong>iuris</strong></span> <span class='ocrx_word' id='word_1_193' title='bbox 1285 1412 1511 1451; x_wconf 86' lang='lat' dir='ltr'><strong>consultus.</strong></span> <span class='ocrx_word' id='word_1_194' title='bbox 1561 1411 1654 1450; x_wconf 88' lang='lat' dir='ltr'><strong>Iam</strong></span> <span class='ocrx_word' id='word_1_195' title='bbox 1674 1411 1751 1450; x_wconf 85' lang='lat' dir='ltr'><strong>hoc</strong></span> <span class='ocrx_word' id='word_1_196' title='bbox 1767 1424 1894 1461; x_wconf 89' lang='lat' dir='ltr'><strong>quam</strong></span> 
     </span>
     <span class='ocr_line' id='line_1_19' title="bbox 299 1475 1895 1527; baseline 0.001 -14"><span class='ocrx_word' id='word_1_197' title='bbox 299 1475 356 1513; x_wconf 90' lang='lat' dir='ltr'><strong>sit</strong></span> <span class='ocrx_word' id='word_1_198' title='bbox 384 1488 524 1514; x_wconf 87' lang='lat' dir='ltr'><strong>rarum</strong></span> <span class='ocrx_word' id='word_1_199' title='bbox 553 1475 639 1526; x_wconf 89' lang='lat' dir='ltr'><strong>ipse</strong></span> <span class='ocrx_word' id='word_1_200' title='bbox 669 1477 792 1515; x_wconf 88' lang='lat' dir='ltr'><strong>nosti.</strong></span> <span class='ocrx_word' id='word_1_201' title='bbox 852 1476 955 1515; x_wconf 88' lang='lat' dir='ltr'><strong>Mihi</strong></span> <span class='ocrx_word' id='word_1_202' title='bbox 993 1479 1100 1516; x_wconf 83' lang='lat' dir='ltr'><strong>certe</strong></span> <span class='ocrx_word' id='word_1_203' title='bbox 1132 1477 1332 1516; x_wconf 89' lang='lat' dir='ltr'><strong>hactenus</strong></span> <span class='ocrx_word' id='word_1_204' title='bbox 1364 1491 1449 1516; x_wconf 90' lang='lat' dir='ltr'><strong>non</strong></span> <span class='ocrx_word' id='word_1_205' title='bbox 1487 1476 1663 1527; x_wconf 85' lang='lat' dir='ltr'><strong>contigit</strong></span> <span class='ocrx_word' id='word_1_206' title='bbox 1692 1478 1737 1515; x_wconf 90' lang='lat' dir='ltr'><strong>in</strong></span> <span class='ocrx_word' id='word_1_207' title='bbox 1766 1489 1895 1527; x_wconf 89' lang='lat' dir='ltr'><strong>aeque</strong></span> 
     </span>
    </p>

    <p class='ocr_par' dir='ltr' id='par_1_7' title="bbox 245 1539 1896 1709">
     <span class='ocr_line' id='line_1_20' title="bbox 245 1539 1896 1591; baseline 0.001 -13"><span class='ocrx_word' id='word_1_208' title='bbox 245 1557 282 1588; x_wconf 89' lang='lat'><strong>15</strong></span> <span class='ocrx_word' id='word_1_209' title='bbox 300 1539 412 1578; x_wconf 88' lang='lat' dir='ltr'><strong>felici</strong></span> <span class='ocrx_word' id='word_1_210' title='bbox 443 1541 596 1579; x_wconf 87' lang='lat' dir='ltr'><strong>versari</strong></span> <span class='ocrx_word' id='word_1_211' title='bbox 634 1541 911 1580; x_wconf 88' lang='lat' dir='ltr'><strong>contubernio.</strong></span> <span class='ocrx_word' id='word_1_212' title='bbox 970 1542 1127 1581; x_wconf 88' lang='lat' dir='ltr'><strong>Verum</strong></span> <span class='ocrx_word' id='word_1_213' title='bbox 1165 1545 1211 1581; x_wconf 91' lang='lat' dir='ltr'><strong>vt</strong></span> <span class='ocrx_word' id='word_1_214' title='bbox 1247 1542 1347 1581; x_wconf 84' lang='lat' dir='ltr'><strong>haec</strong></span> <span class='ocrx_word' id='word_1_215' title='bbox 1384 1541 1595 1589; x_wconf 87' lang='lat' dir='ltr'><strong>sileantur,</strong></span> <span class='ocrx_word' id='word_1_216' title='bbox 1634 1541 1705 1591; x_wconf 91' lang='lat' dir='ltr'><strong>qui</strong></span> <span class='ocrx_word' id='word_1_217' title='bbox 1743 1541 1896 1580; x_wconf 88' lang='lat' dir='ltr'><strong>candor</strong></span> 
     </span>
     <span class='ocr_line' id='line_1_21' title="bbox 300 1605 1895 1657; baseline 0.001 -14"><span class='ocrx_word' id='word_1_218' title='bbox 300 1605 501 1653; x_wconf 88' lang='lat' dir='ltr'><strong>omnium,</strong></span> <span class='ocrx_word' id='word_1_219' title='bbox 524 1619 625 1656; x_wconf 88' lang='lat' dir='ltr'><strong>quae</strong></span> <span class='ocrx_word' id='word_1_220' title='bbox 650 1606 865 1652; x_wconf 83' lang='lat' dir='ltr'><strong>festiuitas‚</strong></span> <span class='ocrx_word' id='word_1_221' title='bbox 888 1620 990 1657; x_wconf 86' lang='lat' dir='ltr'><strong>quae</strong></span> <span class='ocrx_word' id='word_1_222' title='bbox 1017 1607 1231 1646; x_wconf 87' lang='lat' dir='ltr'><strong>concordia</strong></span> <span class='ocrx_word' id='word_1_223' title='bbox 1245 1609 1266 1645; x_wconf 70' lang='lat' dir='ltr'><strong>i&gt;</strong></span> <span class='ocrx_word' id='word_1_224' title='bbox 1320 1608 1463 1647; x_wconf 84' lang='lat' dir='ltr'><strong>Vnum</strong></span> <span class='ocrx_word' id='word_1_225' title='bbox 1484 1606 1679 1646; x_wconf 87' lang='lat' dir='ltr'><strong>omnibus</strong></span> <span class='ocrx_word' id='word_1_226' title='bbox 1705 1606 1895 1645; x_wconf 86' lang='lat' dir='ltr'><strong>animum</strong></span> 
     </span>
     <span class='ocr_line' id='line_1_22' title="bbox 300 1670 526 1709; baseline 0 0"><span class='ocrx_word' id='word_1_227' title='bbox 300 1682 386 1709; x_wconf 90' lang='lat' dir='ltr'><strong>esse</strong></span> <span class='ocrx_word' id='word_1_228' title='bbox 406 1670 526 1709; x_wconf 88' lang='lat' dir='ltr'><strong>iures.</strong></span> 
     </span>
    </p>

    <p class='ocr_par' dir='ltr' id='par_1_8' title="bbox 299 1735 1897 1853">
     <span class='ocr_line' id='line_1_23' title="bbox 355 1735 1897 1787; baseline 0.001 -15"><span class='ocrx_word' id='word_1_229' title='bbox 355 1735 438 1773; x_wconf 89' lang='lat' dir='ltr'><strong>Nec</strong></span> <span class='ocrx_word' id='word_1_230' title='bbox 459 1737 648 1786; x_wconf 85' lang='lat' dir='ltr'><strong>estquod</strong></span> <span class='ocrx_word' id='word_1_231' title='bbox 669 1736 896 1787; x_wconf 84' lang='lat' dir='ltr'><strong>complores</strong></span> <span class='ocrx_word' id='word_1_232' title='bbox 915 1740 955 1776; x_wconf 90' lang='lat' dir='ltr'><strong>te</strong></span> <span class='ocrx_word' id='word_1_233' title='bbox 975 1737 1026 1776; x_wconf 90' lang='lat' dir='ltr'><strong>ab</strong></span> <span class='ocrx_word' id='word_1_234' title='bbox 1046 1737 1122 1776; x_wconf 89' lang='lat' dir='ltr'><strong>hac</strong></span> <span class='ocrx_word' id='word_1_235' title='bbox 1142 1750 1284 1777; x_wconf 84' lang='lat' dir='ltr'><strong>mensa</strong></span> <span class='ocrx_word' id='word_1_236' title='bbox 1302 1737 1442 1776; x_wconf 86' lang='lat' dir='ltr'><strong>abesse</strong></span> <span class='ocrx_word' id='word_1_237' title='bbox 1460 1752 1469 1785; x_wconf 90' lang='lat'>;</span> <span class='ocrx_word' id='word_1_238' title='bbox 1497 1738 1545 1776; x_wconf 86' lang='lat' dir='ltr'><strong>vt</strong></span> <span class='ocrx_word' id='word_1_239' title='bbox 1565 1736 1756 1775; x_wconf 84' lang='lat' dir='ltr'><strong>Platonis</strong></span> <span class='ocrx_word' id='word_1_240' title='bbox 1780 1749 1897 1775; x_wconf 88' lang='lat' dir='ltr'><strong>more</strong></span> 
     </span>
     <span class='ocr_line' id='line_1_24' title="bbox 299 1800 1893 1853; baseline 0.001 -15"><span class='ocrx_word' id='word_1_241' title='bbox 299 1800 452 1850; x_wconf 88' lang='lat' dir='ltr'><strong>loquar,</strong></span> <span class='ocrx_word' id='word_1_242' title='bbox 475 1802 563 1839; x_wconf 90' lang='lat' dir='ltr'><strong>tam</strong></span> <span class='ocrx_word' id='word_1_243' title='bbox 583 1802 678 1840; x_wconf 86' lang='lat' dir='ltr'><strong>ades</strong></span> <span class='ocrx_word' id='word_1_244' title='bbox 698 1815 823 1852; x_wconf 88' lang='lat' dir='ltr'><strong>quam</strong></span> <span class='ocrx_word' id='word_1_245' title='bbox 843 1802 914 1852; x_wconf 91' lang='lat' dir='ltr'><strong>qui</strong></span> <span class='ocrx_word' id='word_1_246' title='bbox 933 1802 1123 1842; x_wconf 87' lang='lat' dir='ltr'><strong>maxime.</strong></span> <span class='ocrx_word' id='word_1_247' title='bbox 1173 1802 1348 1841; x_wconf 90' lang='lat' dir='ltr'><strong>Nullum</strong></span> <span class='ocrx_word' id='word_1_248' title='bbox 1368 1802 1601 1853; x_wconf 88' lang='lat' dir='ltr'><strong>prandium,</strong></span> <span class='ocrx_word' id='word_1_249' title='bbox 1625 1800 1741 1840; x_wconf 90' lang='lat' dir='ltr'><strong>nulla</strong></span> <span class='ocrx_word' id='word_1_250' title='bbox 1760 1814 1893 1850; x_wconf 88' lang='lat' dir='ltr'><strong>coena,</strong></span> 
     </span>
    </p>

    <p class='ocr_par' dir='ltr' id='par_1_9' title="bbox 245 1865 1897 2177">
     <span class='ocr_line' id='line_1_25' title="bbox 245 1865 1895 1917; baseline 0.001 -15"><span class='ocrx_word' id='word_1_251' title='bbox 245 1881 283 1902; x_wconf 91' lang='lat'><strong>20</strong></span> <span class='ocrx_word' id='word_1_252' title='bbox 302 1865 420 1904; x_wconf 90' lang='lat' dir='ltr'><strong>nulla</strong></span> <span class='ocrx_word' id='word_1_253' title='bbox 438 1866 676 1915; x_wconf 85' lang='lat' dir='ltr'><strong>ambulatio,</strong></span> <span class='ocrx_word' id='word_1_254' title='bbox 700 1867 817 1906; x_wconf 86' lang='lat' dir='ltr'><strong>nulla</strong></span> <span class='ocrx_word' id='word_1_255' title='bbox 836 1867 1109 1906; x_wconf 88' lang='lat' dir='ltr'><strong>confabulatio</strong></span> <span class='ocrx_word' id='word_1_256' title='bbox 1129 1867 1220 1906; x_wconf 88' lang='lat' dir='ltr'><strong>sine</strong></span> <span class='ocrx_word' id='word_1_257' title='bbox 1240 1867 1391 1917; x_wconf 85' lang='lat' dir='ltr'><strong>Sapido</strong></span> <span class='ocrx_word' id='word_1_258' title='bbox 1411 1867 1532 1906; x_wconf 90' lang='lat' dir='ltr'><strong>nobis</strong></span> <span class='ocrx_word' id='word_1_259' title='bbox 1558 1867 1706 1917; x_wconf 85' lang='lat' dir='ltr'><strong>agitur.</strong></span> <span class='ocrx_word' id='word_1_260' title='bbox 1764 1866 1895 1905; x_wconf 90' lang='lat' dir='ltr'><strong>Porro</strong></span> 
     </span>
     <span class='ocr_line' id='line_1_26' title="bbox 302 1931 1897 1983; baseline 0.001 -15"><span class='ocrx_word' id='word_1_261' title='bbox 302 1932 455 1969; x_wconf 89' lang='lat' dir='ltr'><strong>sortem</strong></span> <span class='ocrx_word' id='word_1_262' title='bbox 479 1933 607 1979; x_wconf 89' lang='lat' dir='ltr'><strong>tuam,</strong></span> <span class='ocrx_word' id='word_1_263' title='bbox 630 1934 676 1970; x_wconf 87' lang='lat' dir='ltr'><strong>vt</strong></span> <span class='ocrx_word' id='word_1_264' title='bbox 704 1932 951 1971; x_wconf 87' lang='lat' dir='ltr'><strong>laboriosam</strong></span> <span class='ocrx_word' id='word_1_265' title='bbox 980 1945 1069 1971; x_wconf 88' lang='lat' dir='ltr'><strong>esse</strong></span> <span class='ocrx_word' id='word_1_266' title='bbox 1099 1946 1183 1971; x_wconf 90' lang='lat' dir='ltr'><strong>non</strong></span> <span class='ocrx_word' id='word_1_267' title='bbox 1213 1932 1461 1983; x_wconf 85' lang='lat' dir='ltr'><strong>negauerim,</strong></span> <span class='ocrx_word' id='word_1_268' title='bbox 1485 1933 1544 1970; x_wconf 88' lang='lat' dir='ltr'><strong>ita</strong></span> <span class='ocrx_word' id='word_1_269' title='bbox 1567 1931 1765 1983; x_wconf 83' lang='lat' dir='ltr'><strong>tragicam</strong></span> <span class='ocrx_word' id='word_1_270' title='bbox 1785 1933 1832 1970; x_wconf 91' lang='lat' dir='ltr'><strong>vt</strong></span> <span class='ocrx_word' id='word_1_271' title='bbox 1850 1933 1897 1970; x_wconf 86' lang='lat' dir='ltr'><strong>tu</strong></span> 
     </span>
     <span class='ocr_line' id='line_1_27' title="bbox 301 1996 1896 2047; baseline 0.001 -14"><span class='ocrx_word' id='word_1_272' title='bbox 301 2008 422 2034; x_wconf 89' lang='lat' dir='ltr'><strong>vocas</strong></span> <span class='ocrx_word' id='word_1_273' title='bbox 433 1998 504 2033; x_wconf 88' lang='lat' dir='ltr'><strong>aut</strong></span> <span class='ocrx_word' id='word_1_274' title='bbox 517 1996 813 2045; x_wconf 82' lang='lat' dir='ltr'><strong>deplorandam</strong></span> <span class='ocrx_word' id='word_1_275' title='bbox 825 2010 911 2035; x_wconf 88' lang='lat' dir='ltr'><strong>esse</strong></span> <span class='ocrx_word' id='word_1_276' title='bbox 926 2011 1094 2047; x_wconf 83' lang='lat' dir='ltr'><strong>prorsus</strong></span> <span class='ocrx_word' id='word_1_277' title='bbox 1109 1998 1280 2037; x_wconf 88' lang='lat' dir='ltr'><strong>inficior.</strong></span> <span class='ocrx_word' id='word_1_278' title='bbox 1322 1997 1428 2036; x_wconf 90' lang='lat' dir='ltr'><strong>Ludi</strong></span> <span class='ocrx_word' id='word_1_279' title='bbox 1440 1997 1635 2036; x_wconf 88' lang='lat' dir='ltr'><strong>litterarii</strong></span> <span class='ocrx_word' id='word_1_280' title='bbox 1647 1997 1896 2046; x_wconf 89' lang='lat' dir='ltr'><strong>magistrum</strong></span> 
     </span>
     <span class='ocr_line' id='line_1_28' title="bbox 303 2060 1895 2113; baseline 0.001 -16"><span class='ocrx_word' id='word_1_281' title='bbox 303 2073 389 2098; x_wconf 89' lang='lat' dir='ltr'><strong>esse</strong></span> <span class='ocrx_word' id='word_1_282' title='bbox 408 2060 645 2109; x_wconf 78' lang='lat' dir='ltr'><strong>proximum</strong></span> <span class='ocrx_word' id='word_1_283' title='bbox 664 2075 787 2111; x_wconf 82' lang='lat' dir='ltr'><strong>regno</strong></span> <span class='ocrx_word' id='word_1_284' title='bbox 802 2075 957 2101; x_wconf 85' lang='lat' dir='ltr'><strong>munus</strong></span> <span class='ocrx_word' id='word_1_285' title='bbox 975 2064 1048 2102; x_wconf 89' lang='lat' dir='ltr'><strong>est.</strong></span> <span class='ocrx_word' id='word_1_286' title='bbox 1095 2065 1165 2102; x_wconf 92' lang='lat' dir='ltr'><strong>An</strong></span> <span class='ocrx_word' id='word_1_287' title='bbox 1185 2065 1231 2101; x_wconf 92' lang='lat' dir='ltr'><strong>tu</strong></span> <span class='ocrx_word' id='word_1_288' title='bbox 1250 2065 1372 2113; x_wconf 87' lang='lat' dir='ltr'><strong>putas</strong></span> <span class='ocrx_word' id='word_1_289' title='bbox 1391 2063 1599 2101; x_wconf 86' lang='lat' dir='ltr'><strong>sordidam</strong></span> <span class='ocrx_word' id='word_1_290' title='bbox 1619 2075 1705 2100; x_wconf 90' lang='lat' dir='ltr'><strong>esse</strong></span> <span class='ocrx_word' id='word_1_291' title='bbox 1720 2062 1895 2100; x_wconf 85' lang='lat' dir='ltr'><strong>functio-</strong></span> 
     </span>
     <span class='ocr_line' id='line_1_29' title="bbox 304 2125 1895 2177; baseline 0.001 -15"><span class='ocrx_word' id='word_1_292' title='bbox 304 2137 401 2163; x_wconf 88' lang='lat' dir='ltr'><strong>nem</strong></span> <span class='ocrx_word' id='word_1_293' title='bbox 419 2125 597 2174; x_wconf 78' lang='lat' dir='ltr'><strong>primam</strong></span> <span class='ocrx_word' id='word_1_294' title='bbox 617 2126 734 2164; x_wconf 87' lang='lat' dir='ltr'><strong>illam</strong></span> <span class='ocrx_word' id='word_1_295' title='bbox 753 2128 927 2165; x_wconf 85' lang='lat' dir='ltr'><strong>aetatem</strong></span> <span class='ocrx_word' id='word_1_296' title='bbox 949 2129 1116 2166; x_wconf 89' lang='lat' dir='ltr'><strong>tuorum</strong></span> <span class='ocrx_word' id='word_1_297' title='bbox 1137 2128 1290 2166; x_wconf 88' lang='lat' dir='ltr'><strong>ciuium</strong></span> <span class='ocrx_word' id='word_1_298' title='bbox 1311 2127 1480 2177; x_wconf 87' lang='lat' dir='ltr'><strong>optimis</strong></span> <span class='ocrx_word' id='word_1_299' title='bbox 1499 2126 1651 2166; x_wconf 91' lang='lat' dir='ltr'><strong>litteris</strong></span> <span class='ocrx_word' id='word_1_300' title='bbox 1670 2127 1710 2164; x_wconf 90' lang='lat' dir='ltr'><strong>et</strong></span> <span class='ocrx_word' id='word_1_301' title='bbox 1731 2126 1895 2165; x_wconf 85' lang='lat' dir='ltr'><strong>Christo</strong></span> 
     </span>
    </p>

    <p class='ocr_par' dir='ltr' id='par_1_10' title="bbox 248 2189 1899 2503">
     <span class='ocr_line' id='line_1_30' title="bbox 248 2189 1896 2242; baseline 0 -14"><span class='ocrx_word' id='word_1_302' title='bbox 248 2207 285 2237; x_wconf 83' lang='lat'><strong>25</strong></span> <span class='ocrx_word' id='word_1_303' title='bbox 305 2189 447 2228; x_wconf 84' lang='lat' dir='ltr'><strong>statim</strong></span> <span class='ocrx_word' id='word_1_304' title='bbox 473 2190 657 2228; x_wconf 85' lang='lat' dir='ltr'><strong>imbuere</strong></span> <span class='ocrx_word' id='word_1_305' title='bbox 678 2192 820 2240; x_wconf 84' lang='lat' dir='ltr'><strong>totque</strong></span> <span class='ocrx_word' id='word_1_306' title='bbox 840 2192 988 2241; x_wconf 84' lang='lat' dir='ltr'><strong>probos</strong></span> <span class='ocrx_word' id='word_1_307' title='bbox 1008 2194 1048 2230; x_wconf 91' lang='lat' dir='ltr'><strong>et</strong></span> <span class='ocrx_word' id='word_1_308' title='bbox 1067 2192 1251 2242; x_wconf 88' lang='lat' dir='ltr'><strong>integros</strong></span> <span class='ocrx_word' id='word_1_309' title='bbox 1270 2193 1380 2231; x_wconf 90' lang='lat' dir='ltr'><strong>viros</strong></span> <span class='ocrx_word' id='word_1_310' title='bbox 1399 2192 1553 2241; x_wconf 84' lang='lat' dir='ltr'><strong>patriae</strong></span> <span class='ocrx_word' id='word_1_311' title='bbox 1579 2193 1674 2229; x_wconf 90' lang='lat' dir='ltr'><strong>tuae</strong></span> <span class='ocrx_word' id='word_1_312' title='bbox 1693 2190 1862 2228; x_wconf 87' lang='lat' dir='ltr'><strong>reddere</strong></span> <span class='ocrx_word' id='word_1_313' title='bbox 1876 2191 1896 2228; x_wconf 73' lang='grc' dir='ltr'><strong>ἱ)</strong></span> 
     </span>
     <span class='ocr_line' id='line_1_31' title="bbox 305 2254 1895 2307; baseline 0.001 -15"><span class='ocrx_word' id='word_1_314' title='bbox 305 2254 539 2293; x_wconf 82' lang='lat' dir='ltr'><strong>Stultorum</strong></span> <span class='ocrx_word' id='word_1_315' title='bbox 556 2254 747 2304; x_wconf 88' lang='lat' dir='ltr'><strong>opinione</strong></span> <span class='ocrx_word' id='word_1_316' title='bbox 767 2256 968 2294; x_wconf 89' lang='lat' dir='ltr'><strong>humilius</strong></span> <span class='ocrx_word' id='word_1_317' title='bbox 987 2259 1061 2302; x_wconf 89' lang='lat' dir='ltr'><strong>est,</strong></span> <span class='ocrx_word' id='word_1_318' title='bbox 1080 2271 1122 2295; x_wconf 90' lang='lat' dir='ltr'><strong>re</strong></span> <span class='ocrx_word' id='word_1_319' title='bbox 1141 2257 1262 2307; x_wconf 88' lang='lat' dir='ltr'><strong>longe</strong></span> <span class='ocrx_word' id='word_1_320' title='bbox 1281 2256 1679 2307; x_wconf 85' lang='lat' dir='ltr'><strong>splendidissimum.</strong></span> <span class='ocrx_word' id='word_1_321' title='bbox 1727 2255 1895 2293; x_wconf 88' lang='lat' dir='ltr'><strong>Etenim</strong></span> 
     </span>
     <span class='ocr_line' id='line_1_32' title="bbox 304 2319 1897 2372; baseline 0 -15"><span class='ocrx_word' id='word_1_322' title='bbox 304 2319 339 2358; x_wconf 90' lang='lat' dir='ltr'><strong>si</strong></span> <span class='ocrx_word' id='word_1_323' title='bbox 355 2319 533 2358; x_wconf 86' lang='lat' dir='ltr'><strong>ethnicis</strong></span> <span class='ocrx_word' id='word_1_324' title='bbox 547 2333 709 2370; x_wconf 90' lang='lat' dir='ltr'><strong>quoque</strong></span> <span class='ocrx_word' id='word_1_325' title='bbox 721 2334 883 2371; x_wconf 88' lang='lat' dir='ltr'><strong>semper</strong></span> <span class='ocrx_word' id='word_1_326' title='bbox 894 2323 1149 2371; x_wconf 86' lang='lat' dir='ltr'><strong>praeclarum</strong></span> <span class='ocrx_word' id='word_1_327' title='bbox 1161 2322 1513 2372; x_wconf 86' lang='lat' dir='ltr'><strong>magnificumque</strong></span> <span class='ocrx_word' id='word_1_328' title='bbox 1528 2321 1608 2360; x_wconf 86' lang='lat' dir='ltr'><strong>fuit</strong></span> <span class='ocrx_word' id='word_1_329' title='bbox 1624 2321 1673 2360; x_wconf 92' lang='lat' dir='ltr'><strong>de</strong></span> <span class='ocrx_word' id='word_1_330' title='bbox 1688 2319 1897 2370; x_wconf 83' lang='lat' dir='ltr'><strong>republica</strong></span> 
     </span>
     <span class='ocr_line' id='line_1_33' title="bbox 304 2385 1897 2436; baseline -0.001 -13"><span class='ocrx_word' id='word_1_331' title='bbox 304 2385 408 2423; x_wconf 89' lang='lat' dir='ltr'><strong>bene</strong></span> <span class='ocrx_word' id='word_1_332' title='bbox 428 2385 588 2433; x_wconf 89' lang='lat' dir='ltr'><strong>mereri,</strong></span> <span class='ocrx_word' id='word_1_333' title='bbox 607 2385 759 2434; x_wconf 87' lang='lat' dir='ltr'><strong>(dicam</strong></span> <span class='ocrx_word' id='word_1_334' title='bbox 777 2385 982 2436; x_wconf 88' lang='lat' dir='ltr'><strong>audacter)</strong></span> <span class='ocrx_word' id='word_1_335' title='bbox 997 2400 1121 2426; x_wconf 91' lang='lat' dir='ltr'><strong>nemo</strong></span> <span class='ocrx_word' id='word_1_336' title='bbox 1138 2387 1290 2426; x_wconf 89' lang='lat' dir='ltr'><strong>melius</strong></span> <span class='ocrx_word' id='word_1_337' title='bbox 1309 2387 1359 2426; x_wconf 87' lang='lat' dir='ltr'><strong>de</strong></span> <span class='ocrx_word' id='word_1_338' title='bbox 1379 2400 1424 2426; x_wconf 86' lang='lat' dir='ltr'><strong>ea</strong></span> <span class='ocrx_word' id='word_1_339' title='bbox 1442 2389 1623 2426; x_wconf 89' lang='lat' dir='ltr'><strong>meretur</strong></span> <span class='ocrx_word' id='word_1_340' title='bbox 1638 2398 1762 2436; x_wconf 89' lang='lat' dir='ltr'><strong>quam</strong></span> <span class='ocrx_word' id='word_1_341' title='bbox 1782 2385 1897 2423; x_wconf 87' lang='lat' dir='ltr'><strong>rudis</strong></span> 
     </span>
     <span class='ocr_line' id='line_1_34' title="bbox 304 2449 1899 2503; baseline 0.001 -16"><span class='ocrx_word' id='word_1_342' title='bbox 304 2449 503 2500; x_wconf 88' lang='lat' dir='ltr'><strong>pueritiae</strong></span> <span class='ocrx_word' id='word_1_343' title='bbox 523 2450 731 2499; x_wconf 86' lang='lat' dir='ltr'><strong>formator,</strong></span> <span class='ocrx_word' id='word_1_344' title='bbox 755 2451 878 2490; x_wconf 87' lang='lat' dir='ltr'><strong>modo</strong></span> <span class='ocrx_word' id='word_1_345' title='bbox 899 2452 1042 2491; x_wconf 89' lang='lat' dir='ltr'><strong>doctus</strong></span> <span class='ocrx_word' id='word_1_346' title='bbox 1062 2454 1103 2491; x_wconf 90' lang='lat' dir='ltr'><strong>et</strong></span> <span class='ocrx_word' id='word_1_347' title='bbox 1128 2452 1313 2503; x_wconf 88' lang='lat' dir='ltr'><strong>integer;</strong></span> <span class='ocrx_word' id='word_1_348' title='bbox 1342 2465 1445 2502; x_wconf 89' lang='lat' dir='ltr'><strong>quae</strong></span> <span class='ocrx_word' id='word_1_349' title='bbox 1471 2452 1552 2491; x_wconf 91' lang='lat' dir='ltr'><strong>duo</strong></span> <span class='ocrx_word' id='word_1_350' title='bbox 1572 2453 1629 2490; x_wconf 87' lang='lat' dir='ltr'><strong>sic</strong></span> <span class='ocrx_word' id='word_1_351' title='bbox 1655 2451 1701 2490; x_wconf 92' lang='lat' dir='ltr'><strong>in</strong></span> <span class='ocrx_word' id='word_1_352' title='bbox 1718 2452 1760 2488; x_wconf 90' lang='lat' dir='ltr'><strong>te</strong></span> <span class='ocrx_word' id='word_1_353' title='bbox 1785 2450 1899 2502; x_wconf 88' lang='lat' dir='ltr'><strong>paria</strong></span> 
     </span>
    </p>

    <p class='ocr_par' dir='ltr' id='par_1_11' title="bbox 247 2515 1896 2568">
     <span class='ocr_line' id='line_1_35' title="bbox 247 2515 1896 2568; baseline 0 -14"><span class='ocrx_word' id='word_1_354' title='bbox 247 2531 288 2561; x_wconf 79' lang='lat'><strong>30</strong></span> <span class='ocrx_word' id='word_1_355' title='bbox 305 2517 404 2553; x_wconf 88' lang='lat' dir='ltr'><strong>sunt</strong></span> <span class='ocrx_word' id='word_1_356' title='bbox 427 2516 474 2553; x_wconf 87' lang='lat' dir='ltr'><strong>vt</strong></span> <span class='ocrx_word' id='word_1_357' title='bbox 503 2515 684 2554; x_wconf 88' lang='lat' dir='ltr'><strong>nesciam</strong></span> <span class='ocrx_word' id='word_1_358' title='bbox 710 2517 802 2554; x_wconf 87' lang='lat' dir='ltr'><strong>vtro</strong></span> <span class='ocrx_word' id='word_1_359' title='bbox 833 2517 1013 2567; x_wconf 86' lang='lat' dir='ltr'><strong>teipsum</strong></span> <span class='ocrx_word' id='word_1_360' title='bbox 1041 2531 1220 2568; x_wconf 86' lang='lat' dir='ltr'><strong>superes.</strong></span> <span class='ocrx_word' id='word_1_361' title='bbox 1277 2517 1369 2556; x_wconf 89' lang='lat' dir='ltr'><strong>Iam</strong></span> <span class='ocrx_word' id='word_1_362' title='bbox 1389 2518 1498 2568; x_wconf 88' lang='lat' dir='ltr'><strong>quod</strong></span> <span class='ocrx_word' id='word_1_363' title='bbox 1526 2518 1571 2556; x_wconf 88' lang='lat' dir='ltr'><strong>in</strong></span> <span class='ocrx_word' id='word_1_364' title='bbox 1599 2517 1746 2557; x_wconf 84' lang='lat' dir='ltr'><strong>salario</strong></span> <span class='ocrx_word' id='word_1_365' title='bbox 1775 2516 1896 2557; x_wconf 87' lang='lat' dir='ltr'><strong>dimi-</strong></span> 
     </span>
    </p>
   </div>
   <div class='ocr_carea' id='block_1_5' title="bbox 586 2625 1615 2667">
    <p class='ocr_par' dir='ltr' id='par_1_12' title="bbox 586 2625 1615 2667">
     <span class='ocr_line' id='line_1_36' title="bbox 586 2625 1615 2667; baseline 0.002 -12"><span class='ocrx_word' id='word_1_366' title='bbox 586 2633 638 2663; x_wconf 85' lang='lat'><strong>30.</strong></span> <span class='ocrx_word' id='word_1_367' title='bbox 664 2626 819 2656; x_wconf 84' lang='lat' dir='ltr'><strong>nesciam</strong></span> <span class='ocrx_word' id='word_1_368' title='bbox 837 2628 865 2656; x_wconf 85' lang='lat' dir='ltr'><em>F</em></span> <span class='ocrx_word' id='word_1_369' title='bbox 878 2627 993 2665; x_wconf 70' lang='lat' dir='ltr'><strong>Corriq.</strong></span> <span class='ocrx_word' id='word_1_370' title='bbox 1009 2637 1016 2657; x_wconf 79' lang='lat' dir='ltr'><strong><em>z</em></strong></span> <span class='ocrx_word' id='word_1_371' title='bbox 1040 2627 1174 2657; x_wconf 87' lang='lat' dir='ltr'><strong>nescias</strong></span> <span class='ocrx_word' id='word_1_372' title='bbox 1192 2629 1222 2657; x_wconf 84' lang='lat'><strong>0.</strong></span> <span class='ocrx_word' id='word_1_373' title='bbox 1322 2625 1359 2657; x_wconf 80' lang='lat'><strong>0²</strong></span> <span class='ocrx_word' id='word_1_374' title='bbox 1374 2638 1382 2657; x_wconf 75' lang='grc' dir='ltr'>ε</span> <span class='ocrx_word' id='word_1_375' title='bbox 1405 2636 1549 2667; x_wconf 85' lang='lat' dir='ltr'><strong>superas</strong></span> <span class='ocrx_word' id='word_1_376' title='bbox 1566 2625 1615 2658; x_wconf 83' lang='lat'><strong>0¹.</strong></span> 
     </span>
    </p>
   </div>
   <div class='ocr_carea' id='block_1_6' title="bbox 306 2754 1899 3058">
    <p class='ocr_par' dir='ltr' id='par_1_13' title="bbox 306 2754 1895 2885">
     <span class='ocr_line' id='line_1_37' title="bbox 353 2754 1893 2797; baseline 0 -12"><span class='ocrx_word' id='word_1_377' title='bbox 353 2766 379 2788; x_wconf 91' lang='lat'><strong>1.</strong></span> <span class='ocrx_word' id='word_1_378' title='bbox 407 2756 574 2797; x_wconf 81' lang='lat' dir='ltr'><strong>Carmen]</strong></span> <span class='ocrx_word' id='word_1_379' title='bbox 592 2760 646 2788; x_wconf 76' lang='lat' dir='ltr'><strong>Ad</strong></span> <span class='ocrx_word' id='word_1_380' title='bbox 666 2761 782 2788; x_wconf 75' lang='lat' dir='ltr'><strong>sodales</strong></span> <span class='ocrx_word' id='word_1_381' title='bbox 797 2760 930 2789; x_wconf 70' lang='lat' dir='ltr'><strong>Erasmo</strong></span> <span class='ocrx_word' id='word_1_382' title='bbox 946 2761 1066 2789; x_wconf 76' lang='lat' dir='ltr'><strong>Rotero-</strong></span> <span class='ocrx_word' id='word_1_383' title='bbox 1134 2758 1225 2789; x_wconf 89' lang='lat' dir='ltr'><strong>with</strong></span> <span class='ocrx_word' id='word_1_384' title='bbox 1242 2758 1297 2789; x_wconf 86' lang='lat' dir='ltr'><strong>six</strong></span> <span class='ocrx_word' id='word_1_385' title='bbox 1314 2759 1471 2789; x_wconf 85' lang='lat' dir='ltr'><strong>months’</strong></span> <span class='ocrx_word' id='word_1_386' title='bbox 1490 2759 1608 2789; x_wconf 85' lang='lat' dir='ltr'><strong>notice</strong></span> <span class='ocrx_word' id='word_1_387' title='bbox 1630 2758 1666 2788; x_wconf 89' lang='lat' dir='ltr'><strong>at</strong></span> <span class='ocrx_word' id='word_1_388' title='bbox 1683 2757 1746 2787; x_wconf 89' lang='lat' dir='ltr'><strong>the</strong></span> <span class='ocrx_word' id='word_1_389' title='bbox 1761 2754 1832 2786; x_wconf 88' lang='lat' dir='ltr'><strong>end</strong></span> <span class='ocrx_word' id='word_1_390' title='bbox 1848 2764 1893 2785; x_wconf 87' lang='lat' dir='ltr'><strong>on</strong></span> 
     </span>
     <span class='ocr_line' id='line_1_38' title="bbox 307 2800 1895 2840; baseline -0.001 -11"><span class='ocrx_word' id='word_1_391' title='bbox 307 2802 397 2830; x_wconf 61' lang='lat' dir='ltr'><strong>{lamo</strong></span> <span class='ocrx_word' id='word_1_392' title='bbox 434 2803 651 2831; x_wconf 63' lang='lat' dir='ltr'><strong>consuetudine</strong></span> <span class='ocrx_word' id='word_1_393' title='bbox 689 2804 895 2832; x_wconf 70' lang='lat' dir='ltr'><strong>iunctissimos</strong></span> <span class='ocrx_word' id='word_1_394' title='bbox 934 2805 1067 2832; x_wconf 74' lang='lat' dir='ltr'><strong>Ioannes</strong></span> <span class='ocrx_word' id='word_1_395' title='bbox 1135 2802 1252 2833; x_wconf 84' lang='lat' dir='ltr'><strong>either</strong></span> <span class='ocrx_word' id='word_1_396' title='bbox 1273 2801 1367 2834; x_wconf 82' lang='lat' dir='ltr'><strong>side:</strong></span> <span class='ocrx_word' id='word_1_397' title='bbox 1396 2812 1452 2833; x_wconf 90' lang='lat' dir='ltr'><strong>see</strong></span> <span class='ocrx_word' id='word_1_398' title='bbox 1472 2802 1628 2840; x_wconf 74' lang='lat' dir='ltr'><strong>Struver,</strong></span> <span class='ocrx_word' id='word_1_399' title='bbox 1649 2803 1705 2831; x_wconf 77' lang='lat' dir='ltr'><strong>Die</strong></span> <span class='ocrx_word' id='word_1_400' title='bbox 1725 2800 1833 2830; x_wconf 71' lang='lat' dir='ltr'><strong>Schule</strong></span> <span class='ocrx_word' id='word_1_401' title='bbox 1855 2808 1895 2828; x_wconf 72' lang='grc' dir='ltr'><strong>ειι</strong></span> 
     </span>
     <span class='ocr_line' id='line_1_39' title="bbox 306 2841 1894 2885; baseline -0.001 -14"><span class='ocrx_word' id='word_1_402' title='bbox 306 2845 444 2879; x_wconf 57' lang='lat' dir='ltr'><strong>Sapalas</strong></span> <span class='ocrx_word' id='word_1_403' title='bbox 457 2846 684 2874; x_wconf 67' lang='lat' dir='ltr'><strong>Sletstaczienscsss</strong></span> <span class='ocrx_word' id='word_1_404' title='bbox 698 2848 880 2877; x_wconf 71' lang='lat' dir='ltr'><strong>Germanus.</strong></span> <span class='ocrx_word' id='word_1_405' title='bbox 903 2844 952 2876; x_wconf 70' lang='lat' dir='ltr'><strong>Ol.</strong></span> <span class='ocrx_word' id='word_1_406' title='bbox 968 2845 1066 2877; x_wconf 79' lang='lat' dir='ltr'><strong>f⁰.o3.</strong></span> <span class='ocrx_word' id='word_1_407' title='bbox 1134 2848 1335 2885; x_wconf 68' lang='lat' dir='ltr'><strong>Sclzlettstadt,</strong></span> <span class='ocrx_word' id='word_1_408' title='bbox 1362 2855 1394 2885; x_wconf 89' lang='lat' dir='ltr'><strong>p.</strong></span> <span class='ocrx_word' id='word_1_409' title='bbox 1420 2846 1471 2884; x_wconf 88' lang='lat'><strong>38.</strong></span> <span class='ocrx_word' id='word_1_410' title='bbox 1520 2845 1555 2876; x_wconf 92' lang='lat' dir='ltr'><strong>It</strong></span> <span class='ocrx_word' id='word_1_411' title='bbox 1582 2845 1612 2875; x_wconf 88' lang='lat' dir='ltr'><strong>is</strong></span> <span class='ocrx_word' id='word_1_412' title='bbox 1642 2842 1791 2884; x_wconf 86' lang='lat' dir='ltr'><strong>possible</strong></span> <span class='ocrx_word' id='word_1_413' title='bbox 1814 2841 1894 2872; x_wconf 87' lang='lat' dir='ltr'><strong>that</strong></span> 
     </span>
    </p>

    <p class='ocr_par' dir='ltr' id='par_1_14' title="bbox 311 2885 1895 2969">
     <span class='ocr_line' id='line_1_40' title="bbox 345 2885 1894 2928; baseline 0 -14"><span class='ocrx_word' id='word_1_414' title='bbox 345 2895 395 2916; x_wconf 86' lang='lat'><strong>21.</strong></span> <span class='ocrx_word' id='word_1_415' title='bbox 412 2887 596 2926; x_wconf 81' lang='lat' dir='ltr'><strong>tragicam]</strong></span> <span class='ocrx_word' id='word_1_416' title='bbox 611 2889 1066 2928; x_wconf 76' lang='lat' dir='ltr'><strong>‘mequaesequiturtragi-</strong></span> <span class='ocrx_word' id='word_1_417' title='bbox 1134 2889 1178 2919; x_wconf 90' lang='lat' dir='ltr'><strong>he</strong></span> <span class='ocrx_word' id='word_1_418' title='bbox 1202 2889 1274 2919; x_wconf 88' lang='lat' dir='ltr'><strong>had</strong></span> <span class='ocrx_word' id='word_1_419' title='bbox 1297 2889 1457 2928; x_wconf 88' lang='lat' dir='ltr'><strong>recently</strong></span> <span class='ocrx_word' id='word_1_420' title='bbox 1478 2887 1639 2919; x_wconf 84' lang='lat' dir='ltr'><strong>received</strong></span> <span class='ocrx_word' id='word_1_421' title='bbox 1662 2886 1780 2916; x_wconf 88' lang='lat' dir='ltr'><strong>notice</strong></span> <span class='ocrx_word' id='word_1_422' title='bbox 1804 2885 1894 2915; x_wconf 81' lang='lat' dir='ltr'><strong>from</strong></span> 
     </span>
     <span class='ocr_line' id='line_1_41' title="bbox 311 2927 1895 2969; baseline 0 -12"><span class='ocrx_word' id='word_1_423' title='bbox 311 2927 362 2957; x_wconf 87' lang='lat' dir='ltr'><strong>cis</strong></span> <span class='ocrx_word' id='word_1_424' title='bbox 378 2928 597 2969; x_wconf 82' lang='lat' dir='ltr'><strong>Rhamnusia</strong></span> <span class='ocrx_word' id='word_1_425' title='bbox 613 2930 740 2961; x_wconf 81' lang='lat' dir='ltr'><strong>fatis’:</strong></span> <span class='ocrx_word' id='word_1_426' title='bbox 765 2934 895 2962; x_wconf 77' lang='lat' dir='ltr'><strong>Carmen</strong></span> <span class='ocrx_word' id='word_1_427' title='bbox 910 2934 1035 2969; x_wconf 76' lang='lat' dir='ltr'><strong>Sapc&#39;clc&#39;.</strong></span> <span class='ocrx_word' id='word_1_428' title='bbox 1134 2933 1195 2963; x_wconf 90' lang='lat' dir='ltr'><strong>the</strong></span> <span class='ocrx_word' id='word_1_429' title='bbox 1233 2932 1344 2963; x_wconf 89' lang='lat' dir='ltr'><strong>Town</strong></span> <span class='ocrx_word' id='word_1_430' title='bbox 1377 2932 1525 2962; x_wconf 86' lang='lat' dir='ltr'><strong>Council</strong></span> <span class='ocrx_word' id='word_1_431' title='bbox 1562 2931 1642 2962; x_wconf 85' lang='lat' dir='ltr'><strong>that</strong></span> <span class='ocrx_word' id='word_1_432' title='bbox 1679 2929 1738 2959; x_wconf 86' lang='lat' dir='ltr'><strong>his</strong></span> <span class='ocrx_word' id='word_1_433' title='bbox 1776 2927 1895 2967; x_wconf 82' lang='lat' dir='ltr'><strong>salary</strong></span> 
     </span>
    </p>

    <p class='ocr_par' dir='ltr' id='par_1_15' title="bbox 309 2970 1899 3058">
     <span class='ocr_line' id='line_1_42' title="bbox 353 2970 1899 3014; baseline 0.001 -14"><span class='ocrx_word' id='word_1_434' title='bbox 353 2979 404 3009; x_wconf 87' lang='lat'><strong>30.</strong></span> <span class='ocrx_word' id='word_1_435' title='bbox 420 2972 459 3001; x_wconf 90' lang='lat' dir='ltr'><strong>in</strong></span> <span class='ocrx_word' id='word_1_436' title='bbox 470 2973 612 3013; x_wconf 84' lang='lat' dir='ltr'><strong>salario]</strong></span> <span class='ocrx_word' id='word_1_437' title='bbox 622 2974 1067 3014; x_wconf 79' lang='lat' dir='ltr'><strong>Sapidus&#39;sappointment</strong></span> <span class='ocrx_word' id='word_1_438' title='bbox 1134 2975 1255 3006; x_wconf 89' lang='lat' dir='ltr'><strong>would</strong></span> <span class='ocrx_word' id='word_1_439' title='bbox 1281 2976 1322 3006; x_wconf 90' lang='lat' dir='ltr'><strong>be</strong></span> <span class='ocrx_word' id='word_1_440' title='bbox 1345 2975 1498 3005; x_wconf 89' lang='lat' dir='ltr'><strong>reduced</strong></span> <span class='ocrx_word' id='word_1_441' title='bbox 1525 2984 1571 3005; x_wconf 89' lang='lat' dir='ltr'><strong>on</strong></span> <span class='ocrx_word' id='word_1_442' title='bbox 1595 2973 1657 3005; x_wconf 87' lang='lat' dir='ltr'><strong>the</strong></span> <span class='ocrx_word' id='word_1_443' title='bbox 1681 2970 1835 3002; x_wconf 78' lang='lat' dir='ltr'><strong>renewal</strong></span> <span class='ocrx_word' id='word_1_444' title='bbox 1860 2970 1899 3002; x_wconf 85' lang='lat' dir='ltr'><strong>of</strong></span> 
     </span>
     <span class='ocr_line' id='line_1_43' title="bbox 309 3014 1483 3058; baseline 0.004 -15"><span class='ocrx_word' id='word_1_445' title='bbox 309 3023 380 3044; x_wconf 83' lang='lat' dir='ltr'><strong>was</strong></span> <span class='ocrx_word' id='word_1_446' title='bbox 404 3014 458 3044; x_wconf 86' lang='lat' dir='ltr'><strong>for</strong></span> <span class='ocrx_word' id='word_1_447' title='bbox 482 3014 560 3045; x_wconf 84' lang='lat' dir='ltr'><strong>four</strong></span> <span class='ocrx_word' id='word_1_448' title='bbox 582 3025 684 3054; x_wconf 73' lang='lat' dir='ltr'><strong>years</strong></span> <span class='ocrx_word' id='word_1_449' title='bbox 708 3017 798 3048; x_wconf 87' lang='lat' dir='ltr'><strong>from</strong></span> <span class='ocrx_word' id='word_1_450' title='bbox 822 3027 859 3047; x_wconf 80' lang='lat'><strong>12</strong></span> <span class='ocrx_word' id='word_1_451' title='bbox 883 3018 962 3050; x_wconf 82' lang='lat' dir='ltr'><strong>Feb.</strong></span> <span class='ocrx_word' id='word_1_452' title='bbox 985 3027 1066 3057; x_wconf 86' lang='lat'><strong>1512</strong></span> <span class='ocrx_word' id='word_1_453' title='bbox 1135 3018 1198 3049; x_wconf 90' lang='lat' dir='ltr'><strong>the</strong></span> <span class='ocrx_word' id='word_1_454' title='bbox 1222 3019 1483 3058; x_wconf 79' lang='lat' dir='ltr'><strong>appointment.</strong></span> 
     </span>
    </p>
   </div>
  </div>
 </body>
</html>
