2010 3417
103 161 206 216 337]
639 164 711 202 ΤΟ
747 158 973 204 MARTIN
1012 163 1162 204 DORP
1621 163 1695 202 105

103 275 204 314 haec
242 273 409 324 quidem
445 274 491 312 in
529 273 617 324 ipsa
647 275 791 313 statim
824 274 1112 325 propositione.
1185 274 1276 313 Iam
1304 287 1402 313 vero
1434 274 1479 312 in
1517 274 1606 324 ipsa
1638 273 1699 312 rei

104 339 349 379 tractatione
374 339 474 390 quid
502 341 565 379 est
593 340 764 379 omnino
791 340 900 390 quod
929 353 1015 379 non
1044 340 1122 390 pie,
1154 340 1264 390 quod
1293 352 1377 379 non
1405 340 1699 390 circumspecte

105 406 161 444 sit
187 405 346 444 dictum
375 418 420 444 ac
449 406 708 444 reuerentius
736 405 863 444 etiam
893 419 1017 456 quam
1045 407 1091 444 vt
1119 405 1338 444 conueniat
1367 405 1553 444 Moriae?
1619 404 1698 443 Sed
1720 416 1782 448 540

103 471 163 509 ibi
191 469 323 509 malui
350 470 557 520 paulisper
584 470 775 509 obliuisci
803 471 938 509 decori
967 484 1092 520 quam
1125 483 1209 509 non
1239 471 1473 510 satisfacere
1505 470 1701 521 dignitati

104 536 163 574 rei
178 550 188 584 ;
215 535 347 575 malui
366 536 597 575 rhetoricen
613 535 818 574 offendere
834 549 959 586 quam
978 535 1138 575 laedere
1153 536 1360 586 pietatem.
1407 538 1470 575 Ac
1489 538 1699 587 postremo

103 603 267 651 peracta
280 601 532 652 probatione,
551 614 603 639 ne
617 614 742 651 quem
758 603 957 649 moueret,
972 601 1081 651 quod
1099 601 1148 639 de
1162 614 1204 639 re
1218 603 1307 640 tam
1321 614 1435 640 sacra
1449 600 1696 650 Stulticiam,

104 667 181 706 hoc
219 669 281 706 est
313 667 491 705 iocosam
523 678 755 716 personam,
791 666 959 704 fecerim
993 666 1243 716 loquentem,
1280 668 1321 705 et
1359 667 1467 706 hanc
1505 667 1700 717 deprecor

106 732 271 782 culpam
299 731 409 770 hisce
442 731 607 770 verbis:
648 731 828 770 ‘Verum
857 744 932 781 ego
963 731 1208 770 iamdudum
1241 731 1370 770 oblita
1398 732 1493 781 mei,
1525 734 1616 782 ὑπὲρ
1652 733 1700 770 τὰ
1719 744 1779 776 545

105 798 320 847 ἐσκαμμένα
343 796 459 845 πηδῶ.
521 796 768 846 Quanquam
795 795 830 834 si
855 795 953 846 quid
979 796 1236 846 petulantius
1261 799 1331 835 aut
1354 797 1565 847 loquacius
1590 810 1613 835 a
1631 810 1698 836 me

104 863 263 901 dictum
281 862 503 911 videbitur,
528 862 704 912 cogitate
723 863 765 900 et
785 861 1022 900 Stulticiam
1040 863 1080 900 et
1099 861 1321 900 mulierem
1341 862 1515 900 dixisse?

158 927 288 966 Vides
307 929 354 966 vt
373 939 581 978 nusquam
601 927 794 966 cessarim
821 939 991 965 omnem
1019 926 1258 965 offendiculi
1282 939 1428 966 ansam
1450 926 1695 976 praecidere.

104 992 262 1032 Verum
296 993 376 1031 ista
406 1005 491 1031 non
523 992 794 1043 perpendunt,
828 1005 1005 1043 quorum
1037 1005 1158 1031 aures
1190 994 1352 1042 praeter
1384 991 1697 1042 propositiones,

105 1057 389 1097 conclusiones
417 1060 458 1097 et
486 1057 700 1097 corollaria
728 1057 836 1096 nihil
864 1057 1107 1097 admittunt.
1166 1057 1274 1106 Quid
1308 1057 1416 1107 quod
1445 1056 1699 1107 praefatione
1720 1067 1782 1098 550

104 1123 428 1173 praemunierim
448 1123 651 1172 libellum,
675 1136 756 1174 qua
783 1136 910 1162 conor
934 1136 1101 1162 omnem
1126 1123 1389 1173 praecludere
1413 1122 1701 1161 calumniam?

105 1188 248 1240 Neque
281 1189 503 1239 quicquam
537 1189 736 1228 addubito
767 1189 869 1239 quin
902 1202 951 1228 ea
983 1188 1171 1227 candidis
1200 1189 1395 1228 omnibus
1427 1188 1550 1227 faciat
1583 1187 1696 1227 satis.

106 1255 214 1304 Quid
234 1257 374 1294 autem
393 1254 519 1293 facias
543 1255 636 1293 istis
660 1255 731 1306 qui
757 1255 825 1294 vel
852 1255 904 1294 ob
927 1254 1087 1305 ingenii
1113 1254 1381 1305 pertinaciam
1404 1253 1485 1293 sibi
1510 1252 1701 1292 satisfieri

105 1320 252 1369 nolint,
292 1319 359 1360 vel
396 1320 648 1370 stupidiores
693 1320 778 1359 sint
815 1333 940 1371 quam
978 1322 1024 1358 vt
1061 1319 1387 1359 satisfactionem
1429 1318 1700 1369 intelligant?

105 1386 214 1425 Nam
233 1386 587 1435 quemadmodum
607 1385 841 1425 Simonides
867 1386 973 1425 dixit
995 1385 1216 1425 Thessalos
1241 1385 1439 1424 ebetiores
1466 1398 1554 1423 esse
1574 1397 1700 1434 quam
1720 1393 1779 1425 555

104 1454 150 1491 vt
182 1450 343 1502 possint
376 1464 400 1489 a
439 1464 483 1490 se
521 1450 665 1500 decipi,
701 1451 760 1490 ita
796 1452 997 1502 quosdam
1034 1451 1174 1490 videas
1212 1450 1462 1500 stupidiores
1500 1462 1625 1500 quam
1654 1451 1700 1488 vt

105 1516 258 1568 placari
277 1518 444 1567 queant.
501 1516 568 1555 Ad
589 1516 689 1556 haec
709 1530 794 1556 non
814 1518 971 1556 mirum
991 1518 1053 1555 est
1071 1516 1263 1555 inuenire
1283 1517 1391 1566 quod
1412 1515 1696 1563 calumnietur,

103 1581 177 1633 qui
195 1581 304 1621 nihil
322 1581 435 1621 aliud
460 1581 622 1631 quaerit
647 1582 731 1621 nisi
755 1583 863 1632 quod
890 1582 1178 1622 calumnietur.
1237 1582 1354 1631 Quod
1380 1582 1415 1620 si
1439 1581 1531 1631 quis
1557 1580 1700 1619 eodem

104 1647 247 1686 animo
284 1647 395 1697 legat
434 1647 523 1686 diui
560 1647 813 1698 Hieronymi
851 1648 990 1696 libros,
1027 1650 1195 1686 centum
1232 1647 1343 1686 locos
1381 1647 1561 1686 offendet
1599 1659 1700 1696 quae

104 1712 337 1751 calumniae
366 1714 543 1762 pateant,
577 1726 651 1751 nec
683 1713 815 1751 deerit
844 1713 890 1751 in
922 1713 1114 1752 omnium
1144 1712 1502 1752 Christianissimo
1535 1712 1701 1750 doctore
1720 1710 1782 1751 560

105 1777 214 1828 quod
244 1778 295 1816 ab
325 1777 418 1817 istis
449 1778 703 1817 haereticum
732 1778 861 1828 possit
887 1777 1114 1828 appellari3
1156 1791 1208 1816 ne
1236 1777 1335 1828 quid
1368 1777 1536 1815 interim
1566 1777 1702 1815 dicam

106 1843 156 1882 de
190 1843 405 1894 Cypriano,
443 1843 493 1881 de
526 1843 740 1882 Lactantio
774 1843 904 1894 deque
941 1843 1110 1882 caeteris
1143 1841 1441 1882 consimilibus.
1511 1840 1701 1891 Denique

106 1908 202 1959 quis
230 1921 415 1958 vnquam
440 1908 600 1947 audiuit
625 1908 834 1947 ludicrum
860 1910 1152 1958 argumentum
1178 1908 1223 1946 in
1247 1907 1537 1957 theologorum
1562 1905 1702 1944 vocari

107 1973 420 2024 cognitionem?
482 1974 599 2022 Quod
633 1973 667 2012 si
700 1973 845 2023 placet,
881 1986 953 2012 cur
984 1986 1068 2012 non
1101 1973 1243 2012 eadem
1281 1985 1413 2023 opera,
1448 1971 1644 2022 quicquid
1678 1984 1702 2010 a

106 2038 239 2089 poetis
258 2038 381 2077 hodie
404 2039 598 2078 scribitur
625 2041 697 2077 aut
724 2039 899 2087 luditur,
918 2039 969 2078 ad
994 2038 1100 2077 hanc
1126 2037 1344 2077 excutiunt
1369 2037 1536 2088 legem?
1592 2036 1701 2085 Quot
1720 2034 1779 2074 565

105 2104 194 2143 illic
212 2104 419 2154 reperient
440 2104 650 2153 obscoena,
668 2106 768 2155 quot
787 2106 971 2144 veterem
989 2104 1279 2154 paganismum
1300 2102 1455 2141 olentia
1467 2104 1487 2141 ἰ)
1541 2101 1700 2141 Verum

106 2170 215 2218 haec,
235 2169 433 2220 quoniam
454 2170 563 2208 inter
583 2169 687 2208 seria
706 2183 792 2208 non
811 2170 1029 2218 habentur,
1049 2182 1173 2208 nemo
1191 2168 1478 2219 theologorum
1493 2167 1702 2206 existimat

106 2234 158 2273 ad
177 2247 221 2273 se
240 2234 455 2284 pertinere.

161 2299 304 2349 Neque
322 2301 462 2339 tamen
481 2299 691 2350 postulem
710 2301 887 2338 istorum
912 2299 1151 2349 exemplum
1173 2298 1280 2337 mihi
1298 2297 1554 2348 patrocinari.
1612 2297 1700 2347 Ego

107 2377 182 2403 nec
201 2364 290 2403 ioco
315 2365 515 2415 scriptum
533 2378 558 2403 a
577 2378 644 2404 me
663 2365 793 2404 velim
819 2364 928 2415 quod
947 2363 1033 2402 vllo
1057 2366 1174 2414 pacto
1201 2363 1533 2404 Christianorum
1552 2362 1700 2400 officiat
1719 2367 1781 2401 570

107 2429 277 2478 pietati3
315 2430 438 2468 modo
470 2430 592 2469 detur
620 2430 692 2480 qui
720 2430 828 2480 quod
857 2429 1058 2479 scriptum
1089 2431 1151 2468 est
1180 2428 1398 2478 intelligat,
1430 2427 1553 2466 modo
1581 2427 1701 2465 detur

108 2506 263 2543 aequus
282 2495 323 2532 et
341 2495 512 2544 integer,
531 2495 684 2545 quique
701 2507 943 2545 cognoscere
961 2494 1136 2542 studeat,
1156 2507 1241 2532 non
1262 2493 1424 2532 affectet
1443 2490 1699 2530 calumniari.

109 2559 168 2597 At
188 2557 225 2597 si
244 2558 337 2608 quis
360 2559 539 2598 istorum
558 2560 708 2598 habeat
733 2560 938 2598 rationem
964 2559 1034 2609 qui
1058 2558 1243 2609 primum
1270 2557 1387 2596 nullo
1416 2559 1515 2595 sunt
1533 2555 1701 2605 ingenio

109 2623 294 2674 praediti,
326 2623 488 2662 minore
512 2624 688 2673 iudicio;
726 2624 873 2663 deinde
900 2624 1007 2662 nihil
1036 2623 1207 2662 omnino
1234 2623 1436 2661 bonarum
1465 2622 1700 2659 litterarum

109 2689 350 2739 attigerunt,
372 2688 537 2727 sordida
554 2691 718 2727 tantum
746 2690 827 2727 ista
848 2688 1166 2738 perturbataque
1194 2688 1381 2726 doctrina
1400 2686 1544 2724 insecti
1562 2687 1700 2736 potius
1719 2693 1779 2728 575

109 2766 235 2804 quam
255 2752 410 2791 eruditi
426 2767 434 2800 ;
464 2753 640 2803 denique
656 2754 808 2792 infensi
824 2753 1018 2792 omnibus
1039 2753 1110 2802 qui
1128 2752 1264 2791 sciunt
1279 2752 1389 2802 quod
1404 2751 1484 2802 ipsi
1500 2750 1695 2798 nesciant,

557 2897 631 2927 555.
655 2887 858 2919 Simonides
871 2897 910 2918 a:
934 2887 1189 2919 Themistocles
1206 2890 1247 2919 A.

155 3030 229 3060 545.
247 3022 383 3053 Verum
399 3020 478 3062 ego]
504 3020 573 3052 LB.
594 3020 641 3051 iv.
659 3029 721 3059 504
739 3029 773 3051 Β.
887 3029 960 3060 555.
981 3019 1200 3060 Simonides]
1217 3020 1310 3051 Plut.
1327 3023 1362 3051 de
1373 3022 1461 3051 Auel.
1475 3023 1553 3051 Poet.
1567 3029 1600 3059 p.
1614 3028 1651 3058 15
1663 3028 1696 3050 D.
