2010 3417
51 162 148 218 335]
703 165 772 204 rro
810 164 918 204 LEO
954 165 996 203 X
1586 164 1635 202 81

49 272 286 322 primordiis
305 273 372 313 vel
391 275 462 313 tua
480 274 610 325 ipsius
630 274 836 313 industria
855 274 924 314 vel
945 273 1079 313 diuini
1099 273 1288 313 numinis
1306 273 1436 313 fauor.
1481 273 1639 322 Quibus
1659 282 1701 314 40

49 337 172 377 rebus
199 338 357 377 factum
386 341 448 377 est
476 341 533 388 vt,
555 352 650 378 cum
678 339 887 378 Romanae
912 339 1027 378 vrbis
1050 338 1221 378 libertas
1240 338 1527 389 integerrimos
1546 351 1639 389 quo-

50 416 130 452 que
149 404 260 443 viros
279 419 364 444 non
383 418 475 444 raro
500 404 631 443 soleat
656 417 878 454 aspergere,
902 406 948 443 tu
967 406 1014 443 vt
1033 403 1164 442 vitam
1192 403 1251 443 ita
1272 405 1313 442 et
1330 404 1486 442 famam
1506 403 1641 442 modis

51 469 246 509 omnibus
265 471 469 511 illibatam
488 470 538 509 ad
554 470 678 508 istam
694 469 882 508 attuleris
900 469 1159 519 dignitatem,
1178 468 1229 507 ad
1248 481 1373 519 quam
1392 481 1522 519 vsque
1541 468 1641 508 adeo

51 533 178 573 nullis
210 536 478 585 pecuniarum
511 537 582 573 aut
615 535 846 573 factionum
879 534 1096 584 praesidiis
1123 534 1359 584 penetrasti,
1382 537 1428 573 vt
1457 547 1533 572 nec
1560 547 1641 573 am-

51 598 171 638 biens
192 612 267 638 nec
287 604 509 651 expectans
528 612 613 637 non
632 601 720 637 tam
745 599 966 637 hominum
986 599 1194 649 suffragiis
1214 612 1338 649 quam
1356 599 1491 638 diuini
1509 599 1640 638 numi·
1660 608 1700 640 45

52 663 119 702 nis
138 665 293 704 calculo
314 665 496 703 delectus
515 663 643 702 fueris
663 665 786 712 atque
805 664 970 702 ascitus.

106 728 250 779 Neque
287 743 385 769 vero
423 728 688 767 mediocriter
724 728 953 766 illustrauit
989 728 1161 767 laudum
1200 729 1367 766 tuarum
1405 729 1528 767 decus
1569 729 1640 768 illa

51 794 240 833 fortunae
268 795 492 833 saeuientis
519 793 728 843 iniquitas,
761 806 864 843 quae
892 806 988 831 sane
1020 806 1216 843 superum
1249 794 1452 842 permissu
1479 794 1643 833 videtur

50 859 256 908 incidisse,
280 873 360 910 quo
388 859 591 898 nimirum
619 858 800 908 genuina
818 858 950 897 virtus
977 858 1108 896 animi
1136 859 1212 906 tui,
1234 857 1351 896 velut
1379 872 1527 898 aurum
1555 860 1643 909 igni

51 924 321 974 exploratum,
345 924 569 975 spectatior
588 924 827 962 redderetur
852 923 1109 962 mortalibus.
1171 923 1279 961 Nam
1297 925 1344 962 vt
1371 923 1500 962 Mario
1518 924 1642 973 pluri·
1662 935 1703 966 50

49 1002 168 1028 mum
205 990 364 1029 addidit
401 990 539 1029 laudis
581 989 773 1028 fortunae
810 988 1065 1037 vicissitudo,
1106 989 1163 1027 ita
1209 988 1378 1038 quidam
1415 989 1644 1028 Alexandri

50 1054 205 1105 gloriae
232 1056 310 1094 hoc
340 1055 564 1095 detrahunt
593 1054 772 1102 nomine,
796 1055 904 1104 quod
929 1055 1130 1105 perpetuo
1159 1067 1263 1104 pene
1289 1067 1427 1093 rerum
1455 1068 1644 1093 successu

50 1119 177 1158 fuerit
203 1134 315 1160 Vsus.
375 1119 585 1160 Timothei
612 1133 709 1159 vero
742 1120 917 1159 felicitas
949 1119 1122 1169 picturis
1154 1119 1280 1158 etiam
1313 1119 1394 1158 fuit
1426 1120 1641 1170 exagitata.

52 1185 276 1236 Egregium
304 1186 543 1225 nauclerum
573 1185 745 1224 aduersa
773 1187 997 1235 tempestas
1025 1184 1174 1235 arguit.
1234 1185 1420 1235 Insignis
1446 1185 1639 1235 sculptor,

52 1262 134 1299 quo
155 1251 365 1289 duriorem
383 1264 428 1289 ac
447 1251 590 1289 minus
611 1251 905 1300 obsequentem
924 1252 1070 1289 nactus
1089 1252 1151 1289 est
1170 1250 1397 1298 materiam,
1414 1250 1491 1289 hoc
1509 1251 1644 1290 maius
1663 1261 1702 1293 55

53 1315 154 1354 artis
173 1328 270 1355 suae
288 1316 536 1355 miraculum
566 1315 742 1365 praebet.
803 1316 856 1354 In
885 1315 1031 1365 quouis
1057 1329 1195 1354 rerum
1221 1317 1328 1354 statu
1357 1315 1535 1365 explicat
1557 1329 1645 1355 sese

52 1380 232 1430 genuina
268 1381 342 1419 illa
378 1381 549 1420 virtutis
586 1381 651 1420 vis
667 1396 676 1428 ;
719 1394 925 1431 nusquam
955 1383 1097 1419 tamen
1136 1380 1283 1419 clarior
1321 1394 1445 1430 quam
1484 1383 1645 1431 quoties

51 1458 229 1484 nouerca
249 1445 357 1485 Iuno
377 1446 605 1485 Herculem
626 1459 749 1485 suum
771 1446 887 1485 omni
905 1459 1054 1496 genere
1074 1446 1278 1485 malorum
1298 1448 1469 1485 exercet.
1511 1447 1645 1497 Magis

51 1509 314 1550 illustrarunt
352 1511 547 1561 Vlyssem
585 1513 650 1550 tot
691 1511 892 1550 exantlati
935 1511 1095 1550 labores
1137 1524 1262 1561 quam
1299 1511 1473 1550 feliciter
1511 1512 1644 1551 excisa

53 1574 185 1615 Troia.
243 1576 488 1627 Quanquam
521 1576 625 1615 illud
664 1589 934 1627 sepenumero
967 1576 1157 1615 videmus
1189 1576 1380 1625 accidere,
1401 1579 1449 1616 vt
1480 1578 1550 1628 qui
1581 1590 1645 1616 res
1662 1578 1704 1609 60

52 1640 243 1680 aduersas
270 1642 433 1681 fortiter
460 1643 731 1693 pertulerunt,
764 1642 955 1681 fortunae
983 1642 1238 1680 blandientis
1265 1642 1526 1692 indulgentia
1559 1656 1643 1681 cor-

52 1709 310 1756 rumpantur.
370 1709 430 1746 At
466 1710 514 1746 tu
551 1721 676 1758 quam
713 1707 998 1757 integritatem
1042 1707 1087 1744 in
1124 1707 1247 1745 rebus
1284 1707 1447 1746 afflictis
1483 1720 1647 1758 semper

52 1772 325 1820 praestiteras,
361 1773 536 1811 eandem
564 1773 765 1811 hactenus
792 1773 844 1811 ad
873 1784 1088 1810 summum
1117 1784 1256 1810 rerum
1288 1772 1447 1821 apicem
1479 1774 1644 1810 euectus

53 1837 306 1886 praestitisti.
365 1838 457 1876 Nisi
483 1838 591 1887 quod
610 1851 721 1876 nunc
749 1839 865 1875 tuam
894 1836 1124 1876 bonitatem
1153 1836 1285 1886 magis
1308 1837 1521 1885 sentimus,
1545 1837 1645 1875 dum

54 1901 176 1940 nobis
202 1903 435 1953 expressius
466 1902 623 1941 Christi
650 1903 778 1941 refers
807 1902 1044 1952 imaginem,
1077 1901 1193 1940 cuius
1221 1902 1332 1941 haud
1361 1902 1484 1941 dubie
1512 1904 1644 1941 vicem
1663 1905 1703 1947 65

53 1967 171 2017 geris,
193 1969 459 2018 posteaquam
497 1968 547 2006 ad
588 1981 796 2006 summam
823 1967 1053 2006 bonitatem
1081 1980 1372 2018 summamque
1399 1967 1644 2016 sapientiam

54 2044 127 2081 par
163 2033 331 2071 accessit
363 2033 572 2083 potentia;
614 2035 660 2072 vt
694 2034 896 2083 quantum
925 2046 999 2082 pro
1028 2034 1100 2070 tua
1128 2032 1312 2070 bonitate
1344 2032 1539 2082 prodesse
1566 2033 1642 2072 vis.

55 2099 258 2147 quantum
285 2112 360 2148 pro
387 2101 460 2137 tua
487 2098 691 2147 singulari
719 2097 923 2147 sapientia
952 2110 1032 2147 qua
1057 2098 1216 2136 ratione
1242 2099 1569 2137 succurrendum
1591 2099 1646 2137 sit

53 2163 176 2202 rebus
202 2164 399 2202 humanis
425 2163 634 2214 perspicis,
664 2163 912 2201 tantundem
941 2176 1015 2212 pro
1044 2162 1201 2200 summi
1234 2162 1446 2201 Pontificii
1480 2163 1644 2212 fastigio

53 2229 197 2279 possis.
256 2229 315 2267 Vt
339 2229 452 2267 enim
480 2228 589 2267 nihil
618 2229 747 2278 possit
774 2228 955 2268 accidere
980 2227 1242 2278 pestilentius
1262 2241 1388 2277 quam
1408 2228 1443 2267 si
1461 2229 1645 2278 prauitas
1665 2240 1704 2273 70

53 2307 100 2333 ac
127 2294 308 2333 stulticia
334 2295 490 2333 summi
516 2294 784 2344 magistratus
812 2295 994 2332 armetur
1021 2293 1251 2341 autoritate,
1274 2294 1332 2332 ita
1359 2306 1445 2331 non
1473 2294 1553 2332 alia
1581 2307 1644 2332 res

56 2372 185 2409 aeque
212 2359 407 2398 salutaris
435 2373 458 2398 a
487 2360 646 2410 superis
675 2359 762 2398 dari
788 2361 924 2408 potest
951 2358 1198 2396 mortalibus
1225 2371 1346 2408 quam
1375 2358 1410 2396 si
1429 2359 1479 2398 ad
1500 2361 1645 2397 cuncta

55 2423 307 2462 moderantis
343 2424 420 2463 Dei
456 2424 777 2463 similitudinem
814 2423 895 2462 tria
937 2423 1036 2461 haec
1079 2424 1124 2461 in
1161 2422 1346 2472 principe
1390 2421 1640 2472 copulentur.

100 2535 155 2564 40.
185 2526 298 2565 ipsius
321 2529 391 2558 aclcl.
416 2530 457 2559 A.
620 2537 671 2566 41.
706 2526 872 2558 omnibus
895 2529 964 2557 ante
987 2526 1091 2556 rebus
1113 2536 1142 2555 α.
1305 2535 1357 2563 42.
1388 2533 1462 2555 non
1486 2533 1564 2554 raro
1587 2527 1616 2554 A
1636 2535 1643 2554 z

58 2578 320 2608 nonnunquam
336 2582 366 2601 α.
455 2572 494 2601 vt
511 2594 518 2601 .
536 2595 543 2603 .
562 2594 568 2602 .
585 2573 621 2601 et
637 2573 708 2601 add.
727 2573 768 2602 A.
895 2580 947 2608 43.
971 2578 1082 2608 vsque
1099 2568 1186 2599 adeo
1202 2570 1274 2599 acld.
1293 2571 1334 2598 A.
1460 2577 1512 2605 44.
1535 2569 1575 2597 vt
1590 2571 1618 2597 A
1635 2578 1641 2596 t

57 2612 120 2644 sed
135 2623 165 2642 α.
281 2622 332 2651 45.
359 2623 431 2644 non
447 2615 522 2644 tam
534 2638 541 2646 .
554 2638 561 2645 .
576 2637 584 2644 .
603 2616 654 2652 46.
680 2613 814 2644 calculo
830 2615 860 2644 A
878 2624 885 2643 :
909 2622 972 2643 ceu
989 2612 1115 2642 diuino
1132 2611 1298 2651 suffragio
1313 2622 1342 2642 α.
1455 2612 1508 2649 46.
1533 2610 1643 2641 fueris

56 2658 162 2695 atque
179 2658 208 2686 A
224 2667 231 2686 :
255 2665 292 2686 es
308 2658 342 2686 et
357 2667 388 2688 α.
545 2667 597 2696 47.
624 2657 686 2687 illa
702 2657 868 2688 fortunae
884 2658 915 2686 A
934 2666 942 2686 ε
965 2655 1208 2686 Rhamnusiae
1224 2666 1253 2685 α.
1408 2653 1460 2692 48.
1486 2662 1571 2684 sane
1587 2656 1617 2684 A
1636 2665 1643 2684 ε

56 2699 204 2738 quidem
220 2710 249 2729 α.
399 2710 450 2739 49.
474 2700 648 2731 nimirum
663 2700 821 2739 genuina
838 2701 909 2730 add.
929 2701 970 2730 A.
1127 2707 1178 2737 50.
1204 2697 1412 2728 redderetur
1426 2698 1456 2726 A
1472 2707 1480 2727 ε
1503 2699 1594 2728 esset
1611 2709 1640 2730 α.

56 2753 109 2782 53.
143 2742 255 2773 fuerit
285 2745 315 2773 A
333 2753 340 2772 ε
377 2744 424 2773 sit
454 2754 484 2774 α.
710 2752 763 2781 53.
796 2743 976 2773 Timothei
1004 2765 1010 2772 .
1034 2765 1041 2772 .
1068 2765 1075 2772 .
1102 2742 1155 2772 61.
1188 2740 1465 2779 corrumpantur
1495 2742 1566 2771 add.
1598 2745 1639 2771 A.

55 2787 109 2824 63.
135 2795 316 2816 summum
333 2788 363 2816 A
381 2796 388 2816 :
412 2795 619 2825 supremum
634 2797 663 2816 α.
785 2786 836 2824 65.
864 2785 967 2815 nobis
983 2786 1055 2815 aasz.
1075 2787 1116 2815 A.
1239 2784 1292 2815 68.
1317 2783 1489 2823 singulari
1505 2786 1578 2814 add.
1598 2787 1640 2816 A.

57 2839 108 2868 70.
132 2830 181 2860 Vt
198 2829 297 2860 enim
313 2852 320 2859 .
339 2852 346 2860 .
368 2852 375 2859 .
395 2838 445 2868 75.
472 2829 609 2860 malum
625 2831 701 2860 add.
717 2832 758 2860 A.

100 2928 152 2966 48.
182 2928 346 2959 fortunae
373 2926 582 2967 saeuientis]
610 2926 660 2957 As
687 2927 726 2956 in
749 2926 814 2956 the
881 2926 1026 2965 capture
1057 2924 1096 2955 of
1126 2923 1294 2956 Cardinal
1327 2924 1423 2955 John
1454 2923 1545 2955 after
1575 2925 1638 2956 the

55 2971 243 3011 expulsion
260 2972 298 3002 of
316 2972 378 3002 the
394 2971 526 3002 Medici
542 2970 632 3001 from
648 2969 814 3000 Florence
881 2969 993 2999 battle
1017 2967 1054 2999 of
1078 2968 1256 3008 Ravenna,
1279 2977 1314 2998 11
1333 2967 1420 3008 Apr.
1439 2977 1530 3007 1512.
1578 2969 1641 3000 See

57 3015 98 3046 in
138 3025 231 3054 1494,
265 3025 304 3045 or
341 3024 437 3046 more
475 3013 637 3053 recently
674 3013 714 3044 in
752 3013 815 3043 the
882 3011 1077 3052 Creighton
1094 3012 1145 3044 iii.
1164 3013 1225 3043 188
1241 3011 1312 3043 and
1327 3012 1374 3043 iv.
1397 3021 1467 3050 147.

123 3080 230 3100 annm<
246 3080 274 3099 11
832 3080 858 3106 G
