2010 3417
113 174 210 229 348]
1624 175 1702 214 137

566 233 663 275 348.
723 233 787 274 To
818 233 1010 274 THoMAs
1043 231 1250 274 WOLSEY.

159 331 322 378 Farrago
341 345 375 378 p.
395 344 473 379 227.
1401 332 1521 368 Basle.

159 391 202 428 F.
221 403 256 437 p.
278 402 344 437 355
362 405 369 427 ε
397 392 486 428 HN:
512 393 625 429 Lond.
647 392 720 428 viii.
741 403 784 438 33
802 404 810 428 :
837 393 908 429 LB.
926 393 1022 438 App.
1044 404 1097 438 74.
1273 403 1319 437 30
1335 392 1480 438 August
1501 388 1654 437 (1515).

157 482 247 524 [The
278 484 455 516 reference
486 487 522 516 to
553 485 616 516 the
646 485 765 516 Rhine
798 485 908 516 floods
939 486 1058 517 makes
1086 485 1160 516 this
1191 485 1295 516 letter
1320 486 1590 523 contemporary
1612 480 1702 512 with

112 526 178 566 Ep.
188 536 262 567 345.
307 527 451 568 Wolsey
459 538 531 560 was
543 531 606 560 not
616 529 758 560 created
774 528 943 560 Cardinal
960 529 1019 560 till
1038 539 1078 559 10
1090 529 1185 569 Sept.
1203 537 1305 568 1515;
1330 538 1366 559 so
1382 528 1463 558 that
1476 526 1551 557 this
1562 524 1654 564 title,
1667 524 1707 556 of

113 570 235 601 which
258 570 358 602 there
374 571 405 602 is
420 581 467 603 no
483 573 646 603 mention
664 573 703 602 in
719 572 781 602 the
797 573 916 610 letter,
934 575 1032 603 must
1053 572 1144 603 have
1159 573 1249 603 been
1265 571 1380 602 added
1402 571 1442 601 in
1464 570 1527 601 the
1548 568 1704 608 heading

112 616 150 644 at
167 614 229 645 the
245 615 333 645 time
349 614 388 645 of
407 615 581 655 printing.
626 615 738 646 There
754 616 785 645 is
802 625 822 646 a
837 616 1033 646 noticeable
1050 617 1208 646 contrast
1223 616 1383 646 between
1399 615 1462 645 the
1478 616 1561 644 tone
1577 612 1616 643 of
1628 611 1703 643 this

114 656 219 688 letter
234 657 305 688 and
328 657 408 689 that
430 659 469 688 in
486 658 605 689 which
628 658 797 689 Erasmus
813 658 996 690 addresses
1011 658 1155 698 Wolsey
1171 668 1216 690 on
1240 659 1383 698 leaving
1405 656 1571 698 England
1591 666 1611 687 a
1632 656 1703 687 few

112 710 215 740 years
229 701 320 732 later
336 701 413 742 (Ep.
432 701 523 743 577),
542 701 634 732 with
652 701 710 732 his
725 702 883 742 position
899 701 1075 743 assured.]

170 809 571 841 REVERENDISSIMO
602 810 782 841 DOMINO
813 811 855 842 D.
887 810 1078 842 THOMAE
1110 809 1363 842 CARDINALI
1396 809 1449 839 ET
1480 808 1643 840 ARCHI-

520 880 734 911 EPISCOPO
765 879 1046 911 EBORACENSI
1078 879 1297 910 ERASMVS.

166 970 362 1009 SALVTEM
373 971 610 1022 plurimam,
626 973 967 1012 reuerendissime
989 972 1171 1011 Praesul.
1230 970 1359 1009 Doleo
1377 970 1485 1009 mihi
1502 983 1588 1008 non
1606 969 1702 1008 licu-

113 1034 194 1074 isse
220 1035 467 1076 familiarius
497 1051 542 1076 ac
575 1038 732 1077 diutius
756 1037 935 1089 colloqui
960 1051 1056 1076 cum
1085 1036 1329 1076 celsitudine
1355 1038 1427 1075 tua
1459 1035 1702 1085 priusquam

112 1100 311 1150 Angliam
323 1101 610 1153 relinquerem.
659 1104 904 1142 Extremam
915 1104 956 1142 et
967 1116 1134 1151 sacram,
1149 1103 1196 1141 vt
1208 1103 1367 1149 vocant,
1384 1113 1577 1140 ancoram
1588 1112 1702 1138 meae

111 1165 322 1205 felicitatis
349 1167 393 1206 in
421 1170 463 1206 te
489 1168 689 1218 fixeram3
728 1169 799 1208 sed
828 1168 998 1219 Vrgebat
1027 1167 1323 1217 Hieronymus,
1355 1180 1457 1217 opus
1486 1166 1635 1216 ingens
1662 1166 1704 1203 et

112 1230 319 1280 inclytum
351 1233 404 1280 et,
437 1233 481 1271 ni
511 1233 639 1283 fallor,
673 1247 836 1284 semper
862 1233 1081 1282 victurum,
1114 1234 1321 1283 praeterea
1354 1232 1471 1281 pium
1505 1243 1550 1269 ac
1582 1229 1703 1280 frugi·
1722 1241 1739 1272 5

111 1294 257 1335 ferum.
316 1297 368 1336 Id
394 1298 501 1337 mihi
526 1299 583 1338 sic
605 1299 720 1338 cordi
743 1301 805 1338 est
830 1301 877 1339 vt
902 1299 1000 1338 huic
1026 1299 1165 1338 omnia
1189 1296 1474 1349 posthabeam.
1531 1296 1704 1345 Semper

111 1360 189 1400 hoc
213 1361 293 1400 iter
321 1362 546 1403 obnoxium
566 1365 797 1404 latrociniis
815 1365 907 1414 fuit,
929 1366 997 1404 sed
1017 1377 1233 1414 nunquam
1259 1363 1393 1413 magis
1416 1375 1540 1413 quam
1566 1374 1703 1409 nunc;

112 1426 260 1467 deinde
278 1427 450 1468 Rhenus
470 1429 638 1469 niuibus
661 1432 808 1469 auctus
827 1431 869 1469 et
887 1429 1044 1480 pluuiis
1067 1430 1216 1468 cuncta
1235 1428 1321 1467 suis
1341 1427 1459 1477 aquis
1477 1426 1698 1474 obtexerat,

112 1492 295 1530 maxime
322 1494 426 1532 circa
448 1496 786 1546 Argentoratum,
809 1497 857 1535 vt
886 1495 1116 1534 natandum
1139 1493 1262 1533 fuerit
1284 1493 1424 1532 verius
1447 1505 1572 1543 quam
1597 1490 1704 1542 equi·

111 1556 297 1596 tandum.
360 1558 511 1600 Omnia
529 1561 769 1610 contempsi,
785 1561 908 1600 modo
927 1561 1096 1612 prodeat
1116 1559 1414 1610 Hieronymus.
1474 1557 1704 1597 Excuditur
1725 1565 1763 1588 10

111 1623 154 1660 et
187 1621 355 1662 Nouum
386 1625 699 1665 Testamentum
733 1627 948 1675 Graecum,
979 1628 1027 1665 vt
1055 1626 1106 1664 ab
1134 1625 1350 1676 Apostolis
1382 1625 1446 1663 est
1475 1624 1703 1674 scriptum3

114 1686 322 1737 Latinum,
337 1690 383 1727 vt
399 1704 422 1729 a
438 1704 505 1730 me
524 1705 703 1739 versum,
717 1705 800 1730 vna
816 1705 911 1730 cum
924 1691 1077 1730 nostris
1092 1689 1440 1730 annotationibus.
1498 1689 1704 1728 Exierunt

112 1750 197 1791 iam
235 1753 276 1792 et
312 1754 393 1793 alia
430 1757 631 1806 quaedam
662 1756 899 1796 minutiora.
973 1756 1065 1795 Hae
1099 1769 1232 1806 nugae
1266 1755 1398 1805 magis
1435 1767 1511 1793 nos
1549 1753 1704 1792 habent

113 1821 331 1868 occupatos
344 1833 390 1859 ac
402 1822 537 1871 magis
555 1822 738 1861 intentos
758 1835 883 1872 quam
901 1835 976 1861 vos
995 1822 1121 1860 ardua
1139 1822 1220 1860 ista
1239 1819 1415 1870 negocia.
1475 1819 1556 1857 His
1575 1818 1704 1869 igitur

116 1882 319 1924 absolutis
351 1887 653 1926 maturabimus
684 1887 875 1936 reditum,
908 1887 1088 1926 maxime
1121 1887 1157 1926 si
1186 1887 1259 1925 tua
1286 1885 1520 1936 benignitas
1549 1884 1703 1935 aliquid
1727 1894 1763 1925 ¹5

116 1948 286 1988 interim
315 1952 531 2001 parauerit,
558 1966 638 2003 quo
667 1953 888 2004 fatigatum
915 1952 1026 1991 hisce
1055 1951 1265 1991 laboribus
1292 1951 1480 1989 animum
1509 1949 1635 1989 simul
1664 1950 1704 1987 et

116 2027 261 2065 corpus
280 2016 568 2057 refocillemus.
627 2018 742 2057 Bene
761 2019 895 2057 valeat
918 2017 1264 2057 reuerendissima
1282 2018 1354 2056 tua
1373 2016 1612 2065 dominatio,
1636 2015 1704 2053 cui

117 2093 182 2118 me
203 2082 337 2120 totum
357 2081 447 2121 dico
468 2083 702 2133 dedicoque.

169 2145 366 2186 Basileae.
390 2160 456 2186 111.
479 2148 560 2188 Cal.
584 2149 790 2199 Septemb.
814 2151 940 2189 Anno
960 2145 1179 2200 M.D.xv[1].

498 2325 593 2366 349.
655 2323 787 2365 FRoM
820 2323 1061 2365 NIGHOLAS
1094 2322 1320 2364 GERBELL.

166 2432 349 2470 Deventer
366 2434 442 2470 MS.
461 2446 516 2481 91,
537 2436 562 2472 f.
585 2437 653 2472 160
669 2441 720 2472 v0.
1389 2432 1598 2478 Strasburg·

164 2491 236 2526 LB.
254 2492 349 2537 App.
369 2504 423 2538 29.
1329 2501 1368 2535 31
1389 2490 1535 2536 August
1555 2498 1658 2534 1515.

660 2575 745 2616 [For
759 2574 822 2606 the
837 2574 917 2605 date
935 2573 978 2605 cf.
995 2573 1057 2613 Ep.
1073 2571 1164 2613 343]

405 2681 626 2714 NICOLAVS
657 2683 933 2714 GERBELLIVS
965 2681 1143 2713 DOMINO
1173 2679 1353 2710 ERASMO
1383 2680 1417 2709 S.

172 2776 329 2813 Accu-:121
349 2773 507 2812 litteras
526 2776 619 2813 tuas
638 2774 979 2824 elegantissimas,
1001 2774 1152 2824 quibus
1175 2772 1226 2811 de
1252 2771 1497 2822 quibusdam
1515 2770 1614 2809 locis
1633 2770 1706 2821 qui

117 2839 361 2879 subobscuri
387 2839 644 2887 videbantur,
673 2840 890 2878 certiorem
916 2852 983 2877 me
1008 2837 1237 2877 reddidisti.
1293 2837 1570 2887 Postremum,
1597 2837 1705 2887 quod

164 2971 238 3001 348.
268 2979 315 3001 11.
345 2970 487 3000 Nouum
510 2967 798 3010 Testamentum]
823 2968 876 3001 cf.
991 2978 1040 3007 13.
1058 2967 1145 3008 alia]
1173 2967 1247 2998 The
1262 2970 1306 2999 De
1321 2968 1544 2998 constructione
1559 2966 1631 2998 and
1646 2967 1700 3005 A;

121 3014 185 3054 Ep.
199 3014 262 3054 384
277 3013 407 3045 introd.
945 3011 989 3043 cf.
1006 3012 1094 3052 Epp.
1113 3020 1174 3051 341
1193 3011 1265 3042 and
1280 3020 1356 3051 353.
1377 3020 1391 3040 1
1409 3021 1444 3042 n.
