2010 3417
105 172 202 227 365]
479 173 633 214 FROM
671 173 891 216 ULRICH
929 172 1043 214 VON
1081 173 1316 214 HUTTEN
1616 174 1693 213 157

103 285 203 324 mei.
269 284 516 325 Exorassem
554 286 601 323 vt
633 297 699 324 me
734 283 1044 324 commendares
1072 283 1196 323 alicui
1226 284 1393 332 Romae,
1423 283 1459 322 si
1492 283 1696 324 venissem

104 349 338 399 Basileam3
368 363 452 389 non
481 362 674 400 negasses
699 349 776 390 hoc
806 349 1108 398 beneficiolum,
1131 361 1234 400 quae
1261 350 1334 388 tua
1357 351 1418 388 est
1443 349 1693 390 humanitas.
1719 359 1758 391 30

105 416 222 464 Quod
241 415 277 455 si
296 417 422 463 vacat,
445 415 626 454 scribens
649 416 825 454 Romam
849 414 1159 454 commendabis
1185 427 1250 453 me
1274 413 1397 453 alicui
1419 427 1469 453 ex
1490 414 1695 463 litteratis,

105 481 169 520 cui
195 494 279 519 non
308 480 445 520 mulos
470 480 635 520 scabam
661 482 731 520 aut
759 493 886 532 equos
914 479 1057 519 fricem
1093 480 1163 519 sed
1194 480 1303 519 inter
1329 479 1457 520 libros
1480 481 1695 521 assideam.

108 546 201 585 Non
221 546 317 586 licet
335 545 463 596 plura.

162 611 264 650 Vale
278 611 547 650 Vuormaciae
567 611 610 649 ix
629 610 715 650 Cal.
738 609 939 648 Nouemb.

580 727 677 767 366.
737 725 802 767 To
834 725 1018 768 ULRICH
1051 727 1229 768 ZASIUS.

157 807 265 842 Basle
284 805 360 840 MS.
380 806 422 840 D.
442 805 503 840 IV.
527 807 577 841 16.
602 814 666 849 107
685 804 748 849 (a).
1402 804 1573 852 <Basle.>

157 866 200 901 D.
218 877 252 910 p.
273 875 360 909 223:
388 864 426 900 F.
445 876 479 909 p.
500 874 586 909 173:
614 863 705 899 HN:
733 862 849 898 Lond.
868 861 923 897 iii.
944 871 1007 907 50:
1036 862 1107 898 LB.
1129 864 1205 907 289.
1324 863 1508 909 <October
1528 864 1653 911 1515.)

153 940 230 981 [An
246 938 452 979 autograph,
470 938 604 978 hastily
619 938 767 969 written
785 936 855 968 and
873 936 992 968 folded
1009 947 1056 978 up
1072 940 1153 976 wet,
1174 947 1210 968 so
1228 937 1309 968 that
1325 938 1388 969 the
1404 939 1470 970 ink
1486 939 1551 970 has
1567 939 1703 970 blotted

110 993 236 1015 across.
273 983 310 1014 It
325 992 398 1014 was
414 982 586 1022 probably
601 981 790 1022 preserved
807 981 854 1020 by
870 980 1038 1011 Boniface
1056 981 1268 1020 Amorbach‚
1286 982 1368 1013 who
1385 992 1458 1013 was
1473 984 1510 1014 at
1526 983 1600 1014 this
1615 984 1703 1014 time

109 1028 146 1058 at
162 1027 342 1066 Freiburg.
392 1026 428 1057 It
450 1028 548 1057 must
570 1026 613 1056 be
632 1025 740 1056 dated
758 1026 820 1056 not
836 1024 919 1064 long
935 1024 1026 1055 after
1044 1024 1108 1064 Ep.
1123 1026 1197 1065 358,
1218 1026 1280 1056 but
1303 1027 1339 1056 at
1355 1025 1530 1057 sufficient
1547 1027 1703 1058 interval

109 1071 165 1102 for
188 1071 357 1101 Erasmus
380 1072 416 1101 to
440 1069 531 1100 have
556 1069 726 1109 expected
749 1078 794 1100 an
822 1077 961 1099 answer
988 1070 1023 1099 to
1050 1068 1130 1099 that
1154 1069 1270 1100 letter.
1327 1069 1438 1100 There
1465 1070 1496 1101 is
1518 1079 1643 1101 reason
1666 1072 1703 1101 to

110 1124 258 1154 suppose
279 1113 359 1144 that
381 1113 457 1144 this
479 1113 586 1144 letter
607 1122 680 1143 was
704 1114 766 1143 not
790 1111 971 1142 delivered
995 1113 1030 1143 to
1042 1112 1165 1143 Zasius
1188 1112 1285 1143 until
1310 1122 1405 1144 some
1430 1114 1577 1145 months
1600 1113 1704 1145 after-

110 1157 248 1196 wards3
272 1157 316 1188 cf.
333 1157 395 1197 Ep.
415 1166 489 1196 379.
510 1166 546 1188 11
565 1155 620 1196 n.]

600 1231 809 1262 ERASMVS
841 1230 971 1261 ZASIO
1002 1231 1084 1262 SVO
1116 1232 1148 1262 S.
1177 1232 1220 1262 D.

165 1302 330 1342 SCRIPSI
349 1315 422 1353 per
436 1301 682 1352 Philippum
702 1303 892 1341 nostrum
908 1315 1063 1352 perque
1083 1301 1260 1340 eundem
1282 1302 1511 1341 Enchiridii
1527 1302 1707 1343 codicem

113 1369 220 1407 dono
243 1367 352 1416 misi,
376 1380 451 1406 nec
479 1366 623 1406 dubito
649 1367 751 1418 quin
775 1368 983 1417 vtrunque
1013 1368 1225 1417 acceperis.
1288 1367 1373 1406 Nos
1392 1367 1601 1407 laboribus
1620 1381 1707 1418 pro-

111 1432 336 1484 pemodum
366 1432 592 1481 obruimur,
627 1433 667 1470 et
705 1431 871 1482 gemina
909 1431 1161 1481 difficultate,
1193 1445 1341 1483 nempe
1379 1432 1630 1484 Hieronymi
1668 1435 1709 1472 et

113 1498 222 1538 Noui
241 1498 513 1546 Testamenti,
530 1498 588 1537 sic
608 1497 898 1548 distringimur
920 1500 964 1537 vt
985 1498 1223 1537 existimem
1240 1497 1413 1538 Herculi
1427 1498 1568 1538 minus
1581 1499 1708 1538 fuisse

112 1563 272 1614 negocii
300 1576 396 1603 cum
426 1565 588 1603 excetra
617 1565 659 1602 et
687 1575 844 1602 cancr0.
906 1563 999 1603 Non
1028 1564 1244 1614 potuimus
1279 1566 1418 1603 tamen
1448 1564 1707 1604 committere
1729 1578 1744 1609 5

113 1629 214 1681 quin
245 1628 610 1680 incomparabilem
648 1629 830 1667 amicum
862 1628 1030 1668 Zasium
1062 1629 1129 1668 vel
1159 1629 1447 1668 salutaremus.
1516 1630 1598 1668 Per
1634 1629 1711 1668 hos

113 1694 274 1734 labores
293 1707 378 1733 non
397 1693 493 1733 licet
511 1693 595 1733 vllo
616 1694 699 1732 frui
718 1694 860 1743 amico,
885 1707 980 1733 cum
999 1695 1087 1733 tam
1113 1694 1268 1733 multos
1294 1695 1442 1734 habeat
1463 1694 1708 1740 Germania;

115 1759 185 1798 sed
206 1759 320 1798 dabit
340 1759 441 1798 deus
460 1759 527 1798 his
547 1773 708 1809 quoque
728 1759 868 1797 finem.
928 1758 993 1798 Tu
1008 1759 1044 1797 si
1065 1772 1158 1798 cum
1179 1760 1265 1798 tuis
1285 1761 1394 1798 recte
1408 1760 1534 1809 vales,
1551 1760 1615 1798 fac
1634 1772 1710 1798 nos

116 1826 200 1864 tuis
219 1824 368 1864 litteris
388 1826 591 1873 certiores,
617 1839 696 1875 quo
721 1825 852 1874 magis
883 1825 1145 1874 gaudeamus.
1207 1825 1322 1864 Bene
1348 1824 1450 1873 vale,
1473 1824 1711 1864 doctissime

118 1890 222 1930 Zasi.
281 1882 335 1929 Μ.
357 1889 553 1940 Philippo
574 1890 752 1929 salutem
772 1903 822 1928 ex
842 1903 907 1928 me
927 1889 1063 1929 dicito.
1733 1902 1771 1924 10

173 1955 387 1995 Resalutat
406 1957 447 1994 te
466 1955 622 1994 Beatus
643 1968 819 2006 cumque
839 1968 885 1993 eo
906 1956 1019 1994 totus
1038 1955 1105 1994 hic
1125 1955 1381 1994 eruditorum
1403 1955 1560 1995 chorus.

227 2018 327 2074 [An.
351 2018 572 2073 M.D.xvr1.]

173 2085 339 2126 Eximio
359 2085 401 2124 ll.
425 2085 647 2136 professori
674 2085 868 2124 Vdalrico
890 2085 1021 2134 Zasio,
1052 2085 1220 2124 domino
1245 2088 1286 2124 et
1312 2086 1442 2125 amico
1462 2086 1713 2137 incompara-

117 2150 201 2191 bili.
263 2151 465 2201 Friburgi.

562 2215 658 2256 367«.
720 2214 852 2256 FROM
884 2214 1072 2256 ULRICH
1105 2215 1280 2256 ZAsrus.

167 2306 352 2342 Deventer
370 2305 445 2340 MS.
466 2314 522 2350 91,
543 2305 566 2340 f.
590 2314 666 2350 139.
1398 2305 1592 2352 Freiburg.

167 2364 240 2399 LB.
257 2364 354 2409 App.
373 2373 429 2408 35.
1322 2373 1366 2408 30
1383 2362 1544 2398 October
1565 2372 1665 2408 1515.

354 2431 443 2472 [The
460 2432 542 2463 date
559 2433 590 2463 is
606 2431 802 2464 confirmed
818 2433 865 2472 by
881 2433 941 2464 the
957 2432 1125 2472 wedding
1139 2444 1147 2472 ;
1171 2433 1212 2464 cf.
1232 2432 1318 2472 Epp.
1339 2432 1466 2473 357‚8.]

255 2517 512 2549 VDALRICVS
544 2518 700 2549 ZASIVS
732 2519 910 2550 DOMINO
940 2518 1119 2550 ERASMO
1150 2519 1257 2549 SESE
1288 2518 1582 2550 COMMENDAT.

178 2588 373 2627 SALVTEM
399 2587 505 2626 mihi
530 2589 667 2626 verbis
691 2589 787 2636 tuis,
818 2601 967 2638 magne
994 2589 1175 2636 Erasme,
1202 2588 1480 2638 praesentium
1510 2586 1715 2625 exhibitor

125 2651 347 2692 Acchatius
360 2651 512 2699 attulit,
529 2652 830 2702 optatissimam
846 2653 962 2691 illam
977 2653 1156 2703 quidem,
1174 2653 1245 2692 sed
1267 2653 1332 2691 cui
1351 2654 1443 2691 tuas
1459 2651 1716 2691 dulcissimas

125 2717 287 2756 litteras
309 2716 606 2766 praetulissem.
667 2717 784 2765 Quod
811 2719 954 2756 tamen
981 2717 1253 2757 subuerenter
1276 2716 1472 2766 significo,
1496 2729 1548 2755 ne
1566 2716 1714 2767 impor-

125 2782 271 2821 tunius
300 2782 371 2820 tua
404 2780 583 2830 benigna
615 2781 873 2820 humanitate
905 2781 1021 2820 abuti
1050 2782 1199 2821 videar.
1261 2782 1353 2820 Scio
1377 2781 1489 2820 em'm
1518 2781 1716 2831 grauibus

169 2869 244 2899 366.
271 2879 300 2907 4.
326 2869 366 2898 vt
381 2869 481 2898 aFH:
505 2867 532 2898 &
549 2870 584 2906 F,
600 2870 636 2897 in
653 2869 844 2906 quibusdam
860 2870 1094 2904 exemplaribvs.
1257 2868 1287 2898 6.
1314 2865 1391 2897 aN³
1405 2878 1411 2899 :
1436 2866 1634 2898 salutemus
1649 2866 1710 2899 N2.

128 2922 158 2951 7.
182 2913 256 2943 tam
272 2914 357 2942 aH:
380 2912 502 2942 tamen
519 2914 556 2941 D.
746 2921 794 2942 10.
823 2911 872 2942 M.
889 2921 945 2941 om.
965 2913 1006 2941 H.
1229 2920 1277 2941 12.
1302 2910 1370 2942 An.
1391 2919 1559 2943 M.D.XVI1.
1576 2913 1649 2943 add.
1669 2913 1711 2942 H.

130 2965 178 2995 13.
206 2955 347 2986 Eximio
364 2978 371 2986 .
391 2978 399 2985 .
417 2978 424 2985 .
447 2964 494 2991 14.
511 2954 677 2994 Friburgi
695 2964 752 2985 om.
769 2957 807 2985 D.

170 3032 248 3063 366.
269 3042 296 3063 1.
324 3030 552 3072 Philippum]
571 3030 806 3071 Engentinus.
855 3031 885 3062 D
903 3034 936 3061 z'n
953 3041 1051 3069 mara.
1190 3031 1219 3061 8.
1245 3030 1360 3072 dabit]
1377 3031 1478 3072 Verg.
1498 3034 1580 3064 Aen.
1599 3041 1626 3064 1.
1643 3041 1713 3072 199.
