2010 3417
140 132 240 187 429]
542 134 693 173 FROM
731 132 986 173 ANDREW
1022 132 1327 172 AMMONIUS
1647 131 1725 169 267

139 243 407 294 magnificum
427 243 622 291 conferri,
642 243 750 294 quod
771 243 933 281 meritis
956 244 1250 292 comparatum,
1273 243 1318 280 vt
1343 242 1402 280 ita
1421 241 1566 289 dicam,
1590 241 1726 291 parui-
1750 250 1787 281 15

140 309 267 348 ficum
288 323 372 348 non
392 309 447 347 sit
468 308 713 347 habendum.

196 374 275 414 Sed
296 387 442 422 coram,
464 376 510 413 vt
530 376 575 412 tu
603 374 674 419 ais,
698 373 849 412 melius
869 373 920 412 de
943 373 1011 411 his
1034 372 1292 423 nugabimur.
1348 371 1479 410 Valde
1508 372 1575 411 hic
1599 385 1683 410 non
1706 384 1729 409 a

141 453 210 479 me
230 440 368 478 solum
387 439 456 478 sed
478 439 528 478 ab
548 439 745 478 omnibus
768 439 1004 489 expectaris.
1059 438 1156 488 Ipse
1176 450 1336 488 quoque
1357 437 1553 485 Larchus,
1576 437 1648 487 qui
1667 438 1729 475 est

141 505 250 555 apud
271 505 571 544 Eboracensem
592 517 794 551 summus,
821 503 1119 543 munusculum
1140 503 1218 541 tibi
1246 503 1526 541 aduentitium
1557 503 1731 541 destina-

142 571 214 610 uit.
274 570 491 610 Caeterum
514 583 612 608 cura
639 571 678 607 te
705 568 850 607 amabo
879 568 1112 619 diligenter.
1186 568 1308 606 Sexto
1339 567 1474 607 Galen.
1509 567 1730 616 Quintiles,
1752 578 1792 598 20

142 636 211 675 odi
231 635 343 675 enim
362 635 577 674 Iulianum
598 647 764 673 nomen.
822 634 881 671 Ex
902 634 1144 672 Vuestmon.
1207 631 1350 686 [Anno
1367 631 1549 685 M.D.xv.]

614 777 709 816 430.
769 775 901 816 FROM
933 774 1058 815 JOHN
1091 774 1263 815 Slxrm.

190 867 373 903 Deventer
392 867 468 902 ΜΞ.
486 878 540 913 91,
560 868 584 902 f.
607 877 684 913 153.
1435 865 1598 900 London.

191 924 264 959 LB.
281 925 377 971 App.
398 937 476 971 494.
1351 923 1396 958 26
1415 923 1511 959 June
1533 921 1684 969 (1516).

148 1049 154 1055 .
186 1005 299 1090 1ἓΤΙὲίει]
309 1006 380 1037 and
398 1006 458 1046 Ep.
479 1015 539 1045 431
557 1005 695 1046 plainly
712 1005 849 1037 formed
866 1007 945 1045 part
963 1004 1001 1036 of
1014 1003 1198 1043 Meghen’s
1215 1003 1487 1043 return-budget
1503 1015 1510 1042 ;
1529 1003 1572 1034 cf.
1590 1003 1654 1042 Ep.
1671 1012 1734 1040 412

144 1059 183 1080 ln
204 1059 243 1080 ro
271 1073 278 1080 .

461 1114 656 1145 IOANNES
688 1113 896 1145 SIXTINVS
928 1113 1106 1143 ERASMO
1139 1113 1221 1143 SVO
1253 1113 1285 1143 S.
1313 1114 1351 1144 P.
1378 1114 1420 1143 D.

199 1190 292 1229 evm
325 1189 594 1228 monoculum
621 1191 812 1228 nostrum
833 1189 884 1228 ob
913 1190 1094 1227 veterem
1123 1187 1450 1227 familiaritatem
1470 1187 1728 1238 perlibenter.

144 1258 237 1294 tum
256 1255 333 1293 hoc
353 1255 487 1293 multo
502 1255 696 1293 libentius
709 1254 809 1303 vidi,
828 1254 936 1305 quod
948 1255 1010 1293 vti
1026 1254 1183 1304 optimo
1203 1256 1244 1292 et
1265 1253 1560 1292 candidissimo
1576 1253 1733 1302 cuique,

144 1321 202 1360 ita
220 1321 327 1359 mihi
355 1334 513 1371 quoque
534 1320 883 1359 iucundissimum
912 1322 954 1358 et
973 1320 1259 1370 gratissimum
1277 1319 1422 1358 attulit
1446 1319 1649 1357 nuncium
1679 1331 1735 1355 re-

146 1387 258 1425 ditus
278 1385 341 1424 tui
351 1400 361 1434 3
391 1399 514 1436 quem
534 1385 586 1424 ob
599 1385 763 1424 viarum
775 1385 956 1436 pericula
974 1386 1053 1423 hoc
1073 1385 1240 1435 quidem
1253 1387 1437 1434 tempore
1452 1383 1730 1434 desperabam.

146 1450 341 1492 Gratulor
360 1451 498 1501 itaque
517 1451 674 1490 mirum
693 1451 738 1489 in
757 1451 931 1490 modum
943 1450 1170 1489 reuersioni
1184 1452 1290 1498 tuae,
1311 1463 1548 1500 quanquam
1567 1449 1735 1488 aduersa
1756 1457 1772 1486 5

145 1520 217 1556 tua
247 1516 440 1555 valetudo
471 1516 666 1554 nonnihil
696 1516 901 1564 sollicitat,
935 1529 1015 1566 qua
1045 1518 1186 1555 tamen
1211 1515 1449 1565 propediem
1487 1514 1736 1554 confidimus

144 1585 186 1621 te
206 1582 394 1621 leuatum
414 1581 488 1620 iri:
509 1581 742 1630 leuiculam,
767 1595 852 1620 non
870 1594 1050 1632 grauem,
1075 1594 1164 1619 eam
1186 1580 1335 1619 Petrus
1354 1580 1490 1619 refert.
1519 1581 1611 1629 Ago
1628 1579 1737 1629 quod

149 1647 272 1695 soleo,
296 1659 436 1685 causas
457 1646 626 1694 scilicet,
650 1647 845 1685 molestas
867 1647 962 1685 illas
984 1646 1162 1697 quidem,
1187 1646 1257 1684 sed
1282 1648 1424 1684 tamen
1445 1645 1495 1683 ob
1522 1645 1738 1694 quaestum

146 1713 289 1750 minus
303 1725 459 1761 graues.
517 1712 719 1750 Ioannem
739 1713 929 1750 nostrum
949 1711 1237 1750 Coloniensem
1255 1710 1336 1749 leta
1354 1712 1395 1749 et
1415 1711 1529 1760 grata
1546 1709 1630 1747 tuis
1648 1721 1738 1747 ver-

147 1777 213 1816 bis
246 1776 378 1815 salute
408 1777 626 1826 impertiar
656 1777 724 1814 vel
753 1777 928 1815 crastino
945 1791 954 1824 3
983 1789 1080 1815 nam
1112 1775 1222 1813 hunc
1249 1777 1344 1814 ante
1379 1775 1489 1813 diem
1521 1787 1605 1812 non
1638 1775 1737 1812 sunt
1761 1782 1800 1803 10

149 1841 333 1881 redditae
353 1841 459 1879 mihi
474 1843 568 1879 tuae
583 1841 754 1880 litterae.
801 1841 1103 1880 Cancellarium
1122 1838 1198 1891 (et)
1217 1841 1468 1890 Episcopum
1488 1839 1738 1878 Theatinum

147 1906 304 1957 gaudeo
324 1909 365 1945 te
385 1905 624 1944 conuenisse
643 1920 651 1953 3
690 1919 864 1956 quorum
883 1905 954 1944 1110
974 1906 1052 1944 1100
1071 1908 1164 1955 post
1184 1908 1305 1944 tuum
1325 1905 1550 1944 discessum
1569 1906 1631 1943 est
1650 1904 1738 1943 ade-

149 1975 257 2023 ptus,
273 1974 320 2011 vt
340 1972 436 2023 plus
452 1984 575 2022 quam
595 1973 712 2010 antea
731 1971 922 2021 prodesse
942 1970 1086 2009 amicis
1101 1970 1243 2020 possit,
1262 1970 1466 2020 siquidem
1481 1969 1736 2009 scriniorum

150 2038 348 2088 Magister
367 2036 557 2076 omnium
577 2036 785 2086 suffragiis
805 2036 1078 2086 omnibusque
1106 2035 1380 2086 gaudentibus
1409 2037 1471 2073 est
1497 2034 1733 2073 declaratus.

151 2104 380 2153 Desyderio
398 2102 519 2141 istius
539 2102 718 2152 regionis
737 2114 906 2140 moueor
920 2114 1031 2149 sane,
1055 2101 1124 2139 sed
1146 2101 1247 2150 Regi
1267 2103 1409 2139 nostro
1427 2100 1596 2150 optimo,
1618 2098 1740 2137 maxi·
1763 2110 1799 2141 15

150 2182 230 2218 mo,
247 2167 492 2219 gratissimo,
515 2166 823 2206 humanissimo
843 2166 902 2205 sic
921 2179 1016 2205 sum
1036 2165 1166 2216 ipsius
1180 2178 1275 2216 erga
1287 2179 1354 2204 me
1366 2165 1525 2204 meritis
1540 2164 1738 2211 addictus,

149 2236 198 2273 vt
226 2247 324 2284 prae
354 2246 401 2271 eo
428 2234 619 2283 parentes
646 2231 698 2281 (si
725 2231 1003 2281 reuiuiscant),
1025 2231 1214 2281 patriam,
1238 2231 1393 2278 fratres,
1425 2231 1675 2280 propinquos
1701 2231 1741 2267 et

152 2299 292 2338 omnia
310 2299 429 2338 facile
450 2300 728 2337 contemnam.
774 2297 928 2336 Omnes
946 2297 1008 2335 tui
1028 2297 1095 2335 hic
1116 2296 1339 2335 bellissime
1354 2295 1495 2336 valent
1513 2310 1523 2344 3
1551 2309 1574 2334 a
1593 2294 1742 2346 quibus

153 2365 297 2414 opinor
316 2366 358 2403 te
376 2364 538 2403 litteras
555 2364 831 2413 accepturum.
892 2362 1039 2402 Valeat
1058 2364 1128 2401 tua
1147 2362 1400 2411 praestantia
1418 2361 1666 2400 felicissime.

209 2429 392 2468 Londini
411 2431 433 2467 6
455 2430 539 2469 Cal.
562 2429 706 2468 Iulias.
1764 2436 1803 2456 20

208 2493 319 2532 Huic
339 2493 463 2534 fidem
481 2494 651 2532 habebis
671 2506 771 2544 quae
790 2492 869 2532 tibi
887 2492 1054 2531 nomine
1075 2505 1166 2530 meo
1187 2491 1346 2530 dixerit.

199 2591 272 2621 429.
300 2599 350 2621 21.
376 2591 484 2621 Anno
501 2599 634 2622 mlxxv.
650 2593 723 2621 add.
740 2593 781 2621 H.
868 2590 942 2620 430.
969 2599 1018 2620 11.
1043 2591 1078 2619 et
1093 2591 1167 2619 add.
1184 2590 1248 2619 LB.
1345 2597 1393 2626 17.
1417 2588 1585 2632 parentes
1600 2587 1741 2616 Nichols:

155 2635 260 2675 pfites
275 2636 356 2672 MS„
371 2636 482 2664 scilicet
490 2643 549 2670 pro
564 2634 684 2673 pfxtes:
711 2633 913 2672 praesentes
929 2634 991 2664 LB.
1043 2633 1086 2669 Of.
1102 2634 1160 2669 Ep.
1180 2640 1255 2671 591.
1272 2639 1313 2669 23
1327 2640 1360 2662 n.
1454 2639 1502 2669 19.
1526 2629 1656 2669 pstatia
1671 2630 1741 2660 MS.

198 2735 274 2765 429.
295 2734 344 2765 18.
362 2732 536 2773 Larchus]
561 2732 625 2772 Ep.
642 2733 715 2772 283.
734 2733 795 2762 166
811 2742 848 2763 n.
985 2730 1093 2761 much
1109 2730 1173 2761 the
1186 2738 1282 2761 same
1295 2731 1406 2760 terms
1423 2738 1460 2759 as
1475 2729 1539 2768 Ep.
1555 2737 1628 2767 412.
1643 2736 1739 2767 51-3.

199 2788 251 2810 21.
272 2775 474 2816 Iulianum]
499 2775 675 2815 Probably
697 2785 717 2806 a
737 2775 916 2806 reference
984 2774 1021 2805 It
1045 2782 1203 2813 appears,
1233 2772 1423 2811 therefore,
1450 2772 1531 2802 that
1558 2774 1596 2802 to
1621 2771 1741 2802 Sixtin

156 2824 193 2853 to
224 2821 345 2853 Julius
370 2830 409 2851 11.
468 2820 683 2851 Ammonius
711 2828 794 2858 may
826 2818 916 2848 have
984 2817 1060 2848 this
1075 2817 1155 2847 title
1169 2817 1290 2847 meant
1304 2815 1476 2855 Tunstall‚
1494 2815 1576 2846 who
1591 2814 1663 2845 had
1678 2815 1740 2845 the

155 2865 229 2897 had
242 2864 486 2905 expectations
497 2863 591 2893 from
606 2863 693 2902 him,
708 2861 828 2892 which
844 2860 917 2891 had
986 2860 1083 2900 right
1098 2861 1134 2890 to
1151 2869 1212 2890 use
1228 2859 1258 2890 it
1276 2859 1357 2899 (Ep.
1376 2869 1449 2898 207.
1470 2869 1511 2889 22
1526 2857 1591 2898 n.),
1607 2857 1679 2889 and
1702 2858 1738 2888 to

157 2911 220 2941 not
235 2908 327 2939 been
343 2906 496 2938 fulfilled
511 2917 518 2945 ;
535 2905 578 2937 cf.
597 2906 658 2946 Ep.
676 2915 749 2944 243.
766 2914 885 2944 25—32.
984 2903 1104 2934 whom
1134 2904 1163 2934 it
1196 2903 1226 2934 is
1248 2902 1404 2942 actually
1427 2902 1569 2942 applied
1600 2904 1636 2933 at
1667 2902 1740 2932 this

200 2952 276 2984 430.
313 2960 362 2982 11.
399 2949 674 2990 Cancellarium]
706 2949 780 2979 The
811 2948 917 2978 letter
984 2948 1073 2978 time
1091 2946 1148 2985 (cf.
1165 2956 1200 2986 p.
1216 2947 1310 2986 350).

156 2997 243 3028 here
254 2993 437 3027 answered
448 3003 520 3025 was
529 2993 701 3034 probably
714 2991 915 3024 couchedin
1030 3000 1080 3029 13.
1099 2989 1335 3030 Scriniorum]
1362 2989 1412 3021 Cf.
1429 2989 1491 3029 Ep.
1509 2999 1583 3028 424.
1602 2989 1654 3019 80.
