2010 3417
255 166 334 205 404
723 165 970 204 LETTERS
1010 164 1080 203 OF
1114 163 1380 203 ERASMUS
1720 163 1759 217 [1
1769 174 1789 212 5
1799 177 1813 201 1
1823 165 1845 201 6

257 275 418 327 λογοῦσί
451 291 490 312 τε
528 274 588 311 καὶ
624 275 700 313 τοῖς
735 276 808 311 τῶν
846 276 978 321 σοφῶν
1010 273 1305 324 συγγράμμασιν
1336 273 1503 321 ἄντικρυς
1540 272 1771 321 ἇπηντηκόσι
1801 274 1849 311 τὰ

257 340 513 392 ἀγκυροβόλια
543 342 615 378 τῶν
648 338 806 377 ἐλπίδων
837 342 874 376 ἐν
908 339 1014 390 σάλῳ
1043 341 1109 377 τοῦ
1145 338 1234 387 βίου
1270 337 1371 376 τουδὶ
1410 337 1596 378 εὐσταθῶς
1634 336 1851 386 ε’ρήρεισται.

174 405 235 444 485
256 406 367 455 “Ημῖν
392 405 431 443 δὲ
455 407 531 445 τοῖς
559 406 659 443 οὔπω
688 406 754 453 τῆς
772 405 1008 453 φιλοσοφίας
1037 407 1184 454 καρπῶν
1203 405 1467 442 ἇπολαύσασιν
1489 404 1513 452 ἤ
1539 420 1579 441 τε
1608 403 1853 452 συνοικούσης

255 471 425 523 γυναικὸς
444 471 503 508 καὶ
521 473 593 508 τῶν
612 471 801 518 φιλτάτων
821 471 949 521 ἀγάπη
969 473 1008 508 ἐν
1025 471 1192 521 τοσούτῳ
1212 471 1447 520 παρενοχλεῖ.
1495 469 1612 517 Quod
1633 469 1669 506 Si
1688 467 1852 518 quando

256 537 326 576 isti
355 537 609 574 inauratores
633 535 851 574 vendicare
879 537 921 574 te
950 535 1030 573 sibi
1058 535 1290 574 institerint
1314 535 1438 584 (absit
1466 535 1580 573 enim
1599 536 1647 572 vt
1665 534 1778 573 vltro
1807 533 1852 571 in

256 614 397 640 eorum
434 603 476 639 te
514 601 759 639 seruitutem
798 602 840 638 et
877 600 1132 650 mancipium
1171 599 1362 649 addicas),
1402 600 1491 649 ipsa
1528 599 1751 638 hominum
1782 597 1852 637 vel

257 667 443 705 virorum
469 666 607 716 potius
631 665 823 704 assertrix
850 666 1122 715 philosophia,
1148 678 1250 715 quae
1277 665 1383 703 mihi
1408 665 1610 704 hactenus
1629 665 1675 703 in
1698 663 1853 702 iudicio

176 748 240 782 490
258 732 494 771 assertionis
522 732 652 779 affuit,
675 732 958 783 παραγράφεται
987 731 1025 769 εὖ
1051 730 1116 769 οἶδ’
1136 733 1192 770 ὅτι
1210 731 1385 769 τουτουσὶ
1409 731 1493 771 τοὺς
1512 730 1849 782 δουλαγωγοῦντας,

260 799 319 836 καὶ
345 799 393 849 τῇ
419 798 650 847 μακροτάτου
678 798 813 848 χρόνου
841 800 1072 848 παραγραφῇ
1100 799 1362 847 ἀντεχομένους
1391 799 1461 834 σοῦ
1490 796 1746 846 διακρούσεται
1770 795 1854 836 τοὺς

258 863 497 914 χρυσοὸότας.
557 862 631 901 Sin
657 864 702 900 tu
731 862 1029 911 ἐθελοδουλήσας
1053 864 1144 900 ποτὲ
1169 864 1303 900 status
1328 862 1391 900 tui
1416 862 1740 900 controuersiam
1766 860 1854 911 pati

259 943 343 968 non
373 928 583 975 recusaris,
614 928 779 966 aliudue
809 928 1019 978 quippiam
1050 928 1095 966 in
1123 928 1246 966 istius
1275 927 1484 966 doctrinae
1513 926 1853 977 suggillationem

258 994 484 1041 admiseris,
520 993 722 1032 denuncio
762 1006 830 1031 me
863 993 939 1031 tibi
973 993 1251 1032 oblocutorem
1284 994 1533 1031 acerrimum
1565 993 1766 1040 futurum,
1802 1004 1854 1030 ne

176 1071 239 1103 495
259 1060 369 1098 dicas
396 1073 480 1098 non
509 1058 778 1108 praedictum.

312 1125 373 1164 Eo
402 1125 467 1163 die
494 1138 576 1174 quo
606 1125 704 1162 haec
741 1124 885 1174 scripsi
914 1127 1006 1173 post
1034 1124 1248 1163 meridiem
1277 1124 1505 1163 Ascensius
1535 1123 1691 1162 Badius
1730 1123 1854 1162 dedu·

260 1190 408 1229 cendos
441 1191 491 1228 ad
525 1203 591 1228 me
626 1190 784 1228 curauit
820 1190 982 1228 nobiles
1015 1190 1118 1229 duos
1146 1190 1268 1237 viros,
1304 1190 1483 1228 alterum
1518 1187 1852 1238 Neapolitanum,

260 1254 436 1294 alterum
456 1255 718 1306 Hispanum:
750 1268 927 1304 quorum
956 1256 1126 1294 nomina
1154 1256 1189 1293 si
1216 1257 1412 1301 tenerem,
1442 1254 1540 1292 huic
1570 1254 1766 1303 epistolae
1795 1254 1854 1292 in-

260 1320 491 1359 seruissem.
545 1320 584 1358 Ii
603 1334 743 1358 amore
764 1321 978 1358 literarum
997 1321 1111 1359 ducti
1132 1321 1182 1358 ad
1203 1334 1269 1358 me
1290 1334 1333 1358 se
1352 1319 1513 1358 venisse
1533 1320 1710 1368 aiebant,
1728 1320 1855 1367 fama,

179 1396 241 1428 500
261 1385 636 1435 quantulacumque
649 1386 720 1431 est,
738 1385 920 1424 nominis
936 1386 1067 1423 nostri
1079 1385 1255 1424 excitati.
1292 1385 1373 1424 His
1386 1386 1529 1424 literas
1542 1386 1592 1424 ad
1605 1387 1647 1423 te
1659 1385 1856 1424 daturum

261 1463 328 1489 me
347 1451 546 1500 spopondi
563 1465 571 1498 ;
600 1451 775 1489 auebant
794 1452 905 1489 enim
932 1453 973 1488 te
991 1452 1142 1497 videre,
1163 1454 1210 1490 vt
1236 1465 1286 1490 ex
1306 1453 1357 1490 iis
1379 1452 1578 1490 intellexi.
1637 1451 1856 1490 Habebam

260 1516 476 1565 epistolam
505 1517 549 1554 in
578 1516 728 1554 scheda
755 1517 1050 1565 compositam:
1079 1517 1186 1555 hanc
1212 1517 1257 1555 in
1283 1530 1385 1566 pura
1404 1517 1546 1555 charta
1570 1517 1724 1555 iterum
1750 1516 1856 1555 mihi

261 1581 436 1621 scribere
455 1594 618 1620 necesse
637 1581 742 1619 fuit:
771 1583 813 1618 et
835 1582 1030 1630 quoniam
1057 1582 1255 1631 postridie
1280 1595 1401 1621 mane
1421 1583 1671 1621 discessuros
1691 1595 1734 1620 se
1755 1582 1856 1621 dice-

259 1646 371 1694 bant,
395 1648 487 1695 post
515 1659 682 1684 coenam
712 1646 938 1695 lucubrare,
962 1647 1003 1685 id
1029 1647 1136 1697 quod
1165 1661 1379 1698 nunquam
1405 1648 1525 1695 soleo,
1548 1647 1673 1686 homo
1700 1647 1857 1686 scilicet

181 1721 241 1753 505
261 1710 565 1761 grauedinosus,
589 1713 634 1748 vt
661 1710 696 1748 si
716 1711 809 1760 quis
829 1725 1023 1761 vnquam.
1085 1712 1128 1751 Si
1159 1712 1287 1762 igitur
1315 1713 1392 1751 hae
1417 1713 1467 1751 ad
1494 1715 1535 1751 te
1560 1715 1854 1762 peruenerunt,

261 1777 383 1815 facito
411 1775 621 1826 vt'primo
650 1789 811 1826 quoque
841 1779 1027 1826 tempore
1061 1778 1201 1826 sciam,
1232 1791 1285 1816 ne
1318 1791 1386 1816 me
1415 1778 1599 1817 laborem
1630 1777 1858 1828 perdidisse

262 1841 423 1880 doleam
444 1843 485 1880 et
504 1841 728 1881 Deloinum
758 1843 960 1889 nostrum,
984 1843 1055 1892 qui
1080 1842 1131 1881 ad
1157 1843 1337 1882 multam
1364 1845 1528 1882 noctem
1552 1843 1692 1882 literas
1718 1843 1768 1881 ad
1789 1855 1858 1881 me

262 1906 389 1953 misit,
432 1919 534 1956 quae
571 1906 834 1945 tabellarium
874 1907 1158 1957 expectabant.
1216 1909 1486 1961 Κακογραφίας
1525 1910 1735 1958 σφάλματα
1771 1921 1857 1947 non

262 1983 425 2010 necesse
450 1971 581 2010 habeo
600 1971 816 2021 deprecari,
841 1985 936 2010 cum
956 1974 998 2010 et
1017 1975 1143 2011 noctu
1170 1975 1211 2011 et
1236 1974 1429 2012 festinate
1458 1973 1706 2023 scripserim,
1727 1972 1858 2012 oculis

181 2046 245 2079 510
263 2035 561 2075 cecutientibus
579 2039 672 2086 post
688 2037 835 2075 cibum.
874 2036 1048 2087 Ἔρρωσο
1063 2040 1178 2077 πάλιν
1193 2040 1383 2089 φιλείρων,
1399 2041 1470 2090 qui
1485 2041 1526 2077 te
1541 2052 1625 2078 non
1640 2038 1858 2077 Budaeum

262 2114 350 2140 esse
377 2101 492 2149 dicis,
523 2101 593 2139 sed
623 2101 859 2149 Erasmum,
889 2116 962 2141 nec
991 2104 1175 2142 cuiusuis
1208 2117 1307 2150 esse,
1340 2105 1382 2143 id
1413 2106 1476 2143 est
1503 2104 1578 2153 tui,
1610 2103 1857 2142 Corinthum

263 2167 386 2205 adire.
431 2165 534 2204 Vale
553 2166 677 2205 etiam
698 2180 808 2205 nunc
828 2168 980 2206 iterum
1002 2169 1061 2206 καὶ
1076 2169 1235 2207 διατέλει
1250 2171 1295 2207 τὰ
1310 2171 1402 2219 πρὸς
1419 2170 1503 2209 τοὺς
1517 2170 1703 2221 γενναίους
1721 2169 1858 2220 λόγους

266 2232 325 2269 καὶ
345 2232 546 2280 σωτηρίους
564 2230 762 2270 διευθετῶν.
822 2232 1005 2280 Parisiis,
1027 2236 1142 2272 sexto
1162 2235 1245 2274 Cal.
1269 2235 1563 2276 †Nouembris.

318 2295 461 2334 Habeo
478 2296 840 2336 annotatiunculas
855 2298 1011 2347 aliquot
1027 2299 1070 2336 in
1086 2299 1254 2338 Nouum
1269 2300 1598 2348 Testamentum,
1617 2311 1719 2348 quas
1733 2311 1858 2337 anno·

187 2368 246 2400 515
265 2361 491 2400 tationibus
521 2361 566 2399 in
596 2362 835 2410 PandectaS,
867 2376 967 2411 quas
1005 2363 1225 2413 aliquando
1257 2365 1443 2403 editurus
1480 2377 1585 2412 sum,
1618 2364 1859 2402 inserendas

265 2424 499 2464 seruabam:
534 2426 605 2464 sed
634 2429 727 2475 post
755 2429 795 2464 te
824 2427 998 2466 verbum
1027 2441 1241 2478 nunquam
1270 2429 1428 2477 faciam,
1461 2441 1512 2467 ne
1540 2429 1743 2467 absurdus
1770 2441 1859 2467 esse

266 2491 414 2539 videar,
448 2491 484 2529 si
520 2493 614 2541 post
647 2491 880 2531 Homerum
919 2506 1075 2531 errores
1107 2493 1271 2544 Vlyssis
1310 2495 1495 2542 scribam,
1534 2496 1576 2532 et
1615 2494 1768 2545 alioqui
1805 2506 1858 2532 ne

311 2616 386 2655 483.
422 2617 465 2650 B:
504 2615 735 2657 συγγράμμασι
769 2620 797 2648 C.
965 2620 1038 2657 484.
1082 2619 1115 2649 ἐν
1146 2619 1236 2658 σάλῳ
1267 2620 1309 2653 Β;
1349 2619 1381 2650 ἐν
1413 2618 1476 2659 ’γὰρ
1506 2619 1600 2652 GN³:
1639 2619 1673 2650 ἐν
1703 2620 1770 2650 τοῖς
1800 2618 1858 2652 N’.

270 2659 342 2698 485.
369 2657 454 2689 οὔπω
470 2661 511 2693 B:
537 2660 578 2698 μὴ
596 2659 680 2691 οὔπω
699 2664 729 2693 C.
819 2663 892 2699 486.
916 2662 1062 2701 ’γυναικὸς
1078 2673 1133 2693 om.
1153 2664 1187 2697 β.
1260 2663 1293 2693 ὲν
1310 2662 1456 2701 τοσούτῳ
1472 2666 1547 2695 add.
1563 2665 1598 2698 β.
1686 2673 1761 2702 491.
1785 2661 1859 2694 τοὺς

272 2702 468 2741 χρυσοδότας
484 2706 556 2734 adol.
573 2706 608 2737 β.
775 2715 836 2743 494
872 2705 1110 2737 oblocutorem
1130 2709 1170 2737 C:
1194 2707 1471 2738 obtrectatorem
1487 2708 1521 2741 β.
1686 2715 1759 2745 505.
1784 2707 1836 2741 ΟΒ
1851 2717 1858 2737 2

271 2747 500 2784 peruenerint
515 2749 553 2777 F.
686 2757 760 2786 511.
785 2749 840 2779 tui
859 2752 895 2780 C:
923 2752 1027 2780 tuum
1044 2751 1076 2783 β.

312 2888 384 2916 497.
411 2879 497 2909 duos
519 2879 629 2919 viros]
654 2879 729 2910 One
754 2879 792 2910 of
812 2880 925 2917 these,
948 2890 1025 2920 pro·
1138 2890 1212 2920 507.
1235 2879 1373 2921 literas]
1398 2881 1461 2920 Ep.
1480 2890 1553 2920 494.

269 2920 375 2958 bably
404 2922 466 2951 the
503 2922 669 2953 so-called
701 2923 921 2962 Neapolitan,
955 2933 1026 2954 was
1134 2933 1207 2962 515.
1221 2924 1260 2954 in
1272 2923 1705 2964 Pandectas]'1'hesecond
1717 2924 1856 2955 edition

270 2963 405 2994 Marian
433 2966 566 2996 Accard
593 2965 672 3005 (Ep.
700 2968 801 3007 544);
834 2967 896 2997 the
924 2968 1026 2997 other
1094 2967 1132 2997 of
1162 2968 1235 2997 this
1260 2967 1359 2998 work
1384 2968 1414 2997 is
1441 2966 1546 2997 dated
1570 2977 1597 2997 c.
1627 2977 1709 3006 1519
1735 2968 1783 3008 by
1808 2967 1856 2999 M.

267 3006 333 3036 has
346 3008 408 3036 not
424 3008 513 3037 been
529 3008 728 3040 identified.
1095 3010 1314 3042 Delaruelle:
1338 3011 1436 3049 Bude‘,
1454 3019 1511 3049 pp.
1531 3019 1587 3049 xx,
1606 3020 1678 3043 xxx.

2007 2828 2010 2836 .
2004 2796 2010 2818 ..ι
2001 2726 2010 2773 ,Ἀ
1999 2457 2010 2719 ”Mamm—-
2004 2278 2010 2449 ..-...r.-=...—-
