2010 3417
93 173 188 227 326]
636 173 706 212 To
744 172 860 212 THE
899 171 1129 211 READER
1623 170 1674 207 57

145 283 198 333 (f.
225 285 327 334 191>
359 284 414 322 Et
439 282 649 332 superiore
673 281 924 331 praefatione
947 280 1057 329 satis,
1081 280 1235 330 opinor,
1260 280 1586 318 demonstratum
1612 280 1674 316 est

89 348 255 387 nullum
275 362 361 387 esse
381 348 628 398 scriptorum
648 360 778 397 genus
798 347 905 397 quod
932 359 1016 384 non
1038 345 1188 384 alicubi
1207 345 1262 383 sit
1281 343 1514 383 subditiciis
1533 343 1674 382 huius-

89 413 200 452 modi
220 413 336 452 libris
356 414 694 452 contaminatum.
738 412 851 450 Num
871 411 975 449 illud
995 412 1111 460 pium
1131 413 1172 449 et
1192 411 1414 449 candidum
1435 422 1522 448 esse
1536 409 1671 456 duces,
1692 408 1732 448 ⁶5

89 478 221 518 cuiuis
248 479 413 517 indocto
441 479 680 528 permittere
709 479 755 516 vt
785 477 985 526 quidlibet
1014 476 1194 523 inuehat,
1224 476 1416 525 deprauet
1445 474 1674 525 quidlibet:

90 556 172 581 non
212 544 453 594 permittere
491 542 687 581 studiosis
724 544 764 579 et
801 541 973 580 eruditis
1010 542 1056 578 vt
1100 541 1207 590 quod
1251 541 1512 590 suppositum
1549 538 1675 577 fuerit

89 607 285 656 reficiant,
319 608 427 658 quod
460 607 659 646 viciatum
692 606 946 644 emendent?
1000 605 1079 644 Sed
1113 605 1217 643 illud
1250 606 1436 644 fortassis
1467 603 1596 654 exigis
1629 606 1675 642 vt

89 672 166 711 hoc
202 672 421 711 autoritate
457 672 529 710 fiat
565 671 861 721 episcoporum.
928 670 961 708 O
995 682 1083 707 rem
1116 671 1420 718 preposteram!
1489 669 1582 708 Non
1613 670 1673 708 in·

90 737 313 787 dignantur
348 736 565 786 impostori
604 736 676 786 qui
713 735 813 774 citra
850 734 978 773 vllius
1021 734 1287 772 autoritatem
1324 734 1493 772 viciauit
1539 747 1674 773 sacros
1694 742 1734 775 70

88 801 239 849 libros;
278 803 324 839 in
357 813 426 839 eos
461 801 773 839 stomachantur
806 799 878 849 qui
911 800 1013 837 citra
1046 798 1175 837 totius
1213 798 1379 836 ecclesie
1411 799 1674 837 autoritatem

89 879 167 916 que
193 866 341 905 viciata
370 867 470 905 sunt
501 866 726 916 corrigunt.
799 865 1044 914 Quanquam
1074 876 1149 901 nos
1179 863 1288 901 haud
1319 876 1515 901 conamur
1543 863 1674 913 preire

86 930 344 981 principibus
367 930 544 979 ecclesie,
563 931 632 970 sed
652 931 822 969 illorum
842 928 1127 979 occupationes
1145 928 1220 967 hac
1240 930 1379 967 nostra
1398 928 1674 978 qualicunque

85 996 331 1035 adiuuamus
361 1010 492 1046 opera.
552 997 850 1044 Admonemus,
882 1008 967 1034 non
996 994 1282 1042 decernimus3
1314 994 1557 1041 indicamus,
1590 1006 1674 1032 non

86 1061 326 1100 iudicamus.
386 1061 530 1112 Neque
549 1062 770 1112 quicquam
795 1061 995 1100 addubito
1022 1060 1123 1110 quin
1144 1057 1221 1111 [et]
1243 1059 1306 1097 illi
1324 1059 1392 1098 vel
1411 1059 1674 1109 potissimum
1695 1067 1732 1099 75

87 1127 172 1165 sint
196 1128 381 1166 nostram
409 1127 715 1178 comprobaturi
734 1127 995 1165 sententiam.
1058 1125 1136 1164 Sed
1158 1125 1345 1163 odiosum
1366 1127 1439 1171 est,
1462 1124 1672 1174 inquiunt,

85 1193 148 1230 tot
167 1192 249 1231 iam
269 1191 418 1231 seculis
432 1194 596 1242 recepta
609 1192 865 1231 labefactare.
911 1191 970 1229 At
986 1190 1085 1242 quid
1101 1190 1201 1228 olim
1217 1190 1478 1240 septuaginta
1493 1189 1673 1228 editione

88 1256 324 1306 receptius‘?
390 1257 474 1296 Nec
505 1259 644 1296 tamen
678 1257 784 1296 hanc
816 1257 973 1296 veritus
1005 1258 1068 1295 est
1103 1255 1398 1305 Hieronymus,
1431 1255 1584 1293 frustra
1617 1267 1675 1292 re-

87 1320 362 1361 clamantibus
376 1335 472 1360 cum
486 1322 725 1372 Augustino
746 1322 995 1372 quibusdam
1010 1321 1221 1371 episcopis,
1246 1333 1319 1358 sua
1340 1319 1674 1369 interpretatione

85 1385 298 1436 corrigere.
358 1387 467 1435 Quid
486 1387 558 1426 illa
578 1387 630 1425 de
649 1386 911 1437 septuaginta
929 1386 1092 1425 cellulis
1110 1386 1248 1424 fabula
1273 1385 1529 1423 decantatius
1541 1386 1561 1423 ‘?
1615 1386 1675 1423 At
1693 1386 1734 1416 80

85 1465 169 1490 non
207 1452 413 1491 dubitauit
452 1452 736 1502 Hieronymus
773 1465 862 1491 rem
900 1452 1010 1490 nulli
1047 1465 1131 1490 non
1170 1451 1378 1499 creditam,
1415 1463 1500 1488 non
1537 1449 1674 1488 solum

86 1517 333 1567 Augustino,
376 1518 640 1556 mendacium
683 1517 901 1567 appellare.
975 1519 1045 1555 An
1090 1517 1310 1566 quicquam
1350 1517 1411 1554 est
1447 1516 1525 1554 hac
1564 1514 1674 1552 Noui

86 1582 341 1621 Testamenti
361 1583 541 1622 editione
555 1583 768 1633 vulgatius
780 1584 800 1621 ‘?
839 1583 899 1621 At
919 1582 1017 1632 quid
1034 1582 1208 1621 decessit
1229 1583 1278 1620 de
1293 1581 1472 1631 pondere
1486 1580 1674 1619 veritatis

86 1647 330 1698 euangelice,
352 1648 461 1698 quod
482 1648 742 1696 Laurentius,
760 1648 884 1687 homo
904 1647 1133 1686 rhetoricus
1152 1647 1284 1697 magis
1302 1659 1426 1697 quarn
1445 1645 1669 1694 theologus,

85 1713 195 1751 locos
232 1713 389 1762 aliquot
427 1713 696 1764 reprehendit
727 1726 942 1763 perperam
975 1713 1025 1751 ab
1063 1712 1287 1761 interprete
1323 1710 1537 1750 redditos?
1603 1710 1673 1747 An
1693 1712 1732 1753 85

85 1777 242 1815 minore
264 1777 346 1816 fide
372 1778 455 1816 iam
481 1778 654 1828 epistole
680 1778 880 1817 Paulinae
905 1779 1111 1827 leguntur,
1138 1777 1247 1826 quod
1277 1789 1419 1815 earum
1447 1775 1674 1813 editionem

85 1842 190 1880 hanc
219 1855 299 1892 qua
326 1843 451 1892 vulgo
478 1843 638 1881 vtimur
665 1843 840 1882 Iacobus
870 1843 1000 1881 Faber
1028 1842 1299 1891 Stapulensis,
1327 1841 1392 1879 vir
1420 1853 1503 1878 non
1532 1839 1674 1878 minus

84 1906 319 1957 integritate
338 1907 423 1945 vite
443 1921 567 1957 quam
588 1907 817 1946 eruditione
843 1907 1090 1957 probandus,
1114 1907 1279 1956 negauit
1304 1919 1390 1944 esse
1411 1905 1670 1953 Hieronymi,

85 1969 192 2019 quod
212 1969 485 2008 Laurentium
504 1969 691 2008 imitatus
710 1970 916 2020 permulta
941 1969 1121 2008 mutauit
1147 1969 1214 2008 vel
1241 1970 1462 2018 deprauata
1478 1967 1547 2006 vel
1565 1967 1674 2006 male

85 2034 243 2073 reddita
255 2036 275 2073 t>
314 2035 402 2083 Qua
422 2035 590 2084 quidem
610 2035 655 2073 in
675 2049 718 2073 re
738 2048 813 2073 nos
833 2049 994 2085 quoque
1013 2048 1085 2084 per
1103 2035 1213 2072 idem
1233 2036 1397 2083 tempus
1415 2033 1674 2071 nauabamus
1690 2043 1733 2076 90

85 2112 261 2149 operam,
283 2112 328 2138 ac
348 2099 451 2138 mire
471 2100 627 2139 factum
647 2102 710 2139 est
728 2102 774 2139 vt
793 2113 887 2139 cum
908 2101 1079 2150 vterque
1099 2100 1147 2138 de
1171 2100 1301 2138 altero
1322 2098 1508 2145 nesciret,
1531 2100 1673 2136 tamen

84 2164 206 2202 ambo
238 2178 326 2203 rem
360 2165 532 2204 eandem
565 2166 709 2204 eodem
743 2165 987 2204 moliremur
1020 2168 1213 2215 tempore,
1251 2164 1415 2203 etiamsi
1449 2160 1522 2216 [si]
1556 2158 1699 2200 illius⁴

83 2230 310 2268 anteuortit
346 2230 485 2269 editio.
553 2230 665 2279 Quae
702 2231 865 2269 vtinam
903 2232 1010 2269 esset
1049 2231 1254 2269 eiusmodi
1287 2232 1333 2268 vt
1372 2230 1512 2267 nostra
1549 2241 1673 2277 quam

82 2307 275 2343 paramus
316 2308 484 2344 prorsus
525 2308 827 2345 superuacanea
868 2295 1000 2335 videri
1042 2295 1182 2344 possit.
1255 2294 1494 2333 Plurimum
1535 2293 1673 2331 tribuo

84 2358 215 2397 Fabro
244 2361 290 2398 vt
317 2359 407 2398 viro
435 2373 520 2398 non
547 2361 774 2410 vulgariter
801 2360 987 2407 erudito5
1029 2373 1202 2399 veneror
1228 2362 1275 2398 vt
1304 2359 1523 2409 optimum,
1553 2358 1672 2396 faueo
1689 2368 1729 2399 95

85 2424 130 2460 vt
158 2424 421 2463 amicissimo.
482 2425 638 2463 Verum
669 2425 704 2464 si
733 2427 777 2464 in
807 2425 1033 2475 prophanis
1061 2425 1183 2462 rebus
1210 2423 1458 2462 Aristoteles
1485 2422 1672 2461 veritatis

84 2487 222 2536 potius
241 2501 366 2537 quam
382 2490 505 2528 amici
523 2491 711 2529 Platonis
731 2490 934 2529 rationem
953 2490 1184 2528 habendam
1205 2502 1291 2527 esse
1308 2487 1518 2534 iudicauit,
1537 2486 1671 2524 multo

86 2551 216 2600 magis
235 2551 276 2590 id
296 2566 369 2601 par
389 2556 450 2592 est
475 2555 607 2593 facere
633 2555 678 2593 in
704 2555 771 2593 his
795 2555 955 2603 litteris,
978 2568 1080 2604 quas
1105 2555 1215 2592 inter
1234 2566 1366 2592 sacras
1389 2552 1600 2599 habemus,
1624 2554 1670 2590 vt

84 2616 142 2653 ita
175 2614 319 2664 dicam,
357 2618 663 2657 sacratissimas.
723 2619 807 2656 Nec
841 2619 917 2657 hoc
951 2619 1126 2656 dixerim
1160 2618 1267 2667 quod
1299 2617 1413 2654 illius
1446 2615 1669 2653 editionem

126 2727 179 2765 65.
204 2725 297 2756 Num
314 2724 373 2760 ιιιβ2
390 2737 396 2756 :
419 2727 510 2758 Nam
526 2727 574 2762 Bl.
772 2730 824 2768 69.
848 2730 871 2763 β
886 2741 893 2759 :
916 2729 1120 2769 §posterum
1138 2740 1166 2759 α.
1326 2725 1363 2761 ,¹3²
1380 2738 1386 2756 :
1411 2726 1622 2766 indignatur
1637 2737 1668 2758 α,

83 2768 504 2843 Eisqffiglisgoamachatur
518 2770 564 2805 βῑ.
736 2780 784 2810 75.
811 2773 846 2803 et
869 2775 907 2802 ab
929 2775 1060 2803 Erasmo
1085 2775 1213 2803 deletum
1234 2773 1304 2802 add.
1322 2771 1356 2802 Β.
1534 2769 1586 2808 96.
1610 2769 1646 2803 β’·2
1664 2782 1670 2800 :

128 2924 179 2954 81.
201 2923 461 2963 Hieronymus]
478 2927 545 2954 adr.
564 2926 638 2961 Rus.
654 2935 684 2955 2.
705 2934 755 2963 25.
952 2935 1006 2964 90.
1032 2934 1095 2955 nos
1111 2924 1265 2965 quoque]
1284 2924 1335 2955 Cf.
1353 2924 1416 2965 Ep.
1429 2934 1502 2963 337.
1518 2926 1581 2963 844
1595 2934 1667 2963 seq.

128 2966 180 3004 84.
200 2966 429 3007 Laurentius]
447 2966 571 3006 Valla;
593 2968 635 2998 cf.
656 2968 718 3007 Ep.
741 2968 810 3000 182.
910 2968 981 2998 and
1000 2970 1089 3005 Apol.
1108 2970 1149 2998 ad
1164 2971 1212 2998 Ia.
1231 2971 1378 3007 Fabrum‚
1395 2968 1462 2999 LB.
1483 2969 1528 2998 ix.
1546 2978 1585 3007 19
1601 2978 1651 2999 Bc.

128 3009 180 3047 87.
198 3010 325 3051 Faber]
345 3010 396 3041 Cf.
416 3010 480 3049 Ep.
499 3021 572 3049 304.
591 3012 633 3051 89
646 3020 680 3042 n.
952 3012 1003 3050 96.
1028 3011 1255 3052 Aristoteles]
1276 3014 1347 3042 Em.
1365 3014 1404 3043 N.
1426 3021 1454 3043 1.
1471 3013 1502 3043 6.
1522 3021 1549 3042 1.
