2010 3417
280 117 359 155 208
745 111 994 150 LETTERS
1033 109 1103 147 OF
1140 108 1404 148 ERASMUS
1746 105 1874 161 [1516

220 235 262 266 80
281 223 508 270 ostendere,
531 221 641 272 quod
660 219 728 259 vel
747 219 925 258 libenter
943 219 1182 268 agnosceret
1201 217 1386 267 optimus
1405 217 1609 267 princeps,
1633 215 1700 255 vel
1720 216 1875 267 sapien-

279 291 342 328 ter
361 287 594 325 imitaretur
611 284 848 324 adolescens
867 295 1030 333 semper
1049 281 1184 332 seipso
1204 281 1354 321 melior
1372 281 1547 320 euadere
1569 280 1747 331 cupiens.

333 352 448 390 Bene
466 350 568 389 vale.

761 469 858 509 394.
919 466 983 508 To
1014 467 1181 508 URBAN
1209 465 1397 508 REGms.

326 561 437 597 Basle
455 560 532 596 MS.
552 559 613 605 (a).
1626 555 1746 592 Basle.

327 620 373 656 H.
391 632 426 665 p.
445 620 536 654 618:
564 618 618 654 N:
647 617 764 654 Lond.
784 616 884 651 xviii.
905 626 970 662 35:
1000 615 1072 651 LB.
1089 615 1186 660 App.
1207 624 1262 661 53.
1541 623 1561 658 7
1581 614 1710 649 March
1732 615 1832 661 1513.

326 701 418 744 [The
432 699 575 731 earliest
587 699 678 731 form
693 698 733 730 of
744 698 820 729 this
836 697 944 730 letter
958 699 989 728 is
1006 697 1045 728 in
1058 696 1122 728 the
1138 695 1280 727 volume
1293 695 1488 735 belonging
1501 697 1538 726 to
1554 695 1618 726 the
1634 696 1702 727 Art
1715 695 1879 727 Museum

283 745 320 776 at
352 744 468 784 Basle,
497 743 620 774 which
651 743 816 774 contains
845 742 909 773 the
936 744 1040 772 Moria
1066 739 1272 771 illustrated
1299 739 1348 778 by
1372 738 1532 770 Holbein
1564 739 1604 770 in
1634 747 1718 778 1515
1749 740 1786 770 at
1817 738 1880 769 the

282 791 427 828 request
451 787 490 818 of
509 789 556 819 its
577 786 656 817 first
677 796 807 824 owner,
827 784 971 816 Oswald
996 783 1195 823 Myconius,
1219 783 1275 814 for
1298 783 1362 813 the
1387 785 1612 814 amusement
1640 784 1678 814 of
1697 783 1880 814 Erasmus.

281 833 355 863 The
370 834 485 872 Moria,
504 831 624 861 which
650 831 682 861 is
704 830 744 861 in
763 829 932 860 Froben's
954 828 1091 859 edition
1115 827 1153 858 of
1174 827 1296 858 March
1317 835 1411 866 1515,
1430 827 1461 857 is
1484 825 1605 857 bound
1629 836 1678 867 up
1703 826 1794 858 with
1818 826 1881 857 the

284 875 457 907 Plutarch
480 874 518 905 of
529 875 668 914 August
688 882 769 912 1514
787 873 868 914 (Ep.
887 872 965 912 272)
981 883 990 911 ;
1018 882 1065 903 on
1085 880 1106 901 a
1121 870 1233 901 blank
1255 869 1329 901 leaf
1346 870 1385 901 of
1402 869 1524 901 which
1543 869 1599 910 (θ’.
1616 870 1675 911 D⁶)
1693 869 1882 910 Myconius

283 920 350 950 has
379 918 503 959 copied
533 918 609 949 this
638 917 756 949 letter.
804 916 1038 956 Throughout
1070 914 1133 946 the
1163 913 1307 945 volume
1337 922 1396 944 are
1427 923 1620 945 numerous
1651 914 1881 945 annotatione

282 964 431 994 written
452 963 499 1002 by
515 961 703 1001 Myconius
722 961 761 991 in
785 961 944 999 1515-16,
962 958 1034 990 and
1056 959 1086 989 it
1110 959 1141 989 is
1163 957 1342 989 therefore
1365 957 1533 998 probable
1556 957 1637 988 that
1660 957 1718 988 his
1741 967 1830 998 copy
1848 955 1888 987 of

283 1007 359 1038 this
375 1006 484 1037 letter
499 1006 532 1036 is
547 1006 818 1045 contemporary
834 1003 921 1034 with
938 1004 986 1034 its
1002 1002 1249 1042 composition.
1298 1000 1368 1031 His
1388 1002 1466 1032 text
1484 1000 1514 1031 is
1530 1002 1595 1032 not
1617 1002 1719 1040 quite
1740 1010 1778 1032 so
1793 1000 1882 1040 good

285 1059 324 1081 as
338 1050 420 1080 that
435 1050 473 1080 of
482 1049 518 1080 H
533 1060 541 1088 ;
564 1049 629 1080 but
646 1058 684 1079 as
699 1048 727 1078 it
743 1048 808 1079 has
823 1046 1065 1078 considerable
1081 1045 1281 1085 advantage
1297 1044 1337 1075 in
1349 1045 1452 1084 point
1469 1043 1509 1075 of
1521 1044 1622 1084 time,
1635 1044 1654 1075 Ι
1670 1045 1761 1076 have
1776 1044 1882 1085 given

286 1095 316 1125 it
330 1092 577 1133 precedence.]

490 1184 694 1215 ERASMvs
724 1182 1057 1215 ROTERODAMVS
1087 1181 1270 1212 VRBANO
1301 1180 1438 1212 REGIO
1469 1180 1552 1212 SVO
1582 1180 1616 1211 S.
1644 1180 1687 1210 D.

343 1262 417 1301 Sm
436 1261 644 1309 existimo,
674 1260 843 1299 Vrbane
865 1258 1110 1305 doctissime,
1140 1271 1207 1296 me
1233 1257 1318 1295 iam
1342 1269 1454 1295 nunc
1484 1256 1625 1295 omnia
1649 1256 1792 1295 debere
1819 1255 1885 1294 vel

288 1327 575 1367 illustrissimo
603 1326 784 1376 principi
807 1325 1014 1364 Hernesto
1040 1323 1107 1362 vel
1129 1323 1207 1362 tibi
1233 1322 1286 1361 ob
1309 1323 1499 1361 animum
1528 1322 1574 1360 in
1598 1335 1666 1360 me
1690 1323 1779 1360 tam
1798 1334 1888 1372 pro-

288 1406 476 1444 pensum.
535 1392 715 1430 Proinde
734 1390 914 1429 iudicaui
929 1403 995 1428 me
1011 1388 1261 1427 nonnullam
1280 1387 1436 1438 gratiae
1454 1388 1614 1437 partem
1633 1387 1711 1425 hac
1729 1387 1886 1425 ratione

289 1471 408 1510 posse
436 1458 587 1496 referre
616 1458 662 1505 si,
696 1456 859 1507 quando
889 1455 994 1494 mihi
1023 1454 1205 1504 cupienti
1227 1467 1313 1492 non
1339 1455 1402 1491 est
1428 1452 1649 1502 integrum,
1672 1452 1887 1491 hominem

253 1545 270 1576 5
291 1524 671 1563 commonstrauero
710 1521 783 1571 qui
815 1521 923 1571 quod
953 1534 976 1559 a
1009 1520 1129 1558 nobis
1158 1517 1431 1569 expectabatis
1469 1517 1593 1568 longe
1633 1517 1887 1556 cumulatius

290 1590 498 1640 praestare
517 1588 657 1638 possit.
717 1587 792 1624 Est
813 1586 921 1636 apud
946 1598 1022 1624 nos
1043 1584 1250 1623 Henricus
1274 1584 1507 1622 Glareanus
1535 1582 1729 1621 Caesarea
1747 1582 1888 1621 laurea

291 1654 496 1704 insignis;
525 1653 634 1703 quod
666 1651 860 1702 equidem
891 1650 1015 1689 decus
1045 1650 1153 1688 inter
1182 1651 1244 1688 tot
1277 1649 1440 1687 iuuenis
1474 1649 1718 1687 ornamenta
1750 1647 1886 1686 multo

291 1720 499 1759 infimum,
523 1731 610 1757 esse
648 1718 763 1756 duco.
835 1716 889 1754 In
928 1715 1125 1754 omnibus
1164 1715 1397 1765 disciplinis
1436 1726 1536 1764 quas
1574 1713 1889 1751 mathematicas

292 1787 442 1825 vocant
460 1783 611 1822 eximie
642 1782 788 1821 doctus
819 1795 950 1832 neque
980 1781 1205 1832 vulgariter
1236 1780 1491 1819 exercitatus.
1553 1777 1607 1817 In
1640 1778 1756 1817 omni
1787 1791 1890 1828 quae

236 1872 275 1893 10
293 1864 406 1890 nunc
426 1850 469 1889 in
489 1849 643 1888 scholis
658 1847 835 1886 traditur
850 1846 1116 1886 Aristotelica
1130 1845 1394 1897 philosophia
1413 1857 1460 1883 eo
1475 1857 1716 1894 progressus
1729 1845 1774 1882 vt
1795 1857 1891 1882 cum

294 1915 571 1955 summatibus
589 1913 715 1952 etiam
733 1912 928 1962 congredi
953 1912 1095 1962 possit.
1157 1911 1351 1961 Magnam
1370 1909 1540 1960 insuper
1559 1909 1814 1958 theologicae
1833 1909 1891 1947 rei

294 1983 455 2032 partem
478 1981 700 2020 assecutus.
760 1978 814 2017 In
841 1977 1100 2029 geographia,
1124 1977 1168 2016 in
1196 1976 1384 2015 historiis
1412 1975 1639 2014 absolutus.
1702 1974 1892 2025 Denique

295 2047 460 2085 nullum
480 2047 542 2084 est
561 2058 694 2094 genus
712 2043 915 2082 bonarum
941 2043 1179 2081 litterarum
1206 2042 1250 2080 in
1277 2055 1358 2091 quo
1384 2040 1455 2079 ille
1474 2053 1561 2078 non
1581 2040 1636 2078 sit
1654 2039 1891 2078 felicissime

295 2114 482 2152 versatus
501 2125 510 2159 3
539 2111 692 2149 Graece
708 2122 868 2160 quoque
888 2109 1034 2147 doctus
1053 2121 1181 2159 vsque
1200 2108 1251 2146 ad
1272 2106 1610 2152 mediocritatem,
1629 2106 1669 2142 et
1688 2104 1756 2142 hic
1775 2104 1893 2142 breui

240 2199 278 2230 15
298 2176 587 2224 absoluendus,
608 2188 711 2226 quae
731 2177 793 2213 est
813 2174 997 2212 hominis
1022 2176 1115 2212 tum
1138 2171 1346 2211 industria
1365 2173 1459 2209 tum
1480 2169 1714 2209 dexteritas.
1774 2169 1893 2208 Adde

298 2243 379 2282 huc
413 2243 591 2280 aetatem
624 2240 804 2278 maxime
837 2239 1131 2289 tempestiuam
1164 2237 1259 2276 huic
1291 2236 1472 2286 negocio.
1533 2235 1602 2274 Ad
1633 2234 1893 2284 trigesimum

298 2307 454 2347 accedit
477 2319 650 2353 annum,
677 2318 779 2355 quae
809 2306 919 2343 aetas
942 2305 990 2342 vt
1018 2303 1211 2353 grandior
1236 2303 1299 2340 est
1324 2314 1449 2352 quam
1478 2302 1525 2339 vt
1554 2300 1813 2350 contemptui
1838 2299 1894 2338 sit

299 2373 487 2421 obnoxia,
510 2372 569 2410 ita
588 2371 778 2410 laborum
799 2369 986 2408 omnium
1006 2368 1127 2418 longe
1147 2369 1210 2406 est
1229 2366 1562 2406 tolerantissima.

354 2439 429 2477 Est
458 2439 599 2476 autem
634 2436 861 2475 Glareanus
888 2436 1047 2484 praeter
1075 2435 1255 2472 aetatem
1288 2431 1487 2482 peculiari
1519 2431 1697 2481 quadam
1727 2432 1895 2469 naturae

242 2525 281 2547 20
301 2505 396 2543 dote
427 2501 598 2541 literarii
630 2501 784 2539 laboris
820 2502 861 2538 et
891 2501 1088 2550 appetens
1117 2501 1158 2536 et
1191 2498 1367 2547 patiens.
1440 2497 1557 2545 Quod
1596 2496 1739 2543 nescit,
1773 2495 1895 2534 discit

302 2570 445 2616 auide3
477 2567 585 2618 quod
615 2567 702 2614 scit,
734 2566 852 2604 docet
881 2565 1062 2603 libenter
1091 2565 1131 2602 et
1161 2563 1346 2602 candide.
1405 2562 1591 2601 Moribus
1618 2561 1823 2600 alacribus
1851 2573 1895 2598 ac

301 2635 463 2675 festinis
501 2647 547 2672 ac
585 2645 752 2683 prorsus
790 2631 981 2669 omnium
1013 2631 1211 2669 horarum
1249 2630 1385 2667 homo.
1462 2628 1628 2667 Addam
1665 2627 1895 2664 extremum
1942 2630 1944 2632 '

303 2701 517 2747 calculum,
547 2712 668 2749 quem
695 2711 768 2747 ego
796 2696 863 2736 vel
889 2697 934 2735 in
960 2696 1107 2746 primis
1137 2695 1416 2733 estimandum
1447 2693 1625 2732 arbitror
1641 2706 1650 2740 ;
1679 2689 1896 2740 ingenium

349 2799 423 2830 393.
451 2799 502 2828 82.
527 2797 625 2827 Bene
642 2795 719 2827 vale
735 2806 798 2835 a-y:
823 2805 881 2826 om.
900 2796 932 2828 Β.
1060 2793 1134 2823 394.
1160 2803 1189 2831 4.
1216 2792 1345 2822 referre
1363 2793 1438 2824 add.
1457 2792 1510 2821 H:
1533 2790 1719 2828 acquirere
1734 2788 1807 2818 add.
1827 2796 1848 2815 a
1863 2787 1898 2814 in

305 2845 459 2881 margine,
471 2843 611 2878 forsitan
627 2850 661 2870 etc
677 2842 856 2870 coniectura.
996 2847 1044 2876 13.
1072 2837 1246 2867 bonarum
1262 2846 1322 2867 om.
1339 2837 1381 2866 H.
1530 2835 1579 2864 16.
1603 2833 1674 2863 hue
1689 2833 1723 2861 H
1733 2839 1739 2860 ε
1765 2830 1852 2860 hinc
1867 2839 1896 2858 α.

306 2887 355 2916 18.
383 2886 482 2920 longe
499 2886 572 2914 add.
591 2886 633 2914 II.

798 2967 872 2998 394.
900 2967 930 2998 6.
959 2963 1173 3005 Glareanus]
1199 2964 1260 2995 See
1278 2974 1312 3003 p.
1330 2972 1403 3001 279.
