2010 3417
243 187 324 226 326
702 183 960 223 LETTERS
998 182 1068 222 OF
1105 181 1370 221 ERASMUS
1712 178 1749 233 [1
1760 182 1836 229 516

297 296 390 334 Iam
410 307 484 333 nec
504 294 535 332 ii
555 294 627 344 qui
647 295 783 331 totum
808 293 887 332 hoc
911 292 1131 343 negocium
1155 304 1242 329 non
1265 290 1318 329 ad
1337 289 1540 328 iudicium
1559 290 1629 328 sed
1652 290 1840 329 autorita-

166 373 223 403 145
242 364 327 399 tem
361 361 520 408 vocant,
556 359 743 397 multum
776 358 933 397 habent
967 357 1075 408 quod
1106 356 1152 394 in
1190 369 1257 394 me
1294 355 1553 406 desyderent.
1625 354 1840 405 Siquidem

243 427 409 464 cautum
431 438 519 464 esse
548 426 710 463 constat
738 424 783 461 in
806 424 883 462 hac
904 423 1069 473 Synodo
1085 421 1367 469 Lateranensi‚
1394 421 1441 459 vt
1467 419 1572 458 liber
1601 419 1771 458 aedatur
1790 418 1841 458 ab

242 490 447 529 ordinario
469 489 766 540 comprobatus,
789 491 860 527 aut
878 488 929 527 ab
949 488 1002 526 iis
1022 487 1172 538 quibus
1191 486 1260 525 ille
1280 499 1376 525 suas
1390 485 1501 524 vices
1521 484 1731 535 delegarit.
1783 485 1843 523 At

243 569 346 606 opus
366 557 558 594 nostrum
579 557 620 594 et
640 555 842 604 scriptum
862 555 903 592 et
923 553 1107 592 aeditum
1121 554 1185 591 est
1198 553 1305 591 teste
1325 553 1366 590 et
1384 550 1635 601 approbante
1656 549 1746 588 eius
1764 549 1844 588 loci

245 621 472 672 Episcopo:
502 634 634 670 neque
668 620 816 670 quouis
845 620 1043 669 episcopo,
1077 618 1147 657 sed
1181 618 1341 668 praeter
1371 616 1519 655 aetatis
1549 615 1840 662 reuerentiam,

166 699 227 731 150
243 688 405 736 praeter
424 686 659 736 imaginum
679 685 1095 729 commendationem,
1116 682 1318 733 singulari
1346 682 1457 720 vitae
1480 681 1719 731 integritate
1739 693 1842 719 rara-

245 766 322 802 que
352 751 541 790 doctrina
570 751 739 800 insigni.
800 750 885 788 Nec
911 750 947 788 is
975 763 1075 789 vero
1098 747 1384 798 comprobauit
1412 748 1547 795 modo,
1569 745 1844 785 verumetiam

246 817 355 856 nihil
375 831 461 856 non
482 817 646 865 detulit,
670 817 706 855 si
733 830 873 855 secum
894 829 1061 855 manere
1080 815 1323 855 voluissem.
1381 814 1436 852 Et
1464 812 1688 851 abeuntem
1717 811 1847 851 tantis

249 883 401 932 officiis,
424 884 542 921 tanta
571 882 857 921 munificentia
887 883 1127 932 prosecutus
1151 882 1214 919 est
1239 880 1306 919 vir
1333 878 1682 929 incomparabilis,
1704 879 1751 916 vt
1778 890 1846 916 me

249 949 399 987 referre
426 949 591 999 pudeat.
649 950 710 987 Ac
739 960 791 985 ne
819 948 887 986 his
916 947 1085 997 quidem
1115 947 1337 985 contentus
1360 944 1471 983 vltro
1495 944 1658 993 scriptis
1689 943 1739 982 ad
1770 944 1847 981 Ar-

170 1027 229 1058 ¹55
250 1014 563 1063 chiepiscopum
585 1014 928 1052 Cantuariensem
948 1012 1079 1051 literis
1100 1014 1192 1050 tum
1212 1024 1279 1050 me
1305 1009 1724 1049 honorificentissime
1742 1020 1848 1047 com-

248 1080 470 1127 mendauit,
489 1080 582 1117 tum
602 1078 666 1116 illi
685 1092 778 1117 meo
791 1079 961 1117 nomine
981 1077 1134 1129 gratias
1154 1076 1248 1127 egit.
1307 1076 1457 1126 Itaque
1476 1075 1512 1113 si
1532 1088 1616 1113 non
1635 1087 1658 1113 a
1678 1073 1846 1124 synodo,

249 1148 356 1184 certe
376 1145 492 1183 iuxta
513 1144 663 1194 synodi
683 1144 1026 1182 constitutionem
1046 1142 1299 1193 approbatus
1318 1142 1381 1180 est
1398 1141 1516 1180 labor
1534 1153 1663 1179 meus.
1735 1138 1849 1178 Talis

251 1213 313 1250 est
342 1213 460 1250 autor
490 1212 538 1249 vt
572 1223 681 1248 vnus
707 1210 985 1260 plurimorum
1016 1210 1148 1248 instar
1176 1208 1321 1248 haberi
1355 1207 1529 1246 debeat:
1575 1208 1615 1244 et
1647 1205 1726 1244 hoc
1756 1204 1850 1255 plus

251 1277 378 1316 etiam
400 1276 596 1326 ponderis
616 1276 767 1314 habere
787 1276 908 1314 debet
928 1275 1044 1314 illius
1063 1275 1317 1324 suffragium,
1341 1273 1450 1323 quod
1471 1286 1546 1311 nec
1565 1271 1758 1322 precibus
1775 1283 1852 1309 nec

175 1345 236 1376 160
253 1343 350 1381 vllis
371 1341 577 1390 obsequiis
596 1341 877 1390 impetratum,
897 1341 968 1380 sed
987 1341 1097 1380 Vltro
1116 1354 1162 1380 ac
1182 1353 1286 1390 pene
1304 1338 1502 1388 fugitanti
1523 1339 1709 1377 delatum
1729 1336 1794 1375 sit.

310 1407 428 1456 Quod
458 1407 493 1445 si
522 1407 590 1445 cui
617 1420 765 1456 parum
790 1406 929 1456 grauis
961 1408 1024 1445 est
1052 1406 1177 1445 vnius
1206 1405 1389 1444 hominis
1417 1404 1626 1451 autoritas,
1659 1401 1853 1453 Episcopi

256 1473 410 1512 iudicio
444 1472 721 1521 subscripsere
749 1473 829 1510 duo
863 1472 1094 1522 theologiae
1124 1471 1383 1521 professores,
1412 1470 1482 1508 sed
1512 1468 1704 1512 oninium
1732 1467 1853 1517 longe

256 1538 490 1589 principes3
523 1537 755 1576 Lodouicus
775 1537 919 1585 Berus,
941 1538 1018 1585 vir,
1040 1537 1081 1576 id
1109 1536 1221 1586 quod
1241 1537 1411 1584 constat,
1434 1535 1630 1573 omnibus
1649 1533 1854 1572 virtutum

258 1617 303 1642 ac
334 1603 649 1653 disciplinarum
677 1603 934 1641 ornamentis
967 1602 1226 1641 cumulatus:
1256 1604 1348 1640 tum
1378 1602 1520 1639 autem
1550 1599 1594 1638 in
1624 1598 1855 1648 theologica

182 1670 240 1712 165
259 1669 440 1720 palestra
460 1668 516 1707 sic
537 1668 810 1706 excercitatus
831 1669 876 1706 vt
896 1668 1005 1717 apud
1031 1667 1210 1706 Parisios
1226 1666 1335 1705 inter
1353 1679 1424 1704 eos
1444 1666 1516 1716 qui
1535 1666 1713 1704 doctoris
1731 1664 1855 1703 titulo

260 1733 601 1789 insigniebantur,
626 1734 811 1783 primum
840 1732 1038 1771 meruerit
1055 1732 1207 1771 locum.
1268 1732 1380 1770 Huic
1400 1731 1500 1769 adeo
1521 1730 1734 1781 displicuit
1753 1742 1857 1780 opus

262 1802 451 1838 nostrum
472 1800 518 1838 vt
537 1798 726 1837 fortunas
746 1811 840 1837 suas
861 1811 1016 1847 omnes,
1041 1811 1142 1848 quas
1161 1797 1288 1836 habet
1307 1797 1596 1847 amplissimas,
1626 1796 1733 1835 mihi
1753 1808 1857 1834 com-

262 1878 411 1904 munes
443 1864 667 1912 detulerit;
696 1878 717 1902 e
751 1863 910 1902 duabus
940 1864 1160 1914 prebendis
1186 1877 1287 1913 quas
1312 1863 1445 1911 habet,
1471 1863 1646 1900 alteram
1675 1862 1784 1900 vltro
1814 1861 1858 1899 in

263 1944 438 1969 manum
455 1930 626 1968 dederit.
658 1930 726 1969 Ad
743 1930 843 1968 haec
859 1929 1163 1979 Vuolphangus
1183 1928 1392 1967 Fabritius
1406 1928 1562 1978 Capito,
1580 1928 1631 1966 ob
1650 1926 1861 1976 insignem

187 2004 248 2038 170
264 1996 498 2046 theologiae
517 1995 800 2045 cognitionem
827 1995 872 2034 in
894 1995 1140 2034 Basiliensis
1166 1994 1359 2033 ecclesiae
1387 1994 1607 2043 collegium
1631 1994 1856 2042 cooptatus,

266 2061 338 2100 vbi
352 2061 566 2111 publicum
582 2061 911 2100 concionatorem
924 2061 1020 2111 agit,
1040 2061 1106 2099 vir
1124 2062 1283 2111 praeter
1301 2060 1400 2099 alias
1419 2060 1601 2110 egregias
1621 2057 1861 2108 disciplinas

266 2127 395 2166 trium
430 2127 669 2176 linguarum
695 2140 779 2165 non
816 2127 1044 2177 vulgariter
1076 2126 1243 2177 peritus,
1280 2126 1464 2173 Graecae,
1499 2125 1671 2163 Latinae
1702 2125 1743 2162 et
1780 2123 1860 2162 He-

267 2192 425 2231 braicae
443 2207 453 2241 ς
483 2192 659 2241 denique
673 2192 758 2231 vita
779 2194 865 2231 tam
886 2193 1056 2242 integra,
1071 2191 1256 2230 moribus
1274 2193 1359 2230 tam
1375 2191 1466 2241 piis,
1482 2191 1529 2228 vt
1548 2190 1656 2228 nihil
1675 2201 1861 2240 vnquam

267 2257 445 2297 viderim
464 2257 756 2307 incorruptius.
797 2257 880 2296 His
897 2258 1074 2297 testibus
1093 2257 1197 2296 liber
1216 2259 1279 2296 est
1297 2256 1459 2295 aeditus
1474 2270 1484 2303 ;
1514 2268 1692 2306 quorum
1710 2255 1862 2294 iudicio

192 2331 251 2367 175
272 2324 381 2362 nihil
404 2323 664 2361 addubitaret
694 2323 925 2372 quamlibet
943 2323 1063 2373 graui
1081 2323 1127 2361 in
1154 2336 1197 2361 re
1215 2322 1344 2361 fidere
1364 2322 1603 2372 Episcopus,
1627 2320 1664 2359 si
1685 2320 1774 2370 ipse
1801 2332 1866 2370 pa·

270 2403 365 2429 rum
385 2391 496 2428 certo
513 2390 621 2427 esset
639 2388 802 2427 iudicio.

325 2455 469 2505 Neque
498 2456 639 2493 tamen
671 2454 890 2504 quisquam
920 2456 1174 2493 caeterorum
1202 2453 1488 2502 theologorum
1519 2451 1733 2490 damnauit
1761 2462 1866 2500 opus

269 2523 471 2560 nostrum.
521 2520 705 2558 Tantum
743 2520 1011 2569 deplorabant
1055 2519 1249 2558 nonnulli
1291 2531 1333 2556 se
1361 2531 1510 2568 pueros
1549 2531 1634 2556 non
1672 2516 1864 2555 didicisse

272 2587 432 2635 Graece,
455 2587 497 2625 et
517 2585 599 2625 sibi
618 2599 710 2624 sero
730 2585 885 2623 librum
905 2598 1001 2623 eum
1020 2584 1205 2635 prodisse
1224 2584 1270 2622 in
1290 2583 1436 2622 lucem.
1496 2582 1661 2621 Referre
1677 2582 1864 2632 poteram

316 2705 385 2735 144.
411 2696 438 2726 ii
454 2698 499 2727 B:
525 2696 563 2726 hi
580 2699 619 2728 N.
811 2697 880 2734 146.
907 2695 1137 2726 Lateranensi
1154 2697 1228 2725 add.
1245 2696 1288 2725 H.
1487 2703 1546 2732 147
1565 2692 1598 2723 0²
1612 2704 1618 2723 ς
1643 2691 1809 2732 deligarit
1825 2691 1862 2719 Β.

273 2740 342 2778 169.
368 2739 627 2779 Vuolphangus
644 2742 690 2771 B:
717 2740 758 2770 V.
778 2739 827 2770 0²:
854 2750 911 2770 om.
928 2741 970 2770 H.
1060 2738 1241 2769 Fabritius
1257 2737 1384 2777 Capito
1399 2739 1475 2769 add.
1493 2736 1536 2768 (3⁴².

315 2831 386 2869 146.
413 2829 661 2870 Lateranensi]
681 2830 756 2860 The
779 2829 884 2868 fifth3
907 2829 1030 2860 which
1150 2839 1221 2868 155.
1245 2827 1379 2869 literis]
1404 2827 1455 2858 Cf.
1477 2827 1540 2867 Ep.
1558 2836 1632 2866 425.
1649 2835 1692 2864 33
1707 2834 1743 2856 n.

269 2876 322 2903 sat
339 2875 429 2904 from
449 2883 529 2912 1512
546 2875 582 2904 to
603 2883 694 2912 1517.
733 2874 819 2904 This
835 2873 1030 2903 ordinance
1150 2874 1219 2903 166.
1245 2870 1418 2912 primum]
1445 2871 1497 2902 Of.
1519 2871 1582 2910 Ep.
1600 2879 1675 2908 413.
1695 2878 1730 2898 11
1748 2877 1784 2898 n.

269 2926 339 2946 was
360 2917 605 2956 promulgated
628 2927 674 2948 on
698 2928 715 2956 4
740 2917 823 2956 May
842 2926 947 2955 15153
974 2926 1030 2946 see
1149 2916 1220 2947 168.
1249 2914 1417 2955 alteram]
1450 2915 1469 2946 I
1498 2914 1600 2944 know
1628 2913 1666 2943 of
1692 2921 1737 2941 no
1765 2910 1867 2941 other

268 2959 485 2998 RaynaMus,
503 2963 647 2991 Annales
662 2963 774 2991 Eccles.
791 2961 1030 3000 xii,pp.96,7.
1102 2959 1267 2990 mention
1295 2959 1333 2989 of
1355 2958 1431 2989 this
1454 2956 1687 2988 transaction.
1733 2954 1771 2985 It
1794 2963 1867 2984 was

265 3045 276 3075 l
313 3011 384 3051 μμ).Δ
406 3003 594 3044 Episcopo]
613 3003 849 3043 Christopher
865 3004 903 3033 of
916 3003 1029 3034 Uten-
1101 3002 1255 3076 pephaps
1282 3012 1328 3075 {n
1353 3002 1438 3032 offer
1461 2999 1581 3030 which
1606 2998 1778 3029 Erasmus
1802 2997 1864 3027 did

279 3055 374 3075 ielm.
1101 3055 1147 3076 no
1180 3054 1283 3083 accep
1306 3068 1313 3076 .
