2010 3417
148 124 245 179 415]
1659 133 1740 171 247

595 183 692 223 415.
755 182 819 223 To
851 181 1045 223 THOMAs
1075 182 1293 225 LINAORE.

193 270 357 318 Farrago
375 284 409 318 p.
430 274 509 318 306.
1437 274 1490 310 St.
1510 275 1630 312 Omer.

193 329 231 366 F.
249 342 284 376 p.
301 341 391 376 414:
420 331 510 367 HN:
537 332 653 368 Lond.
672 343 706 367 x.
725 342 767 377 7:
797 331 970 377 LB.157.
1381 342 1398 378 5
1418 333 1517 370 June
1539 333 1691 381 (1516).

179 422 387 453 ERASMVS
418 424 752 455 ROTERODAMVS
783 424 972 454 THOMAE
1003 424 1199 455 LINACRO
1230 424 1406 456 MEDICO
1435 425 1572 457 REGIO
1604 426 1636 458 S.
1666 428 1710 458 D.

199 504 385 544 TAMETSI
418 518 577 547 nouum
602 518 688 544 non
717 507 814 553 erat,
846 507 988 544 tamen
1009 505 1294 555 gratissimum
1318 506 1398 545 fuit
1422 507 1530 556 quod
1554 521 1605 546 ex
1633 508 1739 547 Mori

143 569 275 609 literis
322 569 509 620 cognoui,
551 571 592 608 te
633 572 719 609 tam
758 570 887 608 amice
924 570 1044 608 nobis
1090 570 1226 608 fauere
1264 571 1360 610 licet
1408 571 1737 612 immerentibus.

144 635 312 673 Nouum
341 636 657 673 Testamentum
688 635 790 674 adeo
820 635 952 685 placet
979 635 1131 685 vbique
1175 636 1317 684 doctis,
1351 636 1476 675 etiam
1514 651 1563 675 ex
1597 639 1738 677 ordine

143 700 442 749 theologorum,
466 701 512 738 vt
532 699 689 738 indocti
715 699 873 748 pudore
894 699 1153 738 obticescant.
1199 699 1415 739 Febricula
1434 701 1572 740 subito
1593 702 1738 742 oborta

142 765 225 804 fuit
261 765 307 802 in
341 778 462 803 causa
492 778 572 814 quo
610 764 752 802 minus
785 777 852 802 me
884 764 1144 814 nauigationi
1173 765 1464 814 commiserim,
1496 768 1737 816 praesertim
1756 781 1772 811 5

142 830 406 869 dissuadente
426 830 585 869 medico
606 829 840 868 Ghisberto.
901 829 1099 868 Maiorem
1119 830 1165 867 in
1186 830 1359 868 modum
1379 832 1419 868 te
1438 844 1536 881 rogo
1555 834 1601 871 vt
1620 833 1738 882 phar-

140 908 307 934 macum
337 895 455 946 quod,
478 907 574 932 cum
601 894 787 945 proxime
809 907 943 933 essem
962 895 1155 943 Londini,
1177 895 1338 945 sumpsi
1363 898 1405 934 te
1425 898 1578 945 autore,
1602 898 1738 937 denuo

141 960 397 1010 descriptum
415 959 522 998 mihi
547 959 810 999 transmittas
828 975 837 1008 ;
877 973 974 998 nam
995 973 1096 1010 puer
1114 960 1356 1017 schedulam
1374 961 1482 1011 apud
1502 962 1737 1011 pharmaco-

140 1026 280 1076 polam
303 1026 482 1077 reliquit.
543 1025 635 1064 Erit
660 1025 702 1063 id
722 1025 830 1063 mihi
849 1025 971 1076 longe
996 1026 1294 1076 gratissimum.
1367 1025 1536 1065 Caetera
1554 1040 1604 1066 ex
1622 1027 1739 1067 Moro

141 1104 374 1142 cognosces.
431 1091 544 1130 Bene
563 1090 665 1130 vale.
725 1091 789 1129 Ex
809 1091 906 1129 diuo
925 1091 1177 1130 Audomaro.
1238 1091 1372 1130 Nonis
1391 1091 1537 1131 Iuniis.

196 1180 348 1219 Crocus
376 1180 524 1230 regnat
549 1179 594 1217 in
619 1178 844 1217 Academia
872 1178 1110 1228 Lipsicensi,
1134 1179 1360 1228 publicitus
1386 1180 1561 1218 Graecas
1588 1181 1737 1219 docens

141 1245 292 1284 literas.
356 1245 531 1284 Vtinam
551 1244 767 1294 prodirent
786 1246 879 1283 tuae
899 1244 1218 1293 lucubrationes,
1243 1245 1371 1283 fidem
1400 1245 1593 1284 omnibus
1610 1247 1738 1284 factu-

140 1323 208 1348 rae
245 1323 361 1348 meae
386 1309 709 1359 praedicationi;
749 1323 830 1359 qua
856 1323 1063 1360 nusquam
1094 1323 1180 1348 non
1212 1312 1317 1357 vtor,
1349 1309 1418 1348 vel
1451 1311 1558 1360 quod
1584 1311 1644 1350 ita
1671 1324 1737 1350 res

139 1374 267 1413 habet
291 1374 358 1414 vel
382 1388 462 1425 quo
490 1375 624 1424 magis
649 1375 813 1413 nostros
839 1375 890 1413 ad
920 1375 1108 1413 studium
1136 1375 1404 1414 inflammem.
1466 1376 1511 1414 Si
1537 1376 1632 1426 quid
1657 1376 1735 1415 erit

139 1439 266 1478 huius
284 1440 444 1490 negocii
463 1440 507 1478 in
537 1453 618 1490 quo
637 1439 716 1478 tibi
742 1453 891 1490 queam
912 1440 1146 1489 gratificari,
1171 1440 1323 1479 senties
1346 1440 1562 1479 hominem
1592 1442 1642 1480 ad
1672 1441 1736 1480 ob-

138 1505 396 1555 sequendum
414 1505 788 1555 promptissimum.
849 1506 1033 1544 Rursum
1052 1506 1154 1545 vale.

195 1571 373 1610 Grocino
392 1571 515 1609 facito
534 1585 601 1609 me
621 1571 982 1620 commendatum3
1011 1584 1135 1622 quem
1149 1572 1248 1610 adeo
1268 1584 1352 1610 non
1372 1570 1449 1619 odi,
1468 1571 1526 1609 ita
1546 1584 1612 1610 me
1624 1571 1736 1610 Deus

138 1638 258 1684 amet,
282 1638 329 1674 vt
348 1650 398 1675 ex
417 1636 557 1674 animo
576 1649 747 1675 venerer
765 1637 893 1675 etiam
911 1650 957 1675 ac
976 1637 1210 1686 suspiciam.
1243 1637 1427 1675 Rursum
1448 1635 1550 1675 vale.

194 1699 340 1754 [Anno
360 1698 595 1753 M.D.x1111.]

512 1789 609 1829 416.
673 1787 736 1829 To
769 1787 1098 1830 CHRISTOPHER
1129 1788 1362 1830 URSWICK.

187 1854 350 1917 Farrago
368 1884 403 1917 p.
423 1875 503 1908 228.
1438 1872 1490 1908 St.
1509 1872 1631 1908 Omer.

187 1930 227 1966 F.
245 1942 279 1975 p.
302 1932 393 1976 356:
422 1930 516 1966 HN:
542 1930 657 1966 Lond.
677 1929 751 1965 viii.
771 1940 813 1977 35
833 1930 931 1976 (34):
960 1931 1031 1967 LB.
1051 1940 1129 1976 255.
1381 1940 1397 1976 5
1417 1930 1514 1966 June
1535 1928 1687 1977 (1516).

569 2025 775 2055 ERASMVS
804 2025 1059 2057 VRSEVVICO
1091 2025 1173 2056 SVO
1205 2025 1237 2055 S.
1266 2026 1308 2055 D.

193 2101 380 2147 EQv1t11i
401 2100 547 2150 genius
567 2100 675 2138 mihi
700 2100 781 2139 fuit
800 2114 1047 2151 magnopere
1067 2100 1167 2139 felix
1183 2115 1193 2148 3
1223 2113 1322 2139 nam
1342 2099 1407 2138 bis
1425 2099 1508 2138 iam
1526 2099 1734 2138 Basileam

138 2178 267 2216 vsque
290 2167 402 2205 vexit
428 2179 473 2204 ac
498 2166 659 2204 reuexit
682 2165 947 2214 incolumem,
969 2166 1116 2204 itinere
1142 2166 1239 2204 licet
1267 2164 1624 2215 periculosissimo,
1647 2178 1736 2203 non

182 2255 256 2287 415.
282 2267 310 2295 7.
342 2256 479 2294 sumpsi
503 2258 577 2286 add.
601 2257 636 2287 F.
811 2265 859 2286 11.
892 2255 1071 2296 Lipsiensi
1094 2257 1136 2286 H.
1307 2265 1356 2294 13.
1392 2253 1669 2295 praedicationis
1693 2256 1739 2285 N.

143 2300 190 2331 18.
216 2300 324 2330 Anno
341 2308 502 2331 M.D.xnn
517 2301 592 2330 add.
610 2301 653 2329 H.

183 2376 257 2406 415.
275 2384 302 2406 1.
320 2375 410 2406 Mori
424 2376 554 2417 literis]
567 2375 691 2415 Cf.Ep.
703 2376 776 2415 388.
786 2377 900 2414 164-6.
969 2375 1173 2416 previously
1187 2376 1294 2414 given
1311 2375 1390 2406 him
1408 2385 1448 2405 10
1460 2375 1585 2405 florins
1601 2374 1655 2405 for
1670 2374 1734 2404 the

183 2420 213 2449 6.
235 2417 444 2459 Ghisberto]
471 2419 533 2450 See
550 2419 613 2459 Ep.
631 2428 683 2458 95.
708 2429 744 2449 11
762 2429 798 2451 n.
968 2420 1132 2460 printing
1148 2420 1186 2450 of
1205 2419 1263 2449 his
1279 2419 1395 2449 Greek
1417 2420 1558 2455 Tabulae,
1576 2418 1728 2457 Leipzig,

186 2471 236 2492 11.
254 2461 400 2503 Crocus]
426 2462 494 2492 For
509 2463 568 2493 his
583 2463 682 2493 work
698 2463 735 2493 at
758 2463 903 2503 Leipzig
968 2463 1010 2494 V.
1027 2463 1247 2501 Schumann,
1266 2463 1357 2501 1516,
1377 2462 1467 2491 with
1489 2471 1509 2491 a
1525 2461 1675 2499 profane,
1694 2463 1734 2491 to

140 2506 179 2535 in
209 2513 356 2544 1515—17
382 2515 438 2536 see
464 2505 583 2545 Hager
606 2507 646 2536 in
670 2508 777 2537 Trans.
800 2509 835 2543 of
856 2509 902 2537 tlte
968 2507 1031 2537 the
1061 2506 1281 2545 University,
1315 2505 1421 2536 dated
1453 2513 1494 2542 25
1527 2504 1607 2534 Feb.
1668 2503 1734 2534 See

140 2550 319 2586 Cambriclye
341 2551 535 2586 Philoloqical
558 2551 622 2580 Soc.
645 2549 672 2579 11
696 2548 826 2589 (1883),
842 2559 899 2589 pp.
973 2552 1222 2580 Urkzmdenbuch
1267 2551 1298 2580 d.
1358 2551 1446 2578 Univ.
1493 2549 1626 2585 Leipth,
1673 2547 1728 2579 ed.

139 2593 258 2630 83-94.
304 2592 426 2622 About
452 2592 532 2623 Feb.
560 2593 644 2630 1516
666 2592 729 2622 the
752 2593 903 2632 Faculty
969 2593 1009 2623 B.
1029 2592 1166 2631 Stubel,
1186 2593 1280 2631 1879,
1298 2601 1355 2631 pp.
1373 2592 1481 2630 406,7,
1499 2590 1569 2621 and
1585 2591 1735 2621 Matrikel

140 2635 178 2665 of
191 2636 276 2666 Arts
291 2635 364 2666 had
380 2635 580 2674 petitioned
598 2635 701 2665 Duke
718 2635 850 2674 George
867 2636 906 2666 of
970 2639 1000 2666 d.
1028 2639 1116 2666 Univ.
1137 2638 1270 2673 Leipzig«,
1289 2635 1341 2664 ed.
1363 2635 1403 2665 G.
1423 2634 1534 2671 Erler,
1552 2633 1578 2662 ii
1601 2633 1732 2674 (1897),

139 2678 283 2718 Saxony
299 2680 335 2709 to
352 2679 471 2709 retain
491 2678 571 2708 him
593 2680 630 2708 at
653 2678 795 2717 Leipzig
810 2679 903 2709 with
969 2689 1026 2718 pp.
1045 2687 1164 2717 510,11
1184 2689 1192 2717 ;
1216 2679 1255 2708 in
1278 2680 1346 2708 Cocl.
1365 2679 1491 2714 diplom.
1517 2679 1632 2708 Saxon.
1653 2679 1728 2715 Rea.

140 2732 161 2752 a
198 2723 315 2761 salary
353 2721 391 2752 of
436 2730 499 2751 100
535 2721 706 2760 guilders,
746 2721 819 2752 and
856 2732 903 2753 on
970 2722 1009 2761 ii,
1025 2722 1111 2752 vols.
1131 2730 1181 2761 11,
1201 2722 1250 2759 16,
1273 2730 1319 2759 17.
1367 2720 1451 2750 Also
1468 2720 1574 2750 DNB.

143 2775 182 2795 12
212 2765 334 2796 March
365 2765 428 2796 the
460 2766 603 2803 request
633 2774 705 2795 was
736 2765 902 2804 repeated
1056 2764 1196 2805 regnat]
1223 2763 1383 2803 Possibly
1399 2763 1490 2794 with
1511 2763 1575 2793 the
1597 2762 1733 2802 signifi-

140 2809 235 2839 with
261 2818 427 2848 urgency,
455 2817 492 2838 as
515 2817 535 2838 a
558 2807 697 2838 similar
721 2817 800 2838 sum
830 2808 902 2839 had
971 2808 1089 2839 cation
1112 2807 1149 2838 of
1168 2810 1266 2846 remim
1295 2808 1449 2847 ‘regens,
1476 2807 1538 2845 qui
1565 2806 1668 2837 docet
1690 2806 1731 2836 in

140 2853 232 2882 been
263 2852 395 2882 offered
429 2854 465 2882 to
496 2851 606 2881 Croke
632 2850 725 2881 from
756 2851 902 2891 Prague.
970 2851 1200 2890 Academiis,’
1221 2851 1400 2890 Ducange.
1447 2850 1504 2889 Or,
1525 2859 1562 2880 as
1588 2850 1733 2880 Brewer

139 2895 214 2926 The
245 2895 348 2926 Duke
378 2894 573 2926 consented
602 2896 638 2925 to
665 2904 685 2924 a
715 2896 832 2934 grant,
856 2904 903 2926 on
970 2896 1170 2934 translates,
1190 2894 1242 2924 ‘is
1258 2894 1320 2924 the
1335 2896 1433 2933 great
1449 2894 1558 2925 man.'
1615 2893 1731 2923 There

144 2940 184 2970 16
206 2939 323 2978 April,
348 2938 386 2969 of
408 2948 447 2969 10
469 2938 594 2968 florius
616 2937 671 2968 for
694 2939 765 2968 two
789 2938 904 2969 Greek
972 2938 1003 2968 is
1019 2938 1082 2968 the
1099 2947 1195 2969 same
1211 2938 1412 2977 ambiguity
1428 2937 1467 2967 in
1484 2936 1548 2976 Ep.
1568 2944 1642 2976 529.
1662 2937 1713 2975 78.

140 2982 318 3021 lectures;
349 2982 422 3013 and
452 2981 515 3012 the
543 2982 629 3012 Arts
656 2980 806 3021 Faculty
830 2980 904 3013 had
1019 2991 1068 3013 12.
1085 2980 1365 3022 lucubrationes]
1389 2979 1442 3012 Cf.
1459 2981 1524 3021 Ep.
1541 2989 1615 3020 502.
1638 2989 1675 3019 15
1693 2990 1731 3011 n.

1761 1106 1799 1127 10

1758 1455 1796 1487 15
