2010 3417
311 148 389 186 106
772 145 1024 185 LETTERS
1062 146 1131 185 OF
1168 145 1434 185 ERASMUs
1776 144 1816 199 [1
1826 156 1871 194 51
1881 155 1905 192 5

308 270 384 295 nec
404 256 516 294 aliud
536 268 676 294 secum
695 255 929 294 adferentes
951 253 1211 303 propositum
1236 266 1361 302 quam
1386 253 1683 304 calumniandi,
1706 253 1903 306 quicquid

309 320 414 360 illud
436 320 500 367 sit,
520 320 629 370 quod
649 320 753 357 forte
768 320 977 367 vtcunque
992 317 1278 356 intellexerint
1294 331 1302 355 :
1332 318 1368 356 is
1384 318 1589 358 nimirum
1609 320 1908 359 nihilomnino

309 385 535 434 scripturus
565 386 638 431 est,
669 384 705 422 si
734 396 877 422 vacare
906 382 1009 421 velit
1039 382 1258 421 calumnia.
1323 382 1431 432 Quid
1461 384 1570 433 quod
1601 384 1778 423 istorum
1807 396 1906 422 non-

230 458 293 497 580
310 449 447 489 nullos
484 449 637 498 gloriae
676 448 865 486 studium
901 448 951 486 ad
989 447 1333 486 calumniandum
1370 448 1570 488 adducit?
1638 449 1757 488 Nihil
1793 448 1907 487 enim

309 515 527 565 gloriosius
557 514 721 552 inscitia
758 526 853 552 cum
890 511 1086 551 scientiae
1122 513 1388 562 persuasione
1422 515 1653 554 coniuncta.
1723 514 1909 554 Proinde

309 593 404 619 cum
436 579 706 618 vehementer
735 579 880 617 sitiant
909 578 1065 616 famam
1098 591 1174 616 nec
1204 591 1296 617 eam
1328 579 1489 629 possint
1521 579 1642 619 bonis
1679 579 1910 620 rationibus

310 644 482 695 assequi,
506 644 673 683 malunt
692 644 924 694 Ephesium
942 644 1066 682 illum
1086 643 1281 683 iuuenem
1300 644 1467 693 imitari,
1491 645 1562 695 qui
1580 646 1750 684 incenso
1769 645 1909 695 phano

307 711 438 749 totius
469 710 578 749 orbis
607 710 876 749 celeberrimo
909 709 1153 748 nobilitatus
1182 712 1256 759 est,
1288 724 1414 761 quam
1444 710 1614 762 inglorii
1642 711 1794 750 viuere.
1853 710 1908 748 Et

229 781 291 822 585
310 789 405 815 cum
438 776 517 826 ipsi
549 775 659 814 nihil
692 776 801 814 lectu
833 775 1007 825 dignum
1037 775 1199 825 possint
1229 776 1385 824 aedere,
1416 776 1497 815 toti
1530 778 1630 816 sunt
1662 777 1708 815 in
1741 776 1830 823 hoc,
1862 777 1908 814 vt

309 840 533 880 celebrium
553 842 739 880 virorum
759 840 1067 879 lucubrationes
1087 842 1271 889 carpant.

364 907 426 945 De
455 907 549 945 aliis
577 907 736 957 loquor,
760 919 845 944 non
875 905 924 944 de
952 918 1031 953 me,
1055 905 1125 955 qui
1154 904 1262 944 nihil
1293 905 1465 945 omnino
1493 919 1598 945 sum.
1660 909 1723 946 Ac
1752 906 1908 945 Moriae

310 972 500 1011 libellum
519 972 606 1022 ipse
633 986 685 1010 ne
710 971 786 1022 pili
813 971 979 1021 quidem
1006 971 1120 1020 facio,
1144 984 1196 1009 ne
1221 971 1315 1020 quis
1340 973 1459 1020 putet
1484 972 1561 1010 hac
1584 986 1628 1010 re
1656 971 1908 1011 commoueri

311 1050 400 1076 nos.
445 1038 552 1087 Quid
572 1040 713 1076 autem
734 1037 889 1075 mirum
909 1037 945 1075 si
964 1036 1068 1075 tales
1087 1036 1228 1086 quales
1248 1036 1372 1075 modo
1394 1036 1587 1087 diximus,
1605 1037 1909 1088 propositiones

231 1118 293 1151 590
310 1103 467 1154 aliquot
505 1103 660 1154 eligant
697 1116 748 1141 ex
786 1115 938 1153 magno
976 1102 1185 1152 decerptas
1224 1115 1370 1152 opere;
1414 1115 1590 1152 quarum
1623 1103 1724 1142 alias
1756 1102 1910 1141 faciant

310 1169 581 1216 scandalosas,
612 1169 713 1208 alias
744 1166 1089 1216 irreuerentiales,
1119 1167 1221 1206 alias
1248 1168 1357 1206 male
1387 1169 1592 1216 sonantes,
1624 1168 1725 1207 alias
1758 1168 1909 1218 impias

311 1235 352 1272 et
370 1234 577 1273 haeresim
597 1234 825 1283 sapientes:
854 1247 940 1272 non
959 1233 1069 1283 quod
1097 1233 1198 1271 haec
1224 1233 1333 1271 mala
1352 1233 1560 1283 reperiant
1582 1234 1682 1283 illic,
1705 1233 1778 1273 sed
1799 1233 1909 1283 quod

310 1300 390 1350 ipsi
409 1313 548 1339 secum
568 1299 783 1339 adferant!
842 1299 1007 1348 Quanto
1034 1298 1279 1348 placabilius
1305 1301 1393 1337 erat
1415 1300 1457 1337 et
1477 1299 1714 1338 Christiano
1733 1299 1909 1338 candore

311 1365 490 1416 dignius,
524 1366 784 1404 eruditorum
817 1365 1039 1403 hominum
1072 1363 1323 1402 industriam
1353 1364 1492 1402 fauore
1522 1363 1631 1403 alere
1661 1365 1713 1413 et,
1745 1364 1781 1403 si
1809 1364 1909 1414 quid

229 1445 291 1477 595
310 1431 415 1470 forte
435 1431 600 1469 fortuna
618 1431 745 1468 fuerit
765 1429 952 1480 elapsum
971 1429 1284 1479 incogitantius,
1303 1430 1375 1467 aut
1395 1429 1715 1478 conniuereaut
1735 1429 1911 1468 comiter

310 1495 582 1546 interpretari,
600 1510 726 1546 quam
738 1495 906 1533 inimice
921 1507 1114 1545 quaerere
1129 1494 1239 1544 quod
1255 1494 1536 1544 reprehendas,
1554 1497 1594 1534 et
1608 1495 1909 1545 sycophantam

310 1574 440 1611 agere,
464 1575 548 1600 non
567 1562 834 1611 theologum!
891 1560 1056 1609 Quanto
1075 1560 1237 1598 felicius
1260 1561 1407 1598 mutua
1433 1560 1654 1599 collatione
1672 1560 1740 1599 vel
1766 1560 1911 1598 docere

312 1626 379 1664 vel
399 1627 551 1665 discere
572 1628 624 1676 et,
648 1628 694 1665 vt
720 1624 1065 1675 Hieronymianis
1082 1627 1174 1663 vtar
1196 1625 1347 1673 verbis,
1369 1624 1414 1663 in
1439 1625 1738 1675 scripturarum
1763 1638 1911 1675 campo

312 1692 400 1730 sine
421 1694 562 1731 nostro
577 1691 716 1730 dolore
730 1691 873 1729 ludere
889 1692 898 1729 l
944 1691 1004 1729 At
1023 1690 1067 1728 in
1083 1689 1175 1728 istis
1191 1690 1345 1728 mirum
1367 1703 1493 1740 quam
1507 1689 1616 1728 nihil
1636 1691 1691 1729 sit
1706 1690 1906 1728 medium.

229 1762 293 1794 600
312 1756 520 1805 Quosdam
554 1758 717 1795 autores
749 1756 807 1795 sic
840 1756 987 1806 legunt
1018 1757 1064 1794 vt
1102 1755 1373 1805 quantumuis
1410 1755 1682 1794 manifestum
1719 1754 1910 1794 inciderit

311 1824 510 1870 erratum,
540 1822 608 1861 vel
642 1821 791 1860 friuolo
823 1822 1038 1870 praetextu
1074 1819 1327 1868 defendant3
1367 1820 1414 1858 in
1448 1820 1647 1870 quosdam
1680 1819 1780 1859 adeo
1811 1822 1909 1858 sunt

310 1887 456 1937 iniqui,
478 1889 524 1925 vt
543 1887 652 1925 nihil
672 1888 759 1924 tam
780 1886 1074 1935 circumspecte
1101 1885 1182 1924 dici
1204 1885 1333 1934 possit
1357 1885 1464 1935 quod
1493 1899 1578 1924 non
1597 1885 1733 1935 aliqua
1751 1885 1912 1924 ratione

311 1951 629 1991 calumnientur.
688 1952 854 2000 Quanto
876 1951 1148 2000 praestiterat,
1170 1951 1271 1989 dum
1295 1951 1397 1989 haec
1422 1952 1566 2000 agunt,
1595 1950 1697 1989 dum
1721 1950 1909 1989 vicissim

311 2018 352 2056 et
369 2017 552 2055 lacerant
571 2018 612 2055 et
631 2017 873 2064 lacerantur,
899 2016 1026 2055 simul
1045 2017 1085 2054 et
1105 2028 1229 2054 suum
1254 2016 1473 2065 perdentes
1492 2015 1630 2054 ocium
1649 2018 1691 2054 et
1711 2015 1910 2059 alienum,

231 2083 293 2125 605
313 2082 487 2121 Graecas
516 2084 588 2120 aut
614 2081 841 2120 Hebraicas
870 2082 941 2120 aut
970 2082 1080 2119 certe
1109 2081 1282 2119 Latinas
1308 2080 1468 2119 litteras
1497 2080 1677 2119 discere!
1734 2092 1909 2129 quarum

313 2146 492 2197 cognitio
511 2148 677 2185 tantum
696 2146 827 2185 adfert
853 2147 1058 2184 momenti
1082 2146 1132 2183 ad
1157 2145 1394 2183 diuinarum
1420 2145 1638 2184 scientiam
1657 2144 1904 2192 litterarum,

312 2213 359 2250 vt
384 2211 491 2249 mihi
515 2224 612 2249 sane
635 2211 825 2249 videatur
849 2211 1121 2249 vehementer
1147 2210 1370 2259 impudens
1395 2223 1536 2249 earum
1560 2210 1707 2248 rudem
1726 2209 1909 2258 theologi

312 2290 466 2315 nomen
485 2277 566 2315 sibi
584 2277 806 2314 vindicare.

367 2341 561 2390 Proinde,
599 2341 777 2379 Martine
816 2340 980 2390 optime,
1022 2353 1097 2390 pro
1134 2353 1226 2378 mea
1264 2339 1309 2378 in
1347 2340 1388 2377 te
1425 2339 1707 2378 beniuolentia
1745 2352 1830 2378 non
1868 2340 1909 2377 te

233 2410 297 2442 610
314 2407 501 2446 desinam
528 2406 747 2454 adhortari,
774 2406 881 2455 quod
911 2405 1087 2444 antehac
1116 2405 1252 2455 sepius
1281 2404 1370 2454 feci,
1393 2406 1439 2443 vt
1467 2404 1617 2444 studiis
1644 2405 1730 2443 tuis
1757 2404 1908 2443 saltem

314 2472 562 2511 Graecarum
600 2471 837 2509 litterarum
870 2470 1150 2520 cognitionem
1182 2470 1393 2520 adiungas.
1461 2470 1568 2508 Rara
1606 2470 1809 2520 quaedam
1846 2471 1908 2508 est

312 2537 471 2587 ingenii
489 2537 553 2575 tui
571 2537 761 2575 felicitas.
807 2536 940 2576 Stilus
955 2536 1112 2574 solidus
1128 2537 1168 2573 et
1183 2548 1386 2573 neruosus
1404 2548 1449 2574 ac
1468 2535 1603 2574 fluens
1622 2538 1663 2574 et
1678 2536 1909 2574 exuberans

312 2602 501 2641 animum
519 2601 656 2651 arguit
676 2615 761 2640 non
780 2614 930 2640 sanum
953 2601 1075 2640 modo
1095 2600 1371 2640 verumetiam
1393 2600 1653 2639 foecundum.
1715 2599 1907 2650 Suppetit
1956 2639 1960 2641 Δ

312 2669 423 2706 aetas
442 2680 527 2705 non
545 2668 712 2705 tantum
734 2667 897 2716 integra
915 2665 986 2705 sed
1009 2666 1151 2706 virens
1173 2666 1308 2704 adhuc
1331 2667 1373 2704 et
1396 2665 1551 2704 florida.
1611 2665 1668 2703 Et
1690 2665 1907 2715 vulgatum

233 2735 294 2775 615
314 2733 443 2770 istum
475 2732 708 2771 studiorum
739 2744 906 2770 cursum
938 2731 1022 2770 iam
1054 2731 1230 2769 feliciter
1263 2730 1493 2769 absoluisti.
1563 2730 1691 2769 Crede
1720 2729 1837 2775 mihi,
1869 2727 1907 2767 si

312 2797 404 2835 istis
450 2799 537 2835 tam
582 2797 801 2847 praeclaris
842 2796 977 2835 initiis
1021 2795 1290 2835 Graecanicae
1332 2795 1587 2834 litteraturae
1633 2794 1904 2844 colophonem

314 2861 529 2910 addideris,
563 2862 698 2900 ausim
731 2864 822 2900 tum
857 2861 964 2899 mihi
997 2863 1089 2900 tum
1122 2861 1217 2899 aliis
1250 2861 1445 2899 omnibus
1476 2873 1675 2910 magnum
1709 2857 1906 2908 quiddam

314 2925 363 2963 de
407 2928 447 2963 te
488 2926 686 2975 polliceri,
725 2929 767 2965 et
808 2927 916 2977 quod
961 2926 1134 2966 antehac
1179 2939 1301 2965 nemo
1347 2925 1576 2965 recentium
1619 2924 1904 2972 theologorum

313 2989 576 3039 praestiterit.
635 2991 751 3039 Quod
784 2992 819 3030 si
852 2992 896 3029 in
927 2992 1003 3030 hac
1035 3004 1077 3030 es
1108 2991 1312 3041 opinione,
1346 2993 1390 3029 vt
1420 3002 1559 3029 amore
1592 3001 1709 3027 verae
1740 2988 1906 3038 pietatis
