2010 3417
92 175 192 230 559]
438 180 591 219 FROM
628 180 948 221 SEBASTIAN
989 180 1333 220 GIUSTINIAN
1603 181 1682 218 515

91 288 212 327 nobis
229 289 516 339 amiciciaeque
540 291 704 328 nostrae
730 290 867 329 studio
887 303 1101 329 reuocare:
1131 304 1255 340 quam
1279 304 1440 341 semper
1464 291 1681 341 integram,

91 352 177 390 nisi
209 353 392 392 desueris
425 355 496 392 aut
528 354 731 402 recideris,
765 356 1087 405 perpetuamque
1115 355 1383 394 seruabimuS.
1443 355 1568 394 Potes
1598 369 1683 394 nos.

91 418 273 466 Erasme,
297 419 597 459 iucundissima
616 420 913 458 consuetudine
935 422 1006 458 tua
1025 433 1108 470 qua
1127 420 1210 458 frui
1229 421 1387 459 diutius
1406 420 1681 470 sperabamus

90 485 208 532 potes
245 484 444 533 epistolis,
485 486 602 534 potes
640 484 901 523 suauissimis
933 485 1093 535 ingenii
1126 486 1188 523 tui
1226 487 1388 535 priuare
1421 485 1603 533 delitiis3
1645 490 1687 524 at
1711 498 1746 528 15

90 550 334 588 memoriam
364 551 427 589 tui
460 550 644 589 nominis
676 550 1036 600 gratissimamque
1071 550 1276 589 amicitiae
1309 553 1474 589 nostrae
1507 551 1686 590 recorda·

90 614 261 662 tionem,
291 628 416 665 quam
445 629 608 665 semper
634 615 723 654 viui
752 615 1021 661 seruabimus,
1046 616 1185 654 animo
1206 616 1341 655 delere
1370 616 1687 667 oblitterareque

91 681 197 718 certe
229 692 314 718 non
352 680 514 729 poteris.
575 680 668 718 Hoc
701 680 803 726 cibo,
841 680 877 718 si
913 680 996 718 alio
1035 693 1121 718 non
1159 681 1282 728 sinas,
1320 685 1462 720 noster
1499 685 1687 732 pascetur

90 743 264 783 animus.
325 744 456 794 quue
485 745 690 795 agendum
719 745 914 783 duximus
941 745 1049 794 quod
1079 749 1272 795 parentes
1301 745 1439 797 cari<s>
1469 747 1601 785 orbati
1629 748 1685 797 pi-

89 808 287 857 gnoribus
324 810 478 849 efficere
516 823 815 860 nonnunquam
854 813 1168 859 consueuerunt,
1217 812 1288 860 qui
1332 824 1427 849 cum
1469 811 1557 850 illis
1602 813 1685 851 frui
1710 825 1750 846 20

90 877 308 924 nequeant,
326 887 471 913 eorum
491 875 598 914 facta
618 876 845 923 recensent,
860 888 1004 913 eorum
1023 875 1134 913 dicta
1153 875 1203 914 ad
1219 876 1461 914 memoriam
1478 880 1683 923 reuocant,

89 938 248 988 pictura
273 939 448 989 effigiem
477 942 634 990 parant,
656 942 703 979 vt
730 942 823 978 tum
850 940 1157 979 reminiscentia
1186 954 1357 990 operum
1387 943 1478 979 tum
1508 944 1686 980 contem-

90 1003 272 1053 platione
299 1004 494 1054 imaginis
521 1018 641 1043 suam
671 1018 835 1054 quoquo
863 1005 987 1043 modo
1015 1008 1190 1055 possunt
1221 1005 1410 1044 solentur
1438 1005 1686 1044 orbitatem:

89 1069 141 1108 ad
161 1069 354 1108 diuinum
373 1070 546 1119 proinde
564 1070 668 1108 illud
688 1072 811 1108 tuum
836 1070 1095 1119 Adagiorum
1119 1070 1230 1118 (cum
1258 1072 1298 1109 te
1325 1071 1410 1109 frui
1439 1084 1524 1109 non
1552 1070 1687 1119 liceat)

91 1147 194 1184 opus
222 1134 496 1185 confugimus,
520 1135 716 1184 epistolas
738 1134 896 1184 aliquot
925 1137 1017 1174 tuas
1039 1135 1089 1174 ad
1116 1135 1298 1174 Leonem
1324 1136 1448 1174 Pont.
1470 1135 1593 1184 Max„
1624 1137 1688 1174 cui
1710 1150 1746 1181 25

92 1199 400 1249 Hieronymum
429 1202 551 1238 tuum
590 1201 652 1249 (vt
679 1200 756 1248 ais)
796 1202 1080 1238 renascentem
1114 1201 1371 1248 consecrasti,
1404 1201 1456 1239 ad
1486 1201 1685 1250 quosdam

91 1264 218 1302 etiam
247 1264 491 1311 Cardinales,
523 1264 574 1302 ad
612 1263 892 1302 Moecenatem
928 1266 1137 1314 postremo
1174 1266 1307 1312 tuum,
1347 1265 1687 1304 Cantuariensem

91 1328 471 1378 Archiepiscopum‚
503 1328 665 1367 assidua
693 1328 868 1366 lectione
897 1329 1217 1378 prosequimur;
1247 1342 1369 1379 quem
1398 1330 1588 1368 videmus
1616 1330 1688 1368 abs

91 1397 133 1431 te
150 1394 303 1444 vbique
321 1396 408 1432 tam
427 1393 611 1432 studiose
639 1393 800 1443 pictum
826 1395 996 1443 tamque
1022 1394 1176 1432 affabre
1199 1407 1408 1441 excusum,
1429 1397 1476 1433 vt
1502 1394 1609 1433 tanti
1635 1395 1688 1433 sit

91 1459 277 1497 nominis
292 1461 499 1508 quantum
518 1461 565 1496 tu
584 1458 649 1496 illi
659 1458 816 1496 virtute
831 1460 1001 1507 arteque
1020 1459 1206 1497 cudendo
1223 1459 1465 1498 conciliaris.
1517 1459 1551 1497 Ο
1564 1473 1689 1509 quam
1709 1477 1750 1507 30

91 1524 195 1562 bene
219 1523 385 1573 vtrique
408 1523 645 1561 consultum
671 1524 744 1571 est,
767 1523 805 1561 ei
834 1523 941 1573 quod
969 1523 1044 1562 abs
1069 1526 1110 1562 te
1134 1523 1331 1563 celebrari
1356 1524 1583 1574 contigerit,
1611 1525 1690 1563 tibi

92 1589 164 1638 qui
182 1588 227 1627 in
246 1602 293 1627 eo
313 1588 553 1627 celebrando
565 1588 760 1626 celebrari
774 1588 955 1627 volueris
969 1591 1022 1637 et,
1039 1589 1141 1627 dum
1152 1588 1268 1627 illius
1287 1589 1462 1627 excubas
1482 1589 1685 1637 laudibus,

92 1653 397 1692 immortalitati
415 1655 511 1691 tuae
531 1652 724 1691 consulis.

146 1718 303 1757 Mirum
322 1720 385 1757 est
400 1718 582 1768 profecto
598 1718 698 1767 quid
710 1720 994 1767 quantumque
1007 1718 1114 1756 felici
1128 1719 1209 1756 ista
1228 1720 1300 1756 tua
1320 1718 1485 1756 cuditur
1503 1719 1662 1758 officina
1681 1736 1688 1766 3

94 1783 432 1823 Gantuariensem
461 1783 667 1833 siquidem
693 1784 805 1821 hunc
831 1785 965 1829 tuum,
988 1784 1202 1822 hominem
1229 1783 1352 1833 plane
1373 1785 1585 1822 communi
1603 1786 1689 1824 fato
1709 1801 1748 1833 35

93 1848 331 1896 obnoxium,
362 1848 604 1887 Britanniae
632 1850 875 1886 contentum
903 1848 1068 1897 finibus,
1099 1851 1297 1898 tanquam
1333 1861 1490 1887 numen
1521 1850 1689 1889 adoran·

91 1913 193 1952 dum
219 1913 428 1962 proponis,
463 1913 744 1951 immortalem
778 1912 902 1950 efficis
933 1926 978 1951 ac
1014 1926 1087 1963 per
1123 1916 1263 1951 totum
1303 1913 1443 1951 orbem
1475 1913 1685 1954 diffundis.

91 1978 253 2028 Dignus
272 1980 335 2016 est
355 1991 451 2016 sane
472 1991 596 2027 quem
611 1979 682 2016 tua
697 1978 856 2023 incude,
872 1980 945 2016 tuo
958 1977 1097 2016 studio
1116 1978 1280 2028 tuisque
1300 1978 1512 2017 laboribus
1530 1980 1688 2029 optimo

92 2042 271 2093 quodam
299 2043 387 2081 iure
417 2043 614 2092 dignatus
650 2044 736 2090 sis;
774 2042 942 2092 quicum
971 2043 1128 2093 optime
1166 2046 1304 2081 actum
1343 2042 1529 2092 dixerim,
1562 2045 1687 2083 talem

91 2110 262 2147 nactum
300 2120 387 2146 esse
424 2106 632 2155 Phidiam,
673 2107 801 2145 talem
838 2107 1033 2156 Apellem
1072 2121 1117 2146 ac
1162 2107 1441 2157 Pyrgotelem‚
1484 2109 1552 2158 qui
1591 2123 1687 2148 eum
1706 2128 1751 2158 40

90 2174 308 2223 sculperet,
329 2173 519 2222 pingeret
537 2175 661 2222 atque
680 2186 731 2210 ex
750 2185 840 2228 aere
861 2172 1036 2212 duceret.
1094 2173 1175 2221 Qui
1192 2172 1361 2211 tametsi
1378 2177 1538 2213 suomet
1557 2175 1689 2214 clarus

91 2239 146 2277 sit
180 2239 352 2287 lumine,
391 2251 514 2276 nemo
561 2239 699 2275 tamen
743 2236 903 2275 inficias
949 2237 1044 2276 ierit
1090 2251 1164 2287 per
1211 2239 1251 2276 te
1298 2240 1474 2286 tuaeque
1520 2239 1688 2278 virtutis

91 2303 355 2353 splendorem
375 2302 589 2341 clariorem
601 2291 775 2340 editum.
825 2302 913 2352 Ego
927 2302 1050 2341 illum
1066 2303 1258 2352 equidem
1277 2302 1386 2341 tanti
1401 2303 1479 2341 feci
1499 2304 1688 2354 tantique

138 2393 187 2422 13.
211 2383 290 2418 aB²:
313 2383 488 2413 desineris
517 2381 565 2417 3¹.
669 2384 740 2414 LB:
766 2385 975 2422 perpetuam
990 2394 1034 2413 a:
1056 2385 1306 2424 perpetuumq3
1330 2386 1363 2418 3.
1488 2394 1536 2423 14.
1564 2385 1688 2415 iucun-

93 2427 241 2458 dissima
256 2436 357 2463 supra
373 2425 632 2456 iucundissime
644 2437 665 2456 α
680 2437 687 2456 ε
711 2426 970 2458 iucundissime
986 2429 1019 2461 3.
1119 2436 1168 2466 15.
1193 2429 1260 2458 ata
1274 2438 1283 2458 z
1298 2437 1337 2458 ac
1348 2430 1382 2462 3.
1475 2429 1524 2458 16.
1548 2428 1685 2466 grauis-

93 2471 291 2509 simamque
307 2470 342 2503 3.
431 2479 483 2500 22.
507 2471 546 2499 vt
559 2480 598 2499 a:
623 2469 651 2500 ἀ
666 2471 701 2503 β.
789 2479 842 2509 25.
867 2471 890 2504 β
906 2481 913 2500 :
937 2469 1184 2510 confugiemus
1197 2482 1227 2501 α.
1320 2473 1371 2502 26.
1399 2473 1452 2502 ais
1464 2469 1524 2505 <13²
1541 2482 1547 2500 :
1570 2471 1621 2501 eis
1635 2471 1686 2505 3¹.

93 2523 144 2553 27.
171 2511 250 2547 1232:
275 2513 559 2543 tantuariensem
575 2512 622 2546 3¹.
720 2522 773 2551 29.
797 2512 855 2547 3²:
879 2522 1068 2544 excussum
1084 2514 1151 2547 a3¹.
1213 2515 1305 2544 vta:
1328 2514 1402 2548 8⁶3.
1501 2524 1553 2552 30.
1578 2514 1638 2544 ille
1651 2516 1684 2548 3.

92 2558 171 2591 «ιβ-ἐ
187 2556 389 2587 concilieris
401 2554 448 2589 3¹.
519 2565 573 2594 31.
591 2556 732 2595 vtrique
744 2553 784 2590 3²
800 2567 807 2586 :
823 2566 954 2595 vmque
969 2568 990 2586 α
1004 2568 1012 2586 :
1027 2567 1084 2587 om.
1097 2556 1145 2591 3¹.
1212 2558 1265 2595 36.
1284 2560 1456 2596 tanquam
1469 2558 1542 2591 123²:
1564 2567 1622 2588 om.
1636 2558 1683 2592 3¹.

93 2610 227 2631 numen
243 2611 263 2630 α
279 2609 286 2629 :
310 2608 458 2629 numem
475 2598 512 2633 β2
529 2610 536 2629 ;
560 2608 715 2630 ommem
731 2599 782 2633 3¹.
913 2600 965 2638 38.
989 2602 1052 2630 tua
1067 2602 1121 2630 ΕΒ
1136 2611 1144 2630 2
1168 2602 1230 2630 tuo
1244 2602 1299 2634 αβ.
1435 2611 1487 2639 40.
1514 2600 1683 2631 Phidiam

92 2644 150 2678 32:
173 2643 313 2674 Psidice
329 2652 370 2671 a:
394 2642 565 2681 psidicem
581 2643 629 2676 [3¹.
727 2642 954 2682 Pyrgotelem
970 2645 1090 2682 scripsi,
1109 2645 1146 2679 cs.
1164 2645 1245 2674 Plin.
1266 2646 1306 2674 N.
1323 2646 1365 2676 Η.
1384 2654 1415 2683 7.
1431 2653 1486 2683 37.
1506 2652 1581 2682 125:
1606 2644 1685 2674 Per-

92 2686 244 2727 gotelem
259 2697 278 2716 a
295 2697 302 2716 z
326 2685 545 2724 Progotelem
562 2686 584 2720 3
600 2697 607 2716 ε
633 2685 868 2725 Protogenem
882 2688 946 2716 LB.
1045 2689 1089 2716 eu
1103 2697 1124 2716 α
1139 2697 1146 2716 :
1171 2687 1227 2716 effi
1243 2687 1277 2720 β.
1397 2696 1449 2726 41.
1474 2686 1589 2718 clarus
1604 2686 1662 2721 αβ2
1676 2699 1682 2718 :

93 2731 205 2761 durus
219 2728 266 2763 3¹.

137 2815 190 2844 25.
213 2804 395 2845 epistolas]
419 2805 506 2844 Epp.
524 2813 641 2843 333-5.
918 2805 1022 2835 From
1045 2805 1092 2835 its
1113 2806 1269 2845 position
1292 2809 1328 2837 at
1350 2806 1412 2837 the
1434 2806 1504 2837 end
1525 2807 1563 2837 of
1580 2807 1648 2838 vol.
1671 2808 1681 2837 i

136 2850 186 2880 26.
212 2851 252 2878 vt
268 2847 336 2889 ais]
360 2847 423 2887 Ep.
442 2856 516 2886 335.
535 2857 597 2886 327
615 2857 686 2887 seq.
918 2848 956 2878 of
968 2848 1119 2887 Jerome,
1139 2849 1347 2880 Giustinian
1364 2850 1480 2889 might
1495 2849 1577 2880 well
1593 2850 1683 2881 have

181 2891 410 2931 consecrasti]
445 2892 504 2921 An
539 2901 645 2930 error,
676 2890 856 2922 doubtless
918 2891 1026 2922 failed
1050 2894 1086 2922 to
1109 2892 1350 2932 comprehend
1373 2893 1453 2923 that
1476 2893 1507 2924 it
1528 2903 1599 2924 was
1622 2893 1684 2924 the

93 2935 200 2966 based
217 2945 262 2966 on
280 2935 342 2975 Ep.
360 2943 434 2973 334.
456 2943 525 2973 155.
919 2934 1055 2975 preface
1071 2937 1108 2965 to
1124 2935 1185 2966 the
1202 2936 1318 2966 whole
1340 2936 1488 2975 edition,
1506 2937 1578 2967 and
1594 2937 1684 2968 have

136 2989 189 3018 27.
229 2977 540 3018 Cantuariensem]
579 2976 754 3016 Probably
790 2977 856 3017 Ep.
918 2979 1025 3018 given
1038 2978 1250 3017 precedence
1263 2981 1298 3010 to
1311 2979 1487 3011 Erasmus'
1501 2980 1682 3011 intention

93 3023 168 3062 396,
194 3022 233 3052 in
258 3021 350 3061 spite
374 3021 412 3052 of
432 3021 494 3052 the
518 3031 616 3052 error
633 3020 709 3060 just
732 3020 852 3052 noted.
918 3022 1129 3053 announced
1145 3022 1183 3052 in
1200 3022 1287 3062 Epp.
1302 3032 1408 3063 3345.

836 3076 938 3115 L12
