2073 3464
138 160 234 214 305]
582 164 652 203 To
688 164 870 204 JAMES
907 165 1284 205 WIMPFELING
1675 168 1727 205 23

135 273 202 310 vir
223 273 338 311 varia
361 273 548 312 doctrina
573 274 794 323 praeditus,
818 274 870 313 ad
895 275 993 314 haec
1015 274 1204 314 moribus
1231 275 1419 314 doctrina
1445 275 1592 325 dignis.
1653 276 1727 315 Est

136 337 204 375 hic
234 351 395 388 quoque
422 340 541 388 poeta
563 339 786 387 laureatus,
810 339 1020 379 Henricus
1051 340 1291 389 Glareanus,
1319 341 1424 379 mire
1455 340 1654 380 candidus
1682 355 1727 381 ac

134 402 312 442 festiuus
335 406 377 442 et
403 417 591 443 summae
616 404 704 454 spei
725 404 900 443 iuuenis.
957 406 1027 444 Ab
1051 405 1245 445 Vdalrico
1265 406 1393 454 Zasio,
1416 406 1487 456 qui
1516 406 1729 457 Friburgis

135 481 286 518 magna
305 482 400 507 cum
419 469 539 508 laude
557 469 667 519 leges
687 470 902 508 Caesareas
919 470 1147 520 profitetur,
1166 484 1268 510 vnas
1288 472 1409 521 atque
1428 470 1576 510 alteras
1594 473 1729 522 accepi

135 533 286 582 literas,
308 547 358 573 ex
376 534 525 584 quibus
543 534 649 573 mihi
669 534 894 584 perspicere
914 536 1054 573 videor
1072 536 1289 575 hominem
1310 549 1394 575 non
1413 537 1579 575 tantum
1598 537 1730 575 erudi·

136 601 228 637 tum
262 601 303 638 et
332 599 606 649 eloquentem,
641 600 914 638 verumetiam
948 613 1041 638 raro
1074 602 1253 650 quodam
1286 602 1445 652 ingenii
1477 601 1652 640 candore
1685 615 1730 641 ac

136 664 338 714 singulari
361 663 596 713 praeditum
620 663 850 713 prudentia.
906 665 1047 703 Audio
1072 667 1227 715 passim
1251 667 1358 716 apud
1387 667 1618 706 Germanos
1643 680 1732 706 esse

138 729 250 767 viros
289 728 510 777 insigniter
552 728 745 776 eruditos,
793 742 873 779 quo
915 729 1021 767 mihi
1064 731 1196 780 magis
1235 743 1280 768 ac
1320 732 1453 782 magis
1491 732 1646 771 arridet
1692 735 1732 771 et

136 792 362 831 adlubescit
398 793 504 831 mihi
547 806 639 831 mea
677 794 908 840 Germania,
951 807 1076 844 quam
1118 795 1232 845 piget
1269 809 1314 834 ac
1353 797 1480 845 pudet
1517 798 1604 835 tam
1642 810 1731 836 sero

137 857 344 908 cognitam
379 858 518 897 fuisse.
591 858 772 897 Proinde
813 859 933 898 facile
966 873 1135 909 possum
1166 860 1313 899 adduci
1346 863 1393 899 vt
1431 861 1500 899 hic
1537 862 1732 910 hyemem

136 936 265 972 vsque
285 924 336 961 ad
356 923 458 962 Idus
477 923 672 972 Marcias3
701 924 849 963 deinde
869 925 1067 963 confectis
1087 938 1191 975 quae
1210 926 1306 964 volo
1325 926 1371 964 in
1392 925 1516 964 Italia
1535 927 1729 976 negociis,

135 989 187 1027 ad
212 988 316 1027 Idus
341 989 473 1028 Maias
501 1002 575 1028 vos
599 990 790 1029 reuisam.
850 992 990 1040 Atque
1009 990 1051 1028 id
1078 991 1227 1029 faciam
1247 990 1471 1039 lubentius,
1495 990 1531 1029 si
1549 991 1664 1030 velut
1685 993 1732 1030 de

136 1054 290 1101 eodem,
332 1055 441 1104 quod
479 1054 608 1102 aiunt,
649 1054 738 1094 oleo
767 1056 989 1105 eademque
1022 1069 1143 1106 opera
1173 1056 1390 1095 vniuersas
1427 1056 1734 1096 lucubrationes

137 1132 250 1158 meas
267 1119 468 1169 hybernis
487 1119 554 1158 his
572 1120 788 1159 mensibus
807 1121 930 1159 liceat
951 1120 1152 1160 emittere.

189 1185 447 1236 Adagiorum
467 1199 571 1236 opus
588 1187 672 1225 iam
692 1186 839 1225 excudi
859 1188 1053 1236 coeptum
1072 1188 1147 1224 est.
1189 1186 1385 1237 Superest
1405 1187 1573 1226 Nouum
1595 1188 1731 1227 Testa-

136 1253 327 1289 mentum
346 1265 370 1290 a
388 1264 456 1290 me
474 1265 641 1290 versum
657 1254 698 1290 et
717 1265 738 1289 e
753 1251 920 1301 regione
940 1252 1157 1299 Graecum,
1175 1265 1257 1290 vna
1276 1265 1370 1291 cum
1390 1253 1543 1291 nostris
1562 1252 1608 1291 in
1627 1252 1732 1291 illud

136 1317 452 1355 annotamentis.
512 1317 622 1355 Tum
651 1316 849 1367 epistolae
878 1317 965 1355 diui
989 1317 1228 1356 Hieronimi
1248 1331 1271 1356 a
1296 1317 1415 1356 nobis
1438 1318 1672 1368 recognitae
1693 1321 1734 1357 et

136 1394 160 1419 a
184 1382 463 1431 suppositiciis
493 1395 538 1421 ac
570 1382 712 1422 nothis
736 1384 990 1433 repurgatae,
1014 1396 1175 1421 necnon
1202 1385 1243 1421 et
1269 1382 1439 1421 scholiis
1464 1384 1618 1422 nostris
1642 1383 1732 1422 illu-

134 1448 297 1486 stratae.
356 1447 575 1486 Praeterea
594 1447 771 1486 Senecae
789 1448 964 1487 oratoris
983 1448 1123 1486 omnia
1141 1449 1296 1498 scripta
1319 1461 1406 1487 non
1432 1448 1521 1487 sine
1541 1448 1733 1487 maximis

134 1512 354 1551 sudoribus
378 1526 402 1552 a
429 1513 550 1552 nobis
576 1513 816 1552 emaculata.
876 1513 958 1552 His
981 1513 1156 1552 fortasse
1185 1516 1226 1552 et
1255 1513 1507 1552 scholiorum
1536 1513 1733 1552 nonnihil

134 1578 387 1625 adficiemus,
426 1578 462 1617 si
496 1578 661 1617 dabitur
693 1579 841 1618 ocium.
915 1579 1024 1618 Sunt
1062 1581 1103 1618 et
1137 1579 1215 1617 alia
1247 1579 1469 1628 minutula,
1499 1579 1550 1618 de
1582 1579 1732 1629 quibus

135 1643 277 1682 minus
297 1643 467 1682 solliciti
486 1657 631 1683 sumus
647 1658 657 1691 ;
686 1657 789 1694 quae
809 1644 845 1682 si
865 1644 1063 1694 suscipiet
1089 1644 1157 1683 hic
1177 1644 1512 1695 chalcographus,
1532 1644 1731 1683 abdemus

136 1721 211 1746 nos
238 1709 497 1748 testudinum
524 1709 621 1757 ritu,
653 1723 738 1748 non
763 1710 815 1748 ad
843 1722 1039 1748 somnum
1067 1710 1138 1748 sed
1163 1711 1210 1748 vt
1237 1710 1316 1747 toti
1343 1722 1555 1747 versemur
1582 1709 1627 1747 in
1655 1709 1732 1747 hoc

137 1774 318 1823 negocio.
377 1774 441 1812 Ex
474 1773 598 1812 Italia
630 1775 811 1821 reduces,
844 1775 905 1812 vti
942 1787 1074 1824 spero,
1113 1774 1200 1813 dies
1232 1774 1390 1823 aliquot
1423 1773 1654 1812 salutandis
1691 1775 1732 1811 et

136 1839 431 1888 cognoscendis
457 1840 702 1878 Germaniae
724 1839 962 1888 proceribus
984 1853 1208 1878 sumemus.
1277 1839 1386 1878 Nam
1416 1839 1492 1878 hos
1523 1853 1618 1878 vere
1644 1853 1732 1890 pro-

137 1916 248 1942 ceres
285 1904 487 1952 existimo,
520 1917 606 1943 non
646 1905 717 1954 qui
755 1905 876 1942 funes
914 1917 1057 1943 aureos
1096 1903 1201 1942 collo
1243 1904 1539 1942 circumferunt
1580 1905 1732 1954 quique

137 1969 313 2019 parietes
331 1971 374 2007 et
392 1969 599 2008 vestibula
617 1969 739 2019 pictis
764 1969 970 2008 maiorum
990 1969 1243 2020 imaginibus
1259 1971 1419 2017 ornant,
1442 1969 1512 2008 sed
1533 1969 1605 2019 qui
1623 1970 1732 2008 veris

137 2048 182 2072 ac
203 2034 290 2072 suis
317 2034 448 2081 bonis,
470 2034 546 2072 hoc
574 2036 636 2073 est
664 2034 907 2082 eruditione,
930 2034 1126 2079 moribus,
1147 2034 1391 2084 eloquentia,
1412 2034 1591 2084 patriam
1614 2047 1731 2073 suam

137 2113 182 2138 ac
208 2113 305 2138 suos
328 2112 413 2138 non
437 2099 575 2138 solum
598 2099 811 2138 illustrant
834 2099 906 2138 sed
931 2099 1055 2138 etiam
1081 2099 1291 2137 adiuuant.
1350 2099 1595 2137 Reuerendo
1623 2100 1732 2149 patri

136 2164 432 2214 christophoro
473 2165 697 2204 Basiliensi
730 2165 918 2215 episcopo
955 2167 1048 2203 tuas
1086 2165 1272 2203 nondum
1308 2163 1470 2203 reddidi
1502 2164 1655 2213 literas,
1688 2165 1731 2202 in

182 2276 256 2306 209.
296 2265 480 2296 Henricus
512 2276 570 2297 om.
601 2267 635 2300 B.
799 2275 872 2297 210.
914 2275 1074 2296 summae
1105 2276 1146 2295 a:
1186 2265 1318 2304 optime
1349 2265 1382 2298 β.
1500 2263 1664 2302 Friburgi
1695 2265 1729 2297 β.

138 2318 213 2349 215.
249 2309 442 2349 insigniter
468 2320 511 2340 a:
544 2310 727 2349 eleganter
753 2311 787 2343 β.
921 2309 1013 2340 mihi
1038 2311 1110 2339 add.
1137 2310 1172 2342 β.
1305 2309 1363 2338 αδε
1400 2317 1439 2338 ac
1467 2308 1580 2347 magis
1609 2317 1667 2337 om.
1694 2319 1725 2345 γ.

139 2363 212 2385 221.
238 2353 296 2383 his
311 2354 333 2387 β
348 2363 356 2383 :
380 2353 424 2384 iis
439 2364 467 2382 α.
579 2363 653 2392 227.
679 2353 748 2384 His
764 2353 912 2384 fortasse
929 2365 948 2382 a
965 2365 971 2383 :
996 2353 1168 2383 Fortassis
1184 2353 1218 2386 Β.
1333 2361 1406 2390 234.
1432 2351 1653 2390 imaginibus
1669 2351 1707 2379 αδ
1725 2362 1732 2378 ;

140 2396 408 2436 magistratibus
423 2398 457 2430 β.
546 2398 622 2435 236.
647 2396 857 2428 Reuerendo
874 2397 969 2436 patri
985 2396 1242 2436 Christophoro
1258 2405 1316 2425 om.
1332 2397 1366 2429 β.
1458 2404 1532 2434 237.
1558 2393 1659 2424 reddi
1675 2394 1700 2423 δ.

138 2497 176 2525 to
191 2495 346 2526 transfer
368 2495 519 2526 himself
537 2497 573 2527 to
589 2496 741 2527 another
754 2505 836 2527 cure
861 2497 900 2526 in

143 2547 223 2576 1521
250 2538 378 2579 (Ge’ny,
403 2541 459 2570 Die
482 2541 677 2570 Reichsstadt
699 2542 899 2579 schlettstadi,

140 2591 174 2620 p.
193 2583 268 2621 109)
289 2581 361 2612 and
375 2583 479 2621 again
495 2583 536 2613 in
555 2592 635 2622 1525
662 2583 779 2624 (BRE.
797 2583 875 2623 446)
895 2594 902 2613 :

139 2624 260 2655 which
283 2624 314 2655 is
336 2624 400 2655 the
424 2626 493 2656 last
516 2626 665 2667 glimpse
681 2636 732 2657 we
756 2627 846 2657 have
868 2625 908 2656 of

139 2668 228 2698 him.
273 2667 330 2698 He
355 2677 438 2707 may
467 2669 620 2709 perhaps
644 2670 687 2700 be
714 2669 903 2700 identified

139 2711 230 2741 with
258 2720 278 2741 a
301 2710 352 2742 Io.
379 2711 609 2751 Gallinarius,
628 2713 709 2743 who
736 2714 904 2743 matricu-

141 2753 237 2785 lated
254 2756 291 2784 at
307 2754 457 2793 Cologne
473 2764 516 2792 30
530 2755 624 2786 June
638 2765 720 2794 1509
735 2766 742 2794 ;
758 2756 823 2786 but
840 2756 903 2786 the

140 2798 192 2829 Io.
232 2797 381 2836 Henhn,
415 2798 544 2828 author
580 2798 619 2829 of
646 2800 709 2830 the
746 2801 904 2835 Expositio

139 2843 317 2878 Antiphone
327 2851 381 2871 seu
395 2843 512 2871 Cantici
528 2844 622 2872 salue
638 2845 770 2879 Regina,
786 2841 901 2880 Basle,

141 2883 279 2923 Furter,
304 2893 347 2914 20
361 2884 441 2915 Jan.
463 2893 545 2923 1505
570 2884 721 2923 (Panzer
742 2885 788 2914 ix.
807 2884 900 2924 391),

139 2937 213 2958 was
234 2927 404 2967 probably
426 2937 446 2958 a
469 2928 637 2958 different
656 2937 792 2968 person.
840 2927 903 2958 See

140 2970 306 3002 Schmidt
321 2971 393 3002 and
409 2971 579 3011 Bocking.

185 3023 257 3044 212.
278 3014 416 3054 literas]
429 3015 493 3055 Ep.
503 3024 586 3054 3ο3;
606 3014 678 3046 and
690 3014 905 3054 apparently

963 2496 1026 2536 Ep.
1045 2497 1109 2534 306
1125 2494 1197 2525 had
1213 2494 1359 2534 already
1374 2494 1463 2524 been
1480 2492 1672 2523 delivered.

1006 2548 1079 2577 217.
1110 2548 1255 2578 possum
1287 2536 1433 2577 adduci]
1469 2537 1524 2567 On
1556 2546 1599 2584 ²4.
1633 2535 1727 2575 Sept.

963 2580 1657 2662 {235302353320iffisssssstugzssffs
1664 2581 1733 2652 113}

963 2669 1198 2708 hyematurus
1215 2668 1290 2699 est.'
1338 2667 1441 2697 Basle
1459 2666 1528 2697 MS.
1548 2666 1588 2697 G.
1607 2665 1658 2698 IL
1680 2675 1727 2704 13.

963 2722 1016 2751 90.
1054 2712 1129 2742 The
1145 2712 1251 2742 letter
1269 2711 1328 2750 (an
1345 2709 1557 2749 autograph)
1574 2708 1605 2740 is
1620 2708 1729 2739 dated

964 2764 1032 2794 xx4
1069 2756 1183 2795 (more
1218 2753 1385 2794 probable
1418 2753 1509 2784 than
1537 2752 1614 2792 xxx)
1647 2752 1730 2791 Sep-

965 2798 1116 2829 tembris
1125 2798 1232 2828 Anno
1244 2805 1382 2836 affixum
1404 2797 1468 2827 but
1481 2805 1501 2827 a
1512 2795 1598 2827 final
1611 2796 1729 2826 stroke

965 2841 1030 2872 has
1064 2841 1250 2880 evidently
1282 2840 1372 2871 been
1403 2839 1563 2880 dropped
1596 2840 1635 2870 in
1667 2839 1730 2870 the

965 2883 1147 2923 year-date
1164 2884 1211 2923 by
1226 2883 1390 2914 mistake.

1010 2937 1085 2966 223.
1104 2937 1125 2958 a
1142 2936 1197 2957 me
1207 2927 1364 2967 versum]
1381 2927 1455 2957 The
1471 2926 1550 2958 first
1565 2927 1728 2958 mention

967 2971 1005 3002 of
1008 2980 1054 3001 an
1062 2970 1235 3001 intended
1243 2971 1455 3002 translation
1469 2981 1476 3009 ;
1492 2970 1535 3001 cf.
1545 2980 1602 3010 pp.
1615 2971 1684 3002 182.
1697 2980 1728 3009 3.

1009 3023 1084 3053 237.
1101 3013 1372 3055 christophoro]
1396 3013 1434 3045 of
1446 3014 1654 3046 Utenheini.

1750 423 1813 445 210

1752 751 1810 781 215

1753 1077 1817 1097 220

1753 1404 1813 1434 225

1753 2055 1810 2086 235
