2010 3417
94 163 193 218 374]
544 165 698 205 FROM
735 165 764 205 J
766 164 887 204 OHN
925 164 1249 205 CAESARIUS
1618 165 1695 205 173

262 318 459 350 IOANNES
489 318 716 350 CESAREVS
748 317 928 350 ERASMO
960 317 1269 349 ROTERODAMO
1300 316 1518 348 SALVTEM.

149 411 332 461 Qvo'rms
351 411 555 450 memoria
575 424 740 450 mecum
763 411 902 460 repeto
927 411 1021 449 tuos
1046 410 1148 449 istos
1174 410 1335 449 labores
1361 423 1551 449 summos
1577 413 1617 450 et
1637 410 1696 450 lu-

93 476 355 516 cubrationes
373 475 646 527 proculdubio
673 476 874 526 ingentes,
896 475 1049 525 quibus
1069 475 1226 515 scilicet
1247 476 1374 514 bonas
1401 475 1561 514 litteras
1580 489 1625 515 ac
1644 491 1697 515 ne

92 542 188 582 illas
212 541 382 592 quidem
407 541 578 580 infimas
601 555 790 592 reparare
809 543 932 590 atque
951 541 1095 580 iuuare
1119 541 1272 591 satagis
1291 541 1505 592 pergisque
1525 541 1696 581 foelicis-

93 608 208 656 sime,
242 607 314 646 vix
345 606 428 645 dici
456 608 594 656 potest
629 608 785 657 quanta
824 620 892 644 me
926 608 1065 645 teneat
1098 606 1318 645 admiratio
1348 607 1421 656 tui,
1454 607 1697 658 dignissime

92 674 159 713 vir
176 688 186 722 ;
228 685 324 712 cum
344 685 426 722 quo
446 672 556 722 quod
580 671 905 711 familiaritatem
929 671 1037 710 mihi
1057 685 1189 721 nuper
1208 672 1314 711 inire
1333 673 1576 724 contigerat,
1603 687 1698 713 cum
1718 691 1734 721 5

93 738 203 789 apud
224 751 301 777 nos
321 737 513 777 Coloniae
533 750 652 786 esses,
675 750 759 776 non
780 750 951 786 paruam
978 738 1051 787 (sic
1072 737 1178 775 mihi
1199 739 1333 788 crede)
1352 739 1561 778 felicitatis
1585 753 1699 780 meae

92 806 266 855 partem,
291 802 457 853 qualem
485 803 654 852 quidem
679 803 724 841 in
752 802 829 841 hoc
858 803 968 842 vitae
992 803 1078 841 salo
1105 803 1296 842 homines
1322 806 1484 856 assequi
1512 808 1696 856 possunt,

93 872 249 921 reputo.
311 868 421 907 Nam
442 867 539 918 quid
566 868 725 907 felicius
748 868 815 908 his
846 869 1000 908 nostris
1024 869 1282 918 temporibus
1310 869 1522 920 obtingere
1548 871 1696 920 potuit,

93 935 294 975 studiosis
330 933 572 984 praesertim
610 934 862 984 hominibus,
904 948 1028 986 quam
1067 933 1172 973 tales
1209 936 1428 985 tantosque
1466 936 1578 975 viros
1615 937 1698 975 iam

92 1000 246 1048 haberi,
271 1012 450 1050 quorum
477 1013 599 1051 opera
623 1000 860 1040 incessabili
886 1002 927 1040 et
947 1001 1154 1039 industria
1172 1000 1412 1040 incredibili
1432 1014 1479 1039 ea
1497 1003 1635 1041 studia
1655 1003 1699 1041 in
1721 1018 1759 1039 10

94 1068 230 1107 lucem
245 1065 329 1104 iam
342 1065 512 1104 demum
525 1065 726 1115 prodeant
741 1080 882 1106 rursus
895 1068 915 1105 ⁶?
936 1066 1087 1117 quibus
1101 1065 1219 1115 (proh
1231 1066 1365 1116 pudor
1376 1066 1400 1116 Ξ)
1414 1067 1484 1105 diu
1502 1067 1701 1118 neglectis

94 1132 234 1172 nescio
259 1144 363 1182 quae
390 1130 566 1169 absurda.
591 1131 763 1171 interim
784 1134 982 1179 monstra,
1006 1144 1091 1170 non
1111 1131 1234 1170 modo
1253 1131 1298 1171 in
1316 1132 1543 1183 prophanis
1563 1135 1622 1183 (vt
1642 1133 1700 1173 ita

94 1196 285 1245 dixerim)
317 1197 356 1235 et
396 1195 651 1235 secularibus
687 1196 839 1236 litteris
872 1197 1149 1236 verumetiam
1179 1196 1246 1246 (ob
1281 1198 1389 1247 quod
1423 1199 1604 1237 maxime
1633 1199 1699 1238 do-

93 1263 269 1303 lendum
304 1262 404 1311 erat)
435 1261 480 1299 in
511 1261 676 1310 diuinis,
699 1262 784 1301 imo
803 1276 903 1302 vero
930 1264 971 1301 et
1000 1262 1046 1301 in
1071 1263 1161 1313 ipsa
1188 1262 1388 1312 religione
1412 1266 1564 1312 nostra,
1596 1278 1699 1315 quae

95 1329 254 1378 alioqui
282 1326 561 1366 sincerissima
589 1326 743 1376 existit,
774 1328 897 1367 annis
925 1328 1076 1367 abhinc
1105 1328 1319 1367 retroactis
1353 1329 1604 1380 octingentis
1632 1330 1700 1369 vel
1723 1346 1759 1378 15

94 1393 275 1445 amplius
294 1392 463 1431 suborta
483 1392 580 1432 sint.
643 1393 737 1432 Non
757 1394 904 1433 dubito
929 1394 1032 1445 quin
1057 1394 1143 1433 fato
1160 1393 1299 1444 aliquo
1328 1397 1400 1434 aut
1427 1397 1535 1434 certe
1556 1396 1701 1435 diuino

94 1459 232 1510 potius
264 1459 371 1497 nutu
406 1457 520 1497 istud
550 1458 610 1497 ita
641 1459 817 1508 eueniat,
850 1462 897 1499 vt
925 1461 1114 1498 monstra
1143 1459 1223 1498 ista
1251 1459 1324 1498 abs
1342 1462 1384 1499 te
1412 1460 1541 1500 veluti
1572 1461 1701 1500 altero

95 1523 276 1564 Hercule
316 1536 392 1562 nec
425 1536 511 1562 non
552 1525 593 1562 et
618 1524 670 1563 ab
700 1525 793 1564 aliis
823 1525 1072 1576 quibusdam
1102 1525 1190 1576 pari
1221 1525 1392 1575 quidem
1424 1528 1585 1573 conatu,
1622 1527 1701 1566 etsi

95 1603 181 1630 non
218 1590 362 1628 eadem
400 1588 607 1638 felicitate,
646 1590 930 1640 eliminentur,
968 1590 1299 1630 exterminentur
1328 1604 1373 1630 ac
1407 1592 1497 1631 neci
1530 1592 1701 1631 demum

95 1656 312 1694 dedantur.
1722 1672 1762 1693 20

150 1721 436 1760 Admonerem
455 1720 638 1770 profecto
659 1722 700 1760 te
714 1722 760 1760 vt
780 1734 968 1772 pergeres
987 1721 1095 1760 sicut
1114 1721 1294 1771 coepisti,
1320 1721 1402 1760 nisi
1423 1724 1535 1761 certo
1555 1723 1701 1762 scirem

98 1788 139 1824 te
175 1788 248 1824 tua
280 1787 426 1837 sponte
453 1787 504 1824 ad
531 1785 637 1824 hanc
672 1799 761 1825 rem
796 1786 985 1825 animum
1015 1799 1183 1836 prorsus
1212 1786 1439 1826 induxisse.
1497 1787 1611 1826 Illud
1647 1790 1702 1826 ta-

99 1864 196 1890 men
226 1864 311 1890 non
338 1851 533 1890 omittam
560 1851 793 1901 significare
821 1852 909 1899 tibi,
935 1851 1043 1902 quod
1071 1851 1253 1890 mirabili
1275 1852 1373 1890 voto
1400 1854 1495 1890 tuae
1520 1853 1703 1902 quotidie

99 1917 227 1956 ferme
261 1918 527 1967 expectantur
564 1917 873 1956 lucubrationes
906 1929 952 1955 ac
979 1917 1029 1955 ab
1062 1917 1256 1955 omnibus
1287 1916 1461 1956 mirifice
1495 1930 1702 1957 commen-

100 1983 253 2021 dantur
279 1982 319 2020 et
346 1981 434 2021 sine
454 1981 622 2029 inuidia,
647 1982 697 2020 ab
724 1982 776 2020 iis
803 1995 965 2032 quoque
984 1982 1055 2032 qui
1075 1984 1263 2021 monstra
1289 1983 1422 2021 adhuc
1442 1983 1542 2022 talia
1568 1986 1702 2033 partu·
1723 1999 1760 2029 25

100 2048 226 2096 riunt,
250 2047 403 2086 assueti
425 2046 535 2086 haud
568 2047 681 2086 aliud
708 2047 923 2097 quippiam
950 2061 1101 2097 parere.
1176 2047 1294 2095 Quod
1318 2047 1411 2097 quis
1444 2049 1577 2087 nescit
1614 2049 1703 2088 iure

100 2115 213 2153 inter
250 2112 540 2152 memorabilia
573 2113 868 2152 referendum?
919 2112 1067 2163 Itaque
1097 2114 1251 2163 quanta
1281 2114 1321 2151 te
1341 2114 1471 2164 gloria
1499 2114 1544 2152 in
1572 2117 1703 2165 poste·

99 2192 196 2219 rum
217 2180 257 2218 et
275 2180 368 2228 post
388 2179 567 2217 mortem
583 2182 761 2226 maneat,
781 2192 884 2229 quae
905 2179 1045 2217 omnia
1064 2178 1221 2217 maiora
1236 2178 1369 2217 facere
1389 2179 1503 2228 solet,
1524 2193 1597 2219 nec
1616 2180 1704 2230 ipse

100 2245 270 2296 quidem
286 2244 485 2283 coniicere
504 2244 666 2294 poteris.
717 2245 777 2283 At
798 2258 876 2283 nos
895 2245 1032 2283 Deum
1053 2244 1272 2294 Optimum
1287 2244 1522 2284 Maximum
1539 2259 1703 2285 oramus

101 2311 256 2358 sedulo,
278 2323 479 2359 speroque
499 2310 608 2360 quod
629 2310 902 2358 exorabimus,
926 2312 973 2349 vt
994 2310 1168 2360 longum
1191 2309 1337 2348 valeas.
1391 2310 1494 2349 Vale
1514 2312 1680 2362 optime.
1724 2321 1764 2352 30

157 2375 349 2415 Coloniae
369 2374 416 2413 iii
437 2375 577 2414 Nonas
599 2375 790 2414 Decemb.

155 2440 295 2481 Audio
316 2440 580 2488 Glareanum,
603 2441 741 2480 virum
772 2455 858 2480 non
884 2454 1032 2491 parum
1059 2441 1240 2490 doctum,
1263 2454 1313 2479 ex
1333 2440 1456 2478 Italia
1484 2440 1705 2478 reuertisse

104 2507 226 2556 atque
258 2505 342 2543 iam
376 2518 488 2544 nunc
523 2506 632 2544 inter
660 2519 734 2546 vos
762 2506 942 2545 versari:
987 2519 1066 2556 qua
1099 2519 1197 2545 sane
1228 2506 1272 2544 in
1305 2519 1348 2544 re
1382 2519 1445 2544 me
1479 2505 1612 2543 multo
1644 2506 1704 2542 est

104 2570 272 2618 felicior,
297 2569 375 2607 etsi
398 2569 500 2608 alias
516 2571 627 2609 vices
656 2571 745 2609 eius
771 2571 822 2609 ob
852 2571 1109 2619 insperatum
1137 2584 1278 2609 casum
1299 2570 1426 2609 doleo.
1487 2570 1614 2607 Hune
1635 2583 1706 2607 oro

104 2637 150 2673 vt
184 2634 490 2673 humanissime
523 2648 614 2673 meo
647 2636 817 2674 nomine
849 2636 1009 2674 saluere
1047 2635 1216 2683 iubeas;
1248 2635 1312 2673 cui
1344 2634 1525 2683 profecto
1552 2635 1593 2672 et
1621 2634 1702 2672 iam
1725 2648 1762 2680 35

106 2699 362 2750 scripsissem
388 2712 472 2748 egO,
493 2701 535 2738 et
560 2713 627 2738 me
655 2713 728 2750 per
750 2701 909 2739 litteras
928 2702 1140 2750 vtcunque
1164 2701 1330 2749 gratum
1355 2698 1647 2747 exhibuissem,
1670 2699 1706 2738 si

104 2779 178 2816 per
197 2764 335 2803 ocium
354 2763 546 2802 licuisset.
606 2765 714 2803 Nam
733 2766 834 2803 haec
850 2765 921 2803 vix
941 2764 1117 2803 scribere
1136 2765 1187 2802 ad
1207 2766 1248 2803 te
1269 2765 1401 2814 potui,
1420 2777 1508 2802 sero
1521 2763 1706 2803 monitus

106 2831 245 2870 adesse
273 2842 366 2867 eum
397 2828 469 2879 qui
492 2829 614 2867 hasce
640 2830 691 2868 ad
716 2831 756 2868 te
782 2843 893 2868 meas
922 2829 1081 2868 litteras
1111 2828 1178 2867 vel
1208 2829 1348 2878 potius
1368 2829 1547 2879 ineptias
1568 2829 1704 2868 ferret.

152 2987 183 3016 6.
219 2983 405 3024 Coloniae]
438 2982 551 3013 There
583 2984 613 3013 is
646 2982 803 3022 nothing
837 2984 873 3013 to
942 2982 1004 3013 the
1032 2981 1187 3022 journey
1218 2985 1254 3014 to
1293 2982 1460 3022 England
1498 2992 1538 3014 or
1568 2992 1613 3014 on
1644 2982 1706 3014 the

110 3029 209 3061 show
229 3028 394 3059 whether
417 3027 478 3058 the
500 3027 586 3058 visit
607 3028 680 3058 wa's
700 3026 803 3057 made
826 3035 872 3056 on
941 3028 1090 3064 return3
1114 3036 1170 3058 see
1186 3036 1242 3067 pp.
1260 3027 1300 3066 67
1318 3025 1391 3057 and
1406 3036 1459 3066 90.
