2010 3417
318 126 397 164 266
783 123 1032 162 LETTERS
1070 123 1139 161 OF
1177 123 1443 163 ERASMUS
1781 122 1819 177 [1
1829 135 1849 173 5
1859 138 1873 162 1
1884 125 1909 161 6

255 239 295 269 45
316 235 493 282 laudem,
524 233 716 272 meliores
745 233 887 271 literas
915 233 1014 270 adeo
1041 232 1246 282 grauatim
1273 232 1452 283 recipiat.
1508 232 1678 271 Etenim
1706 234 1743 272 si
1771 234 1907 273 studia

317 299 466 349 quibus
502 310 612 336 nunc
650 297 879 335 solenniter
915 297 1047 349 ytitur
1083 298 1193 335 recta
1225 298 1335 346 sunt,
1372 297 1523 336 harum
1556 297 1786 336 accessione
1823 312 1908 338 non

316 363 648 402 obliterabuntur
691 362 765 401 illa
809 362 878 400 sed
920 361 1272 410 illustrabuntur;
1325 362 1394 401 sin
1438 375 1564 410 secus,
1610 363 1741 412 magis
1781 363 1907 402 etiam

317 428 545 478 optandum
575 430 622 467 vt
655 441 730 477 pro
760 427 902 466 nothis
935 440 1118 477 syncera,
1150 440 1224 477 pro
1257 427 1420 467 friuolis
1453 426 1572 466 vtilia
1603 427 1835 476 succedant,
1868 430 1909 467 et

315 493 431 531 iuxta
450 492 663 532 Diomedis
681 506 725 532 ac
741 492 885 531 Glauci
905 492 1252 542 permutationem
1266 494 1313 531 τὰ
1331 495 1456 544 χαλκᾶ
1474 495 1550 532 τοῖς
1567 495 1721 544 χρυσοῖς
1740 493 1909 542 ἀνταμεί-

256 562 297 593 50
315 560 466 608 βωνται.
527 558 629 607 Quis
647 557 761 597 enim
781 571 906 597 sanus
926 559 1086 596 recuset
1106 557 1173 597 vel
1193 557 1301 598 bona
1320 557 1563 597 melioribus
1577 557 1644 597 vel
1662 557 1770 596 mala
1788 556 1915 595 bonis

316 625 602 663 commutare?

371 688 497 728 Hunc
530 690 721 728 nostrum
754 689 871 727 bidui
901 689 1087 727 laborem
1116 689 1196 727 tibi
1227 689 1365 727 visum
1395 690 1456 727 est
1488 689 1632 737 dicare,
1669 701 1764 726 cum
1797 687 1909 725 haud

317 766 522 804 quaquam
541 767 608 792 me
633 754 794 804 fugeret
819 755 1118 792 munusculum
1143 754 1222 792 hoc
1247 754 1371 804 longe
1396 753 1505 792 infra
1531 755 1646 792 tuam
1673 766 1759 792 esse
1779 751 1910 802 digni-

317 821 455 858 tatem.
526 819 682 858 Maiora
726 820 962 858 merebatur
1004 819 1084 858 ista
1126 819 1316 868 eruditio,
1361 819 1440 858 ista
1484 832 1650 858 morum
1693 817 1913 868 integritas

257 892 295 922 55
317 885 559 934 candorque,
587 885 757 924 meliora
780 884 990 935 flagitabat
1017 884 1251 923 arctissima
1279 886 1421 923 nostra
1447 884 1734 932 familiaritas;
1766 895 1911 922 verum

316 949 415 988 haec
453 949 623 988 interim
660 950 759 988 boni
804 949 992 989 consulet
1034 950 1274 988 humanitas
1311 952 1394 997 tua,
1438 950 1539 988 dum
1583 951 1782 999 parantur
1825 948 1915 986 tuis

316 1014 477 1053 meritis
506 1015 705 1065 digniora.
767 1015 842 1064 Tu,
874 1015 934 1054 mi
963 1015 1134 1062 Caesari,
1165 1015 1227 1053 fac
1262 1029 1407 1065 pergas
1436 1015 1485 1054 de
1516 1015 1648 1053 literis
1675 1028 1720 1053 ac
1749 1013 1912 1053 saeculo

316 1082 389 1119 tuo
417 1080 670 1118 benemereri
699 1082 740 1119 et
767 1081 893 1119 istam
922 1094 1082 1130 quoque
1107 1080 1274 1119 laudem
1300 1080 1538 1120 Coloniensi
1564 1079 1726 1118 scholae
1749 1079 1909 1118 addere.

316 1145 424 1184 Vere
443 1159 639 1196 generoso
660 1145 815 1184 Comiti
836 1145 1049 1184 Hermano
1070 1146 1210 1185 Nouae
1235 1146 1397 1197 aquilae
1425 1148 1507 1195 aut,
1531 1146 1567 1185 si
1588 1146 1740 1184 Graece
1761 1144 1907 1191 mauis,

258 1207 299 1238 60
320 1210 499 1259 Neaetio,
523 1212 727 1249 bonarum
752 1211 970 1250 literarum
997 1211 1289 1250 candidissimo
1317 1211 1556 1259 Moecenati,
1578 1211 1757 1249 multam
1776 1223 1827 1249 ex
1846 1222 1917 1247 me

317 1276 498 1316 salutem
518 1276 652 1315 dicito.

371 1343 628 1392 Antuerpiae
647 1342 783 1381 Anno.
808 1355 984 1381 M.1›.XV1.
1008 1342 1139 1392 pridie
1159 1342 1321 1381 Natalis
1340 1342 1511 1382 Ioannis
1531 1341 1752 1392 Baptistae.

668 1490 823 1532 4¹4429.
891 1491 1022 1533 FROM
1054 1491 1260 1533 ANDREW
1291 1493 1558 1534 AMMONIUS.

366 1587 527 1633 Farrago
546 1599 581 1632 p.
600 1597 679 1631 232.
1553 1586 1830 1623 Westminster.

367 1645 403 1679 F.
423 1658 460 1690 p.
478 1655 567 1690 359:
596 1645 687 1680 HN:
717 1644 833 1679 Lond.
854 1644 929 1678 viii.
949 1655 1016 1688 41:
1047 1645 1118 1679 LB.
1140 1654 1218 1690 177.
1530 1646 1574 1681 26
1593 1645 1689 1681 June
1711 1644 1868 1691 (1516).

700 1747 911 1777 ANDREAS
942 1747 1183 1778 AMMONIVS
1216 1748 1394 1778 ERASMO
1427 1748 1458 1778 S.
1488 1748 1529 1778 D.

373 1830 583 1869 CocmrEM
614 1829 848 1867 discessisse
877 1829 1112 1878 arbitratus,
1145 1829 1276 1868 amico
1305 1830 1469 1869 cuidam
1498 1843 1590 1868 meo
1619 1828 1843 1868 traiicienti
1872 1829 1912 1866 et

319 1894 536 1933 Bruxellas
555 1894 652 1944 (quo
678 1897 719 1933 te
740 1896 964 1933 venturum
990 1895 1232 1946 coniectaui)
1261 1895 1496 1945 profecturo
1525 1897 1609 1934 tres
1627 1907 1771 1934 versus
1795 1893 1845 1932 ad
1868 1894 1910 1931 te

319 1960 536 1998 confestim
565 1960 670 2008 dedi,
708 1973 792 1999 vna
821 1973 916 1998 cum
945 1959 1135 2010 exemplo
1163 1960 1378 1999 literarum
1418 1974 1523 2011 quas
1551 1960 1631 1999 tibi
1661 1959 1910 2009 iampridem

318 2025 563 2074 scripseram
581 2027 622 2063 et
642 2038 714 2074 per
733 2027 923 2063 nostrum
943 2026 1120 2064 Paceum
1146 2025 1343 2065 miseram
1359 2041 1369 2074 ;
1398 2026 1548 2076 quibus
1566 2026 1783 2064 iunxeram
1803 2024 1910 2063 Pon-

283 2094 300 2124 5
319 2090 443 2129 tificis
464 2090 569 2128 Max.
593 2091 644 2128 ad
664 2093 705 2129 te
725 2090 882 2129 Breues
902 2091 1138 2140 appellatas.
1214 2091 1379 2130 Alteras
1398 2091 1583 2130 eiusdem
1602 2090 1779 2140 exempli
1797 2088 1907 2138 apud

319 2168 386 2194 me
406 2155 572 2203 retinui,
596 2168 696 2205 quas
716 2155 795 2193 tibi
813 2169 886 2206 per
905 2158 1026 2194 tuum
1046 2156 1234 2195 coclitem
1254 2169 1365 2195 nunc
1391 2157 1514 2195 mitto
1531 2171 1541 2204 3
1587 2156 1658 2194 sed
1677 2155 1813 2194 Breue
1831 2167 1912 2204 quo

319 2220 431 2259 idem
455 2220 577 2259 Pont.
602 2221 708 2259 Max.
733 2221 838 2271 Regi
866 2222 907 2259 te
936 2221 1119 2260 studiose
1147 2222 1418 2269 commendat,
1442 2221 1521 2259 tibi
1549 2234 1678 2267 seruO,
1712 2218 1911 2270 quoniam

320 2285 489 2324 tametsi
519 2285 642 2324 isthic
676 2285 858 2334 haberes,
891 2286 972 2324 huc
998 2288 1139 2325 tamen
1169 2299 1277 2325 esses
1303 2287 1520 2335 relaturus,
1551 2288 1592 2325 et
1616 2284 1908 2324 circumlatum

318 2353 456 2401 posset
476 2351 667 2390 excidere.

265 2422 303 2443 10
373 2418 492 2455 Aueo
514 2415 782 2455 Germanicas
802 2429 941 2466 gerras
961 2429 1009 2454 ex
1029 2418 1070 2454 te
1090 2416 1257 2455 audire:
1297 2430 1533 2467 quanquam
1563 2416 1662 2467 quid
1690 2416 1847 2455 mirum
1875 2415 1910 2453 si

320 2484 428 2521 terra
452 2481 524 2520 ina
556 2494 681 2532 quam
720 2481 889 2520 Tacitus
926 2481 1179 2530 ‘informem,
1217 2482 1328 2521 coelo
1360 2495 1558 2532 asperam,
1593 2482 1759 2520 tristem
1796 2479 1910 2518 cultu

319 2549 578 2596 aspectuque,
595 2546 678 2585 nisi
697 2547 733 2585 si
752 2547 883 2596 patria
903 2547 984 2594 sits
1000 2547 1079 2585 tibi
1093 2547 1232 2586 arrisit
1246 2549 1266 2586 ⁶?
1285 2548 1357 2597 qui
1376 2548 1510 2598 possis
1522 2547 1727 2597 Riphaeos
1746 2548 1911 2585 montes

321 2624 518 2659 serenare,
541 2611 648 2650 feras
676 2614 717 2650 et
738 2624 835 2650 saxa
864 2611 1055 2659 mollire;
1099 2612 1179 2660 cui,
1198 2612 1234 2651 si
1260 2612 1427 2662 propius
1455 2613 1636 2661 accedas,
1655 2625 1741 2650 non
1770 2612 1911 2650 minus
1958 2655 1961 2658 ,

323 2690 447 2727 quam
479 2690 552 2715 suo
588 2676 753 2726 Orpheo
785 2678 975 2716 Haemus
1008 2677 1200 2716 aduletur
1217 2692 1227 2725 ;
1266 2678 1310 2716 in
1348 2691 1472 2728 quem
1508 2678 1617 2717 nihil
1649 2679 1785 2728 potest
1821 2678 1908 2714 tam

366 2784 441 2815 428.
462 2795 514 2824 49.
541 2795 580 2816 ac
597 2787 635 2815 αδ
651 2797 657 2816 :
681 2787 717 2816 et
733 2784 779 2824 7².
882 2785 947 2816 τοῖς
962 2786 1094 2826 χρυσοῖς
1108 2796 1169 2825 ‘²72
1193 2785 1257 2815 τῶν
1273 2786 1402 2826 χρυσῶν
1418 2788 1470 2821 βδ.
1619 2787 1672 2818 62.
1697 2794 1833 2818 M‚D.xvr
1849 2794 1911 2824 α’γῑ

323 2837 493 2859 Μ.ι).ΧνΙΠ
508 2829 559 2863 βδ.
694 2829 769 2860 429.
799 2838 847 2860 10.
873 2830 904 2860 si
919 2831 967 2860 N:
994 2831 1028 2860 te
1045 2832 1081 2860 E.

369 2926 443 2957 428.
470 2938 524 2966 49.
548 2928 744 2970 Diomedis]
766 2929 872 2960 Hom.
889 2928 926 2960 II.
945 2930 975 2960 6.
993 2929 1067 2967 236.
1191 2938 1242 2969 59.
1271 2927 1469 2969 Hermano]
1488 2928 1539 2959 Cf.
1560 2928 1622 2967 Ep.
1640 2937 1713 2966 442.
1733 2936 1784 2966 34,
1804 2936 1834 2965 5.

861 2973 934 3003 429.
965 2982 1015 3003 11.
1040 2971 1198 3012 Tacitus]
1220 2975 1319 3003 Germ.
1338 2981 1369 3003 2.
