2010 3417
759 155 1062 194 APPENDIX
1102 155 1168 193 XI
1683 156 1761 195 603

166 265 334 316 grauius
365 265 521 315 aliquid
556 265 797 303 admittenti
835 278 987 304 noxam
1021 266 1076 303 sit
1108 265 1228 304 facile
1266 266 1585 305 condonaturus.
1656 266 1760 304 Vide

165 343 292 381 quam
326 330 520 370 fiduciam
555 327 740 369 amicitia
770 343 941 380 syncera
973 330 1115 380 pariat.
1188 331 1382 370 Gratulor
1414 345 1487 381 per
1510 332 1648 370 Musas
1676 345 1759 370 non
1784 345 1820 375 15

166 395 289 434 modo
322 395 570 434 Germaniae
597 397 761 434 nostrae
791 395 859 433 sed
879 397 920 434 et
941 395 1102 434 Galliae
1128 398 1169 434 et
1192 395 1444 445 Britanniae,
1468 409 1643 447 quarum
1667 409 1762 435 vna-

165 459 510 511 quaelibet'viros
541 473 654 500 nunc
671 459 808 500 'habet
845 460 1064 511 insigniter
1094 460 1266 500 disertos
1299 462 1339 499 et
1372 460 1526 500 eximia
1554 462 1762 512 praeditos

164 525 410 564 eruditione.
473 525 580 574 Quid
609 525 722 564 enim
753 526 925 564 Erasmo
952 525 1018 564 vel
1049 526 1210 564 doctius
1240 525 1305 564 vel
1339 526 1633 576 eloquentius?
1662 528 1761 577 quid

169 590 336 629 Budaeo
352 589 523 640 politius
535 592 607 629 aut
628 590 840 629 excussius
852 593 923 628 aut
939 590 1128 629 Atticum
1148 590 1281 641 magis
1296 592 1316 629 ‘?
1345 591 1443 640 quid
1463 591 1680 630 Tunstallo
1695 591 1761 631 vel

168 655 381 694 candidius
411 655 476 693 vel
499 655 651 693 tersius
679 655 745 694 vel
772 655 907 694 modis
931 655 1126 694 omnibus
1152 655 1415 695 absolutius?
1443 658 1489 695 vt
1510 657 1560 695 de
1580 657 1674 695 aliis
1701 657 1758 694 in·
1782 672 1821 692 20

166 721 290 759 terim
310 721 475 758 taceam.

222 785 305 825 Eas
337 784 533 834 epistolas
562 787 655 834 post
686 785 850 824 Erasmi
884 785 1111 824 discessum
1138 785 1342 824 Frobenio
1367 786 1479 836 typis
1505 786 1761 826 excudendas

167 849 327 898 tradidi,
350 863 445 887 cum
465 851 512 888 vt
531 851 638 888 esset
657 850 811 900 aliquid
833 851 942 901 quod
970 850 1047 888 tibi
1065 850 1290 899 mitterem,
1312 851 1383 900 qui
1408 851 1611 901 proximis
1629 852 1763 891 literis

169 917 384 965 tantopere
397 915 639 965 desyderare
658 916 772 954 visus
791 915 849 954 sis
862 915 1123 954 Erasmicum
1142 917 1213 955 aut
1233 916 1464 955 Budaicum
1484 917 1641 967 aliquid
1661 917 1762 956 acci-

168 994 275 1030 pere,
298 983 390 1019 tum
409 982 456 1018 vt
475 980 670 1019 studiosis
689 980 885 1019 nonnihil
903 981 1151 1030 prodessem,
1175 994 1276 1031 quos
1304 983 1387 1020 scio
1409 995 1493 1020 non
1512 981 1761 1021 mediocrem
1784 1000 1796 1020 2
1803 999 1821 1030 5

170 1045 396 1084 vtilitatem
416 1059 466 1084 ex
485 1045 636 1084 harum
657 1045 834 1084 lectione
854 1045 934 1084 sibi
955 1048 1272 1097 comparaturos.
1320 1047 1511 1097 Denique
1530 1047 1761 1086 literarium

167 1111 408 1150 sodalitium
426 1111 552 1149 huius
570 1111 684 1149 vrbis
705 1112 913 1150 recentem
933 1124 1058 1162 quam
1078 1125 1128 1150 ex
1141 1111 1248 1150 tanti
1262 1111 1344 1149 viri
1356 1112 1533 1151 discessu
1547 1112 1764 1151 tristitiam

169 1176 388 1224 contraxit,
420 1175 504 1215 hiis
541 1175 730 1226 legendis
763 1177 834 1214 aut
860 1175 1054 1215 discutiet
1086 1179 1157 1216 aut
1199 1178 1304 1215 certe
1334 1176 1542 1216 solabitur.
1612 1177 1763 1216 Adhuc

169 1242 284 1280 enim
302 1242 562 1290 praesentem
587 1240 730 1279 audire
756 1254 799 1279 se
827 1241 1034 1291 putabunt
1067 1254 1161 1280 cum
1194 1241 1311 1280 illius
1344 1242 1540 1292 epistolas
1572 1243 1763 1281 omnium

169 1307 470 1357 elegantiarum
486 1305 743 1345 ornamentis
762 1306 962 1345 illustr-eis
980 1307 1144 1356 legent;
1174 1309 1214 1346 et
1234 1307 1307 1356 qui
1326 1320 1457 1357 nuper
1472 1307 1763 1347 facundissimi
1782 1325 1823 1355 30

168 1373 252 1411 oris
284 1371 564 1422 eloquentiam
601 1370 870 1418 mirabantur,
912 1371 978 1410 his
1016 1384 1127 1409 nunc
1164 1385 1206 1410 se
1245 1372 1408 1422 scriptis
1446 1373 1763 1423 elegantissimis

166 1437 446 1476 oblectabunt.
506 1437 620 1473 Bene
639 1435 730 1474 vale
746 1437 788 1473 et
808 1448 973 1485 operam
994 1448 1131 1474 meam
1150 1436 1247 1473 boni
1269 1437 1446 1475 consule.

224 1501 418 1540 Basileae.
478 1504 566 1540 †xl.
591 1499 792 1539 Calendas
812 1500 1101 1550 Septembreis.
1134 1502 1213 1539 An.
1233 1514 1447 1540 M.D.XV111.
