<?xml version="1.0" encoding="UTF-8"?>
<!DOCTYPE html PUBLIC "-//W3C//DTD XHTML 1.0 Transitional//EN"
    "http://www.w3.org/TR/xhtml1/DTD/xhtml1-transitional.dtd">
<html xmlns="http://www.w3.org/1999/xhtml" xml:lang="en" lang="en">
 <head>
  <title>
</title>
<meta http-equiv="Content-Type" content="text/html;charset=utf-8" />
  <meta name='ocr-system' content='tesseract 3.04.00' />
  <meta name='ocr-capabilities' content='ocr_page ocr_carea ocr_par ocr_line ocrx_word'/>
</head>
<body>
  <div class='ocr_page' id='page_1' title='image "./opusepistolarumd02erasuoft/opusepistolarumd02erasuoft_0244.png"; bbox 0 0 2010 3417; ppageno 0'>
   <div class='ocr_carea' id='block_1_1' title="bbox 312 135 1900 189">
    <p class='ocr_par' dir='ltr' id='par_1_1' title="bbox 312 135 1900 189">
     <span class='ocr_line' id='line_1_1' title="bbox 312 135 1900 189; baseline -0.001 -16"><span class='ocrx_word' id='word_1_1' title='bbox 312 136 391 173; x_wconf 79' lang='lat'>218</span> <span class='ocrx_word' id='word_1_2' title='bbox 775 135 1024 175; x_wconf 83' lang='lat' dir='ltr'>LETTERS</span> <span class='ocrx_word' id='word_1_3' title='bbox 1063 135 1133 174; x_wconf 79' lang='lat' dir='ltr'>OF</span> <span class='ocrx_word' id='word_1_4' title='bbox 1169 135 1434 175; x_wconf 82' lang='lat' dir='ltr'>ERASMUS</span> <span class='ocrx_word' id='word_1_5' title='bbox 1773 135 1900 189; x_wconf 81' lang='lat'><strong>[1516</strong></span> 
     </span>
    </p>
   </div>
   <div class='ocr_carea' id='block_1_2' title="bbox 231 243 1954 2902">
    <p class='ocr_par' dir='ltr' id='par_1_2' title="bbox 232 243 1906 554">
     <span class='ocr_line' id='line_1_2' title="bbox 232 243 1901 294; baseline 0.001 -12"><span class='ocrx_word' id='word_1_6' title='bbox 232 260 291 291; x_wconf 88' lang='lat'>²45</span> <span class='ocrx_word' id='word_1_7' title='bbox 313 243 431 282; x_wconf 91' lang='lat' dir='ltr'>bonis</span> <span class='ocrx_word' id='word_1_8' title='bbox 452 243 696 281; x_wconf 81' lang='lat' dir='ltr'>authoribus</span> <span class='ocrx_word' id='word_1_9' title='bbox 711 244 732 281; x_wconf 79' lang='lat'>⁶?</span> <span class='ocrx_word' id='word_1_10' title='bbox 760 244 832 292; x_wconf 89' lang='lat' dir='ltr'>qui</span> <span class='ocrx_word' id='word_1_11' title='bbox 853 256 948 281; x_wconf 89' lang='lat' dir='ltr'>cum</span> <span class='ocrx_word' id='word_1_12' title='bbox 967 243 1046 293; x_wconf 89' lang='lat' dir='ltr'>ipsi</span> <span class='ocrx_word' id='word_1_13' title='bbox 1067 243 1175 282; x_wconf 89' lang='lat' dir='ltr'>nihil</span> <span class='ocrx_word' id='word_1_14' title='bbox 1197 245 1329 292; x_wconf 87' lang='lat' dir='ltr'>agant,</span> <span class='ocrx_word' id='word_1_15' title='bbox 1348 243 1523 282; x_wconf 90' lang='lat' dir='ltr'>aliorum</span> <span class='ocrx_word' id='word_1_16' title='bbox 1544 246 1762 294; x_wconf 84' lang='lat' dir='ltr'>praeclaris</span> <span class='ocrx_word' id='word_1_17' title='bbox 1781 258 1901 284; x_wconf 88' lang='lat' dir='ltr'>cona-</span> 
     </span>
     <span class='ocr_line' id='line_1_3' title="bbox 311 307 1904 358; baseline 0.001 -12"><span class='ocrx_word' id='word_1_18' title='bbox 311 308 423 346; x_wconf 91' lang='lat' dir='ltr'>tibus</span> <span class='ocrx_word' id='word_1_19' title='bbox 447 320 611 357; x_wconf 89' lang='lat' dir='ltr'>semper</span> <span class='ocrx_word' id='word_1_20' title='bbox 633 307 906 357; x_wconf 87' lang='lat' dir='ltr'>obstrepunt:</span> <span class='ocrx_word' id='word_1_21' title='bbox 936 307 1126 346; x_wconf 88' lang='lat' dir='ltr'>homines</span> <span class='ocrx_word' id='word_1_22' title='bbox 1153 309 1254 346; x_wconf 88' lang='lat' dir='ltr'>adeo</span> <span class='ocrx_word' id='word_1_23' title='bbox 1279 308 1426 358; x_wconf 88' lang='lat' dir='ltr'>pingui</span> <span class='ocrx_word' id='word_1_24' title='bbox 1453 309 1606 347; x_wconf 90' lang='lat' dir='ltr'>iudicio</span> <span class='ocrx_word' id='word_1_25' title='bbox 1627 311 1674 348; x_wconf 89' lang='lat' dir='ltr'>vt</span> <span class='ocrx_word' id='word_1_26' title='bbox 1700 309 1768 348; x_wconf 87' lang='lat' dir='ltr'>his</span> <span class='ocrx_word' id='word_1_27' title='bbox 1791 322 1904 348; x_wconf 83' lang='lat' dir='ltr'>men-</span> 
     </span>
     <span class='ocr_line' id='line_1_4' title="bbox 311 371 1901 424; baseline 0.002 -15"><span class='ocrx_word' id='word_1_28' title='bbox 311 373 460 410; x_wconf 90' lang='lat' dir='ltr'>dosum</span> <span class='ocrx_word' id='word_1_29' title='bbox 493 371 547 410; x_wconf 85' lang='lat' dir='ltr'>sit</span> <span class='ocrx_word' id='word_1_30' title='bbox 579 372 775 422; x_wconf 87' lang='lat' dir='ltr'>quicquid</span> <span class='ocrx_word' id='word_1_31' title='bbox 815 374 976 411; x_wconf 89' lang='lat' dir='ltr'>rectum</span> <span class='ocrx_word' id='word_1_32' title='bbox 1009 375 1083 421; x_wconf 89' lang='lat' dir='ltr'>est,</span> <span class='ocrx_word' id='word_1_33' title='bbox 1125 375 1267 411; x_wconf 89' lang='lat' dir='ltr'>contra</span> <span class='ocrx_word' id='word_1_34' title='bbox 1299 373 1483 412; x_wconf 89' lang='lat' dir='ltr'>nitidum</span> <span class='ocrx_word' id='word_1_35' title='bbox 1514 376 1556 412; x_wconf 89' lang='lat' dir='ltr'>et</span> <span class='ocrx_word' id='word_1_36' title='bbox 1589 373 1754 423; x_wconf 83' lang='lat' dir='ltr'>elegans</span> <span class='ocrx_word' id='word_1_37' title='bbox 1791 374 1901 424; x_wconf 86' lang='lat' dir='ltr'>quod</span> 
     </span>
     <span class='ocr_line' id='line_1_5' title="bbox 310 436 1906 488; baseline 0.001 -13"><span class='ocrx_word' id='word_1_38' title='bbox 310 436 593 475; x_wconf 82' lang='lat' dir='ltr'>sordidissime</span> <span class='ocrx_word' id='word_1_39' title='bbox 614 439 961 487; x_wconf 58' lang='lat' dir='ltr'>conspurcatum</span> <span class='ocrx_word' id='word_1_40' title='bbox 990 439 1040 477; x_wconf 93' lang='lat' dir='ltr'>ad</span> <span class='ocrx_word' id='word_1_41' title='bbox 1066 438 1167 477; x_wconf 91' lang='lat' dir='ltr'>haec</span> <span class='ocrx_word' id='word_1_42' title='bbox 1192 438 1292 477; x_wconf 90' lang='lat' dir='ltr'>adeo</span> <span class='ocrx_word' id='word_1_43' title='bbox 1314 451 1507 488; x_wconf 88' lang='lat' dir='ltr'>peruerso</span> <span class='ocrx_word' id='word_1_44' title='bbox 1531 441 1589 488; x_wconf 87' lang='lat' dir='ltr'>vt,</span> <span class='ocrx_word' id='word_1_45' title='bbox 1614 452 1708 477; x_wconf 91' lang='lat' dir='ltr'>cum</span> <span class='ocrx_word' id='word_1_46' title='bbox 1727 438 1906 477; x_wconf 86' lang='lat' dir='ltr'>eruditis</span> 
     </span>
     <span class='ocr_line' id='line_1_6' title="bbox 310 501 1902 554; baseline 0.002 -15"><span class='ocrx_word' id='word_1_47' title='bbox 310 515 396 540; x_wconf 91' lang='lat' dir='ltr'>non</span> <span class='ocrx_word' id='word_1_48' title='bbox 423 501 635 551; x_wconf 89' lang='lat' dir='ltr'>patiantur</span> <span class='ocrx_word' id='word_1_49' title='bbox 665 516 752 541; x_wconf 89' lang='lat' dir='ltr'>esse</span> <span class='ocrx_word' id='word_1_50' title='bbox 784 503 848 542; x_wconf 90' lang='lat' dir='ltr'>ius</span> <span class='ocrx_word' id='word_1_51' title='bbox 881 516 1032 554; x_wconf 88' lang='lat' dir='ltr'>magno</span> <span class='ocrx_word' id='word_1_52' title='bbox 1067 504 1204 542; x_wconf 89' lang='lat' dir='ltr'>studio</span> <span class='ocrx_word' id='word_1_53' title='bbox 1234 504 1461 554; x_wconf 88' lang='lat' dir='ltr'>deprauata</span> <span class='ocrx_word' id='word_1_54' title='bbox 1491 503 1732 554; x_wconf 88' lang='lat' dir='ltr'>corrigendi,</span> <span class='ocrx_word' id='word_1_55' title='bbox 1763 505 1902 542; x_wconf 85' lang='lat' dir='ltr'>tamen</span> 
     </span>
    </p>

    <p class='ocr_par' dir='ltr' id='par_1_3' title="bbox 234 566 1905 880">
     <span class='ocr_line' id='line_1_7' title="bbox 234 566 1902 619; baseline 0.002 -15"><span class='ocrx_word' id='word_1_56' title='bbox 234 583 292 613; x_wconf 80' lang='lat'>250</span> <span class='ocrx_word' id='word_1_57' title='bbox 310 566 437 605; x_wconf 89' lang='lat' dir='ltr'>iidem</span> <span class='ocrx_word' id='word_1_58' title='bbox 475 566 734 616; x_wconf 77' lang='lat' dir='ltr'>quibuslibet</span> <span class='ocrx_word' id='word_1_59' title='bbox 776 568 1057 607; x_wconf 89' lang='lat' dir='ltr'>nebulonibus</span> <span class='ocrx_word' id='word_1_60' title='bbox 1096 569 1341 618; x_wconf 80' lang='lat' dir='ltr'>permittant</span> <span class='ocrx_word' id='word_1_61' title='bbox 1378 569 1551 619; x_wconf 92' lang='lat' dir='ltr'>impune</span> <span class='ocrx_word' id='word_1_62' title='bbox 1589 583 1665 608; x_wconf 90' lang='lat' dir='ltr'>suo</span> <span class='ocrx_word' id='word_1_63' title='bbox 1702 569 1902 608; x_wconf 90' lang='lat' dir='ltr'>arbitratu</span> 
     </span>
     <span class='ocr_line' id='line_1_8' title="bbox 310 632 1905 684; baseline 0.002 -15"><span class='ocrx_word' id='word_1_64' title='bbox 310 644 573 671; x_wconf 86' lang='lat' dir='ltr'>summorum</span> <span class='ocrx_word' id='word_1_65' title='bbox 601 632 791 671; x_wconf 85' lang='lat' dir='ltr'>virorum</span> <span class='ocrx_word' id='word_1_66' title='bbox 817 633 947 672; x_wconf 91' lang='lat' dir='ltr'>libros</span> <span class='ocrx_word' id='word_1_67' title='bbox 973 633 1264 683; x_wconf 84' lang='lat' dir='ltr'>contaminare,</span> <span class='ocrx_word' id='word_1_68' title='bbox 1287 634 1462 684; x_wconf 85' lang='lat' dir='ltr'>foedare,</span> <span class='ocrx_word' id='word_1_69' title='bbox 1485 635 1664 684; x_wconf 84' lang='lat' dir='ltr'>perdere.</span> <span class='ocrx_word' id='word_1_70' title='bbox 1722 633 1905 673; x_wconf 88' lang='lat' dir='ltr'>Proinde</span> 
     </span>
     <span class='ocr_line' id='line_1_9' title="bbox 310 698 1903 749; baseline 0.001 -15"><span class='ocrx_word' id='word_1_71' title='bbox 310 709 525 735; x_wconf 87' lang='lat' dir='ltr'>necessum</span> <span class='ocrx_word' id='word_1_72' title='bbox 554 699 614 736; x_wconf 83' lang='lat' dir='ltr'>est</span> <span class='ocrx_word' id='word_1_73' title='bbox 643 698 733 736; x_wconf 87' lang='lat' dir='ltr'>fieri</span> <span class='ocrx_word' id='word_1_74' title='bbox 758 701 803 737; x_wconf 83' lang='lat' dir='ltr'>vt</span> <span class='ocrx_word' id='word_1_75' title='bbox 835 711 858 736; x_wconf 89' lang='lat' dir='ltr'>a</span> <span class='ocrx_word' id='word_1_76' title='bbox 886 698 1116 749; x_wconf 89' lang='lat' dir='ltr'>plaerisque</span> <span class='ocrx_word' id='word_1_77' title='bbox 1144 699 1305 738; x_wconf 91' lang='lat' dir='ltr'>nullam</span> <span class='ocrx_word' id='word_1_78' title='bbox 1339 699 1491 738; x_wconf 86' lang='lat' dir='ltr'>referas</span> <span class='ocrx_word' id='word_1_79' title='bbox 1522 700 1709 749; x_wconf 80' lang='lat' dir='ltr'>gratiam,</span> <span class='ocrx_word' id='word_1_80' title='bbox 1746 699 1798 738; x_wconf 87' lang='lat' dir='ltr'>ab</span> <span class='ocrx_word' id='word_1_81' title='bbox 1835 698 1903 737; x_wconf 89' lang='lat' dir='ltr'>his</span> 
     </span>
     <span class='ocr_line' id='line_1_10' title="bbox 309 762 1905 814; baseline 0.001 -15"><span class='ocrx_word' id='word_1_82' title='bbox 309 762 531 810; x_wconf 88' lang='lat' dir='ltr'>postremis</span> <span class='ocrx_word' id='word_1_83' title='bbox 553 763 709 802; x_wconf 90' lang='lat' dir='ltr'>malam</span> <span class='ocrx_word' id='word_1_84' title='bbox 735 764 860 802; x_wconf 90' lang='lat' dir='ltr'>etiam</span> <span class='ocrx_word' id='word_1_85' title='bbox 879 777 955 814; x_wconf 91' lang='lat' dir='ltr'>pro</span> <span class='ocrx_word' id='word_1_86' title='bbox 974 764 1082 802; x_wconf 90' lang='lat' dir='ltr'>bono</span> <span class='ocrx_word' id='word_1_87' title='bbox 1103 764 1233 803; x_wconf 91' lang='lat' dir='ltr'>officio</span> <span class='ocrx_word' id='word_1_88' title='bbox 1251 764 1428 814; x_wconf 87' lang='lat' dir='ltr'>gratiam</span> <span class='ocrx_word' id='word_1_89' title='bbox 1448 766 1640 814; x_wconf 87' lang='lat' dir='ltr'>reportes.</span> <span class='ocrx_word' id='word_1_90' title='bbox 1699 765 1759 802; x_wconf 90' lang='lat' dir='ltr'>At</span> <span class='ocrx_word' id='word_1_91' title='bbox 1786 775 1905 814; x_wconf 86' lang='lat' dir='ltr'>quae·</span> 
     </span>
     <span class='ocr_line' id='line_1_11' title="bbox 310 828 1902 880; baseline 0.001 -15"><span class='ocrx_word' id='word_1_92' title='bbox 310 829 423 865; x_wconf 88' lang='lat' dir='ltr'>stum</span> <span class='ocrx_word' id='word_1_93' title='bbox 457 828 627 877; x_wconf 88' lang='lat' dir='ltr'>quidem</span> <span class='ocrx_word' id='word_1_94' title='bbox 661 828 780 867; x_wconf 82' lang='lat' dir='ltr'>facile</span> <span class='ocrx_word' id='word_1_95' title='bbox 809 829 984 880; x_wconf 87' lang='lat' dir='ltr'>negligit</span> <span class='ocrx_word' id='word_1_96' title='bbox 1014 842 1238 879; x_wconf 89' lang='lat' dir='ltr'>generosus</span> <span class='ocrx_word' id='word_1_97' title='bbox 1269 829 1448 879; x_wconf 91' lang='lat' dir='ltr'>animus,</span> <span class='ocrx_word' id='word_1_98' title='bbox 1470 829 1642 880; x_wconf 84' lang='lat' dir='ltr'>gloriam</span> <span class='ocrx_word' id='word_1_99' title='bbox 1667 832 1708 869; x_wconf 90' lang='lat' dir='ltr'>et</span> <span class='ocrx_word' id='word_1_100' title='bbox 1735 829 1902 868; x_wconf 88' lang='lat' dir='ltr'>laudem</span> 
     </span>
    </p>

    <p class='ocr_par' dir='ltr' id='par_1_4' title="bbox 231 891 1901 1010">
     <span class='ocr_line' id='line_1_12' title="bbox 231 891 1901 945; baseline -0.001 -13"><span class='ocrx_word' id='word_1_101' title='bbox 231 909 246 932; x_wconf 87' lang='lat'>2</span> <span class='ocrx_word' id='word_1_102' title='bbox 252 908 268 941; x_wconf 78' lang='lat'>5</span> <span class='ocrx_word' id='word_1_103' title='bbox 274 910 291 942; x_wconf 82' lang='lat'>5</span> <span class='ocrx_word' id='word_1_104' title='bbox 310 891 429 930; x_wconf 88' lang='lat' dir='ltr'>facile</span> <span class='ocrx_word' id='word_1_105' title='bbox 448 894 678 932; x_wconf 85' lang='lat' dir='ltr'>contemnit</span> <span class='ocrx_word' id='word_1_106' title='bbox 699 894 972 933; x_wconf 85' lang='lat' dir='ltr'>Christianus.</span> <span class='ocrx_word' id='word_1_107' title='bbox 1030 894 1158 933; x_wconf 87' lang='lat' dir='ltr'>Porro</span> <span class='ocrx_word' id='word_1_108' title='bbox 1179 895 1352 945; x_wconf 89' lang='lat' dir='ltr'>gratiam</span> <span class='ocrx_word' id='word_1_109' title='bbox 1371 908 1445 945; x_wconf 91' lang='lat' dir='ltr'>pro</span> <span class='ocrx_word' id='word_1_110' title='bbox 1465 895 1626 934; x_wconf 90' lang='lat' dir='ltr'>meritis</span> <span class='ocrx_word' id='word_1_111' title='bbox 1643 895 1842 944; x_wconf 83' lang='lat' dir='ltr'>expetunt</span> <span class='ocrx_word' id='word_1_112' title='bbox 1860 895 1901 931; x_wconf 82' lang='lat' dir='ltr'>et</span> 
     </span>
     <span class='ocr_line' id='line_1_13' title="bbox 312 957 1743 1010; baseline 0.003 -15"><span class='ocrx_word' id='word_1_113' title='bbox 312 957 459 1007; x_wconf 85' lang='lat' dir='ltr'>optimi</span> <span class='ocrx_word' id='word_1_114' title='bbox 479 958 641 1008; x_wconf 89' lang='lat' dir='ltr'>quique.</span> <span class='ocrx_word' id='word_1_115' title='bbox 703 959 806 1007; x_wconf 75' lang='lat' dir='ltr'>Quis</span> <span class='ocrx_word' id='word_1_116' title='bbox 825 959 930 998; x_wconf 87' lang='lat' dir='ltr'>ferat</span> <span class='ocrx_word' id='word_1_117' title='bbox 948 973 1023 1009; x_wconf 91' lang='lat' dir='ltr'>pro</span> <span class='ocrx_word' id='word_1_118' title='bbox 1042 960 1242 998; x_wconf 88' lang='lat' dir='ltr'>beneficio</span> <span class='ocrx_word' id='word_1_119' title='bbox 1261 960 1432 1010; x_wconf 89' lang='lat' dir='ltr'>rependi</span> <span class='ocrx_word' id='word_1_120' title='bbox 1452 961 1706 999; x_wconf 88' lang='lat' dir='ltr'>calumniam</span> <span class='ocrx_word' id='word_1_121' title='bbox 1722 962 1743 999; x_wconf 76' lang='lat'>⁶?</span> 
     </span>
    </p>

    <p class='ocr_par' dir='ltr' id='par_1_5' title="bbox 311 1022 1905 1206">
     <span class='ocr_line' id='line_1_14' title="bbox 366 1022 1901 1075; baseline 0 -15"><span class='ocrx_word' id='word_1_122' title='bbox 366 1022 480 1061; x_wconf 89' lang='lat' dir='ltr'>Haec</span> <span class='ocrx_word' id='word_1_123' title='bbox 509 1024 647 1062; x_wconf 84' lang='lat' dir='ltr'>omnia</span> <span class='ocrx_word' id='word_1_124' title='bbox 676 1037 771 1062; x_wconf 89' lang='lat' dir='ltr'>cum</span> <span class='ocrx_word' id='word_1_125' title='bbox 800 1037 884 1062; x_wconf 92' lang='lat' dir='ltr'>non</span> <span class='ocrx_word' id='word_1_126' title='bbox 913 1025 1159 1073; x_wconf 85' lang='lat' dir='ltr'>ignorarem,</span> <span class='ocrx_word' id='word_1_127' title='bbox 1184 1027 1326 1063; x_wconf 88' lang='lat' dir='ltr'>tamen</span> <span class='ocrx_word' id='word_1_128' title='bbox 1354 1025 1462 1075; x_wconf 91' lang='lat' dir='ltr'>apud</span> <span class='ocrx_word' id='word_1_129' title='bbox 1486 1038 1553 1063; x_wconf 90' lang='lat' dir='ltr'>me</span> <span class='ocrx_word' id='word_1_130' title='bbox 1576 1027 1744 1063; x_wconf 88' lang='lat' dir='ltr'>tantum</span> <span class='ocrx_word' id='word_1_131' title='bbox 1769 1023 1901 1062; x_wconf 88' lang='lat' dir='ltr'>valuit</span> 
     </span>
     <span class='ocr_line' id='line_1_15' title="bbox 311 1087 1904 1140; baseline 0.001 -15"><span class='ocrx_word' id='word_1_132' title='bbox 311 1087 561 1138; x_wconf 89' lang='lat' dir='ltr'>Hieronymi</span> <span class='ocrx_word' id='word_1_133' title='bbox 586 1089 827 1128; x_wconf 88' lang='lat' dir='ltr'>vindicandi</span> <span class='ocrx_word' id='word_1_134' title='bbox 855 1090 1051 1138; x_wconf 88' lang='lat' dir='ltr'>studium,</span> <span class='ocrx_word' id='word_1_135' title='bbox 1074 1091 1239 1128; x_wconf 90' lang='lat' dir='ltr'>tantum</span> <span class='ocrx_word' id='word_1_136' title='bbox 1267 1090 1427 1129; x_wconf 88' lang='lat' dir='ltr'>vtilitas</span> <span class='ocrx_word' id='word_1_137' title='bbox 1452 1103 1596 1128; x_wconf 90' lang='lat' dir='ltr'>eorum</span> <span class='ocrx_word' id='word_1_138' title='bbox 1623 1090 1774 1140; x_wconf 88' lang='lat' dir='ltr'>quibus</span> <span class='ocrx_word' id='word_1_139' title='bbox 1792 1087 1904 1127; x_wconf 89' lang='lat' dir='ltr'>cordi</span> 
     </span>
     <span class='ocr_line' id='line_1_16' title="bbox 311 1154 1905 1206; baseline -0.001 -15"><span class='ocrx_word' id='word_1_140' title='bbox 311 1155 410 1191; x_wconf 86' lang='lat' dir='ltr'>sunt</span> <span class='ocrx_word' id='word_1_141' title='bbox 428 1167 598 1193; x_wconf 91' lang='lat' dir='ltr'>arcanae</span> <span class='ocrx_word' id='word_1_142' title='bbox 616 1154 789 1202; x_wconf 86' lang='lat' dir='ltr'>litterae,</span> <span class='ocrx_word' id='word_1_143' title='bbox 811 1156 978 1193; x_wconf 88' lang='lat' dir='ltr'>tantum</span> <span class='ocrx_word' id='word_1_144' title='bbox 999 1155 1173 1206; x_wconf 88' lang='lat' dir='ltr'>denique</span> <span class='ocrx_word' id='word_1_145' title='bbox 1194 1158 1288 1194; x_wconf 89' lang='lat' dir='ltr'>tuae</span> <span class='ocrx_word' id='word_1_146' title='bbox 1308 1155 1565 1194; x_wconf 87' lang='lat' dir='ltr'>celsitudinis</span> <span class='ocrx_word' id='word_1_147' title='bbox 1584 1156 1626 1193; x_wconf 91' lang='lat' dir='ltr'>et</span> <span class='ocrx_word' id='word_1_148' title='bbox 1644 1154 1845 1193; x_wconf 89' lang='lat' dir='ltr'>iudicium</span> <span class='ocrx_word' id='word_1_149' title='bbox 1864 1154 1905 1190; x_wconf 89' lang='lat' dir='ltr'>et</span> 
     </span>
    </p>

    <p class='ocr_par' dir='ltr' id='par_1_6' title="bbox 231 1218 1907 1530">
     <span class='ocr_line' id='line_1_17' title="bbox 231 1218 1904 1271; baseline -0.001 -14"><span class='ocrx_word' id='word_1_150' title='bbox 231 1226 294 1258; x_wconf 89' lang='lat'>260</span> <span class='ocrx_word' id='word_1_151' title='bbox 311 1219 516 1267; x_wconf 85' lang='lat' dir='ltr'>voluntas,</span> <span class='ocrx_word' id='word_1_152' title='bbox 540 1232 663 1269; x_wconf 88' lang='lat' dir='ltr'>quem</span> <span class='ocrx_word' id='word_1_153' title='bbox 684 1232 781 1269; x_wconf 89' lang='lat' dir='ltr'>prae</span> <span class='ocrx_word' id='word_1_154' title='bbox 801 1219 970 1258; x_wconf 88' lang='lat' dir='ltr'>caeteris</span> <span class='ocrx_word' id='word_1_155' title='bbox 997 1220 1213 1259; x_wconf 86' lang='lat' dir='ltr'>assiduum</span> <span class='ocrx_word' id='word_1_156' title='bbox 1238 1221 1362 1258; x_wconf 90' lang='lat' dir='ltr'>huius</span> <span class='ocrx_word' id='word_1_157' title='bbox 1382 1220 1546 1271; x_wconf 80' lang='lat' dir='ltr'>negocii</span> <span class='ocrx_word' id='word_1_158' title='bbox 1571 1222 1612 1258; x_wconf 91' lang='lat' dir='ltr'>et</span> <span class='ocrx_word' id='word_1_159' title='bbox 1633 1218 1904 1269; x_wconf 87' lang='lat' dir='ltr'>impulsorem</span> 
     </span>
     <span class='ocr_line' id='line_1_18' title="bbox 311 1282 1906 1335; baseline -0.001 -13"><span class='ocrx_word' id='word_1_160' title='bbox 311 1284 514 1322; x_wconf 86' lang='lat' dir='ltr'>habebam</span> <span class='ocrx_word' id='word_1_161' title='bbox 552 1286 592 1322; x_wconf 90' lang='lat' dir='ltr'>et</span> <span class='ocrx_word' id='word_1_162' title='bbox 630 1284 951 1334; x_wconf 85' lang='lat' dir='ltr'>efflagitatorem,</span> <span class='ocrx_word' id='word_1_163' title='bbox 992 1287 1039 1323; x_wconf 90' lang='lat' dir='ltr'>vt</span> <span class='ocrx_word' id='word_1_164' title='bbox 1072 1287 1320 1335; x_wconf 89' lang='lat' dir='ltr'>contemptis</span> <span class='ocrx_word' id='word_1_165' title='bbox 1359 1285 1673 1324; x_wconf 88' lang='lat' dir='ltr'>difficultatibus</span> <span class='ocrx_word' id='word_1_166' title='bbox 1710 1282 1906 1322; x_wconf 84' lang='lat' dir='ltr'>omnibus</span> 
     </span>
     <span class='ocr_line' id='line_1_19' title="bbox 311 1349 1906 1401; baseline -0.001 -14"><span class='ocrx_word' id='word_1_167' title='bbox 311 1349 549 1388; x_wconf 89' lang='lat' dir='ltr'>Herculano</span> <span class='ocrx_word' id='word_1_168' title='bbox 568 1350 747 1400; x_wconf 89' lang='lat' dir='ltr'>quodam</span> <span class='ocrx_word' id='word_1_169' title='bbox 764 1350 904 1388; x_wconf 89' lang='lat' dir='ltr'>animo</span> <span class='ocrx_word' id='word_1_170' title='bbox 919 1350 1287 1389; x_wconf 85' lang='lat' dir='ltr'>laboriosissimam</span> <span class='ocrx_word' id='word_1_171' title='bbox 1306 1350 1474 1401; x_wconf 90' lang='lat' dir='ltr'>quidem</span> <span class='ocrx_word' id='word_1_172' title='bbox 1493 1351 1564 1389; x_wconf 91' lang='lat' dir='ltr'>sed</span> <span class='ocrx_word' id='word_1_173' title='bbox 1582 1349 1906 1400; x_wconf 85' lang='lat' dir='ltr'>pulcherrimam</span> 
     </span>
     <span class='ocr_line' id='line_1_20' title="bbox 312 1415 1907 1467; baseline -0.001 -14"><span class='ocrx_word' id='word_1_174' title='bbox 312 1415 469 1453; x_wconf 89' lang='lat' dir='ltr'>adirem</span> <span class='ocrx_word' id='word_1_175' title='bbox 490 1415 760 1464; x_wconf 85' lang='lat' dir='ltr'>prouinciam,</span> <span class='ocrx_word' id='word_1_176' title='bbox 783 1429 892 1455; x_wconf 85' lang='lat' dir='ltr'>vnus</span> <span class='ocrx_word' id='word_1_177' title='bbox 916 1417 1216 1467; x_wconf 87' lang='lat' dir='ltr'>propemodum</span> <span class='ocrx_word' id='word_1_178' title='bbox 1242 1430 1337 1455; x_wconf 91' lang='lat' dir='ltr'>cum</span> <span class='ocrx_word' id='word_1_179' title='bbox 1356 1419 1420 1455; x_wconf 89' lang='lat' dir='ltr'>tot</span> <span class='ocrx_word' id='word_1_180' title='bbox 1439 1417 1685 1455; x_wconf 88' lang='lat' dir='ltr'>mendarum</span> <span class='ocrx_word' id='word_1_181' title='bbox 1703 1415 1907 1466; x_wconf 87' lang='lat' dir='ltr'>portentis</span> 
     </span>
     <span class='ocr_line' id='line_1_21' title="bbox 313 1479 1903 1530; baseline -0.001 -12"><span class='ocrx_word' id='word_1_182' title='bbox 313 1479 632 1530; x_wconf 87' lang='lat' dir='ltr'>depugnaturus.</span> <span class='ocrx_word' id='word_1_183' title='bbox 691 1481 776 1519; x_wconf 90' lang='lat' dir='ltr'>Nec</span> <span class='ocrx_word' id='word_1_184' title='bbox 800 1482 914 1520; x_wconf 88' lang='lat' dir='ltr'>enim</span> <span class='ocrx_word' id='word_1_185' title='bbox 937 1482 1185 1520; x_wconf 85' lang='lat' dir='ltr'>tantundem</span> <span class='ocrx_word' id='word_1_186' title='bbox 1210 1482 1363 1521; x_wconf 90' lang='lat' dir='ltr'>laboris</span> <span class='ocrx_word' id='word_1_187' title='bbox 1386 1482 1646 1521; x_wconf 77' lang='lat' dir='ltr'>exantlatum</span> <span class='ocrx_word' id='word_1_188' title='bbox 1665 1481 1842 1520; x_wconf 84' lang='lat' dir='ltr'>arbitror</span> <span class='ocrx_word' id='word_1_189' title='bbox 1858 1479 1903 1517; x_wconf 86' lang='lat' dir='ltr'>in</span> 
     </span>
    </p>

    <p class='ocr_par' dir='ltr' id='par_1_7' title="bbox 233 1545 1906 1858">
     <span class='ocr_line' id='line_1_22' title="bbox 233 1545 1904 1598; baseline 0.001 -17"><span class='ocrx_word' id='word_1_190' title='bbox 233 1550 292 1592; x_wconf 85' lang='lat'>265</span> <span class='ocrx_word' id='word_1_191' title='bbox 311 1545 453 1594; x_wconf 89' lang='lat' dir='ltr'>paucis</span> <span class='ocrx_word' id='word_1_192' title='bbox 472 1545 711 1585; x_wconf 89' lang='lat' dir='ltr'>edomandis</span> <span class='ocrx_word' id='word_1_193' title='bbox 736 1548 934 1585; x_wconf 86' lang='lat' dir='ltr'>monstris</span> <span class='ocrx_word' id='word_1_194' title='bbox 960 1547 1136 1585; x_wconf 90' lang='lat' dir='ltr'>Herculi</span> <span class='ocrx_word' id='word_1_195' title='bbox 1156 1560 1282 1598; x_wconf 88' lang='lat' dir='ltr'>quam</span> <span class='ocrx_word' id='word_1_196' title='bbox 1306 1547 1413 1586; x_wconf 90' lang='lat' dir='ltr'>mihi</span> <span class='ocrx_word' id='word_1_197' title='bbox 1431 1547 1475 1586; x_wconf 89' lang='lat' dir='ltr'>in</span> <span class='ocrx_word' id='word_1_198' title='bbox 1495 1547 1691 1586; x_wconf 88' lang='lat' dir='ltr'>tollendis</span> <span class='ocrx_word' id='word_1_199' title='bbox 1709 1548 1772 1585; x_wconf 90' lang='lat' dir='ltr'>tot</span> <span class='ocrx_word' id='word_1_200' title='bbox 1791 1558 1904 1584; x_wconf 89' lang='lat' dir='ltr'>men·</span> 
     </span>
     <span class='ocr_line' id='line_1_23' title="bbox 314 1610 1906 1663; baseline 0.001 -15"><span class='ocrx_word' id='word_1_201' title='bbox 314 1610 461 1649; x_wconf 91' lang='lat' dir='ltr'>darum</span> <span class='ocrx_word' id='word_1_202' title='bbox 489 1611 672 1650; x_wconf 88' lang='lat' dir='ltr'>milibus.</span> <span class='ocrx_word' id='word_1_203' title='bbox 732 1612 875 1662; x_wconf 86' lang='lat' dir='ltr'>Neque</span> <span class='ocrx_word' id='word_1_204' title='bbox 903 1625 1000 1651; x_wconf 90' lang='lat' dir='ltr'>vero</span> <span class='ocrx_word' id='word_1_205' title='bbox 1028 1614 1152 1662; x_wconf 91' lang='lat' dir='ltr'>paulo</span> <span class='ocrx_word' id='word_1_206' title='bbox 1181 1613 1274 1663; x_wconf 87' lang='lat' dir='ltr'>plus</span> <span class='ocrx_word' id='word_1_207' title='bbox 1303 1613 1502 1652; x_wconf 86' lang='lat' dir='ltr'>vtilitatis</span> <span class='ocrx_word' id='word_1_208' title='bbox 1528 1613 1628 1651; x_wconf 88' lang='lat' dir='ltr'>hinc</span> <span class='ocrx_word' id='word_1_209' title='bbox 1658 1611 1747 1650; x_wconf 91' lang='lat' dir='ltr'>orbi</span> <span class='ocrx_word' id='word_1_210' title='bbox 1777 1611 1906 1661; x_wconf 84' lang='lat' dir='ltr'>profe-</span> 
     </span>
     <span class='ocr_line' id='line_1_24' title="bbox 313 1676 1898 1727; baseline 0.001 -14"><span class='ocrx_word' id='word_1_211' title='bbox 313 1677 478 1713; x_wconf 90' lang='lat' dir='ltr'>cturum</span> <span class='ocrx_word' id='word_1_212' title='bbox 507 1676 699 1714; x_wconf 87' lang='lat' dir='ltr'>existimo</span> <span class='ocrx_word' id='word_1_213' title='bbox 733 1690 858 1727; x_wconf 90' lang='lat' dir='ltr'>quam</span> <span class='ocrx_word' id='word_1_214' title='bbox 887 1690 937 1714; x_wconf 87' lang='lat' dir='ltr'>ex</span> <span class='ocrx_word' id='word_1_215' title='bbox 965 1676 1081 1716; x_wconf 85' lang='lat' dir='ltr'>illius</span> <span class='ocrx_word' id='word_1_216' title='bbox 1113 1679 1303 1716; x_wconf 90' lang='lat' dir='ltr'>omnium</span> <span class='ocrx_word' id='word_1_217' title='bbox 1331 1691 1401 1716; x_wconf 88' lang='lat' dir='ltr'>ore</span> <span class='ocrx_word' id='word_1_218' title='bbox 1429 1677 1646 1716; x_wconf 90' lang='lat' dir='ltr'>celebratis</span> <span class='ocrx_word' id='word_1_219' title='bbox 1678 1676 1898 1715; x_wconf 88' lang='lat' dir='ltr'>laboribus.</span> 
     </span>
     <span class='ocr_line' id='line_1_25' title="bbox 312 1740 1904 1793; baseline 0.001 -15"><span class='ocrx_word' id='word_1_220' title='bbox 312 1740 505 1779; x_wconf 90' lang='lat' dir='ltr'>Primum</span> <span class='ocrx_word' id='word_1_221' title='bbox 524 1741 638 1779; x_wconf 88' lang='lat' dir='ltr'>enim</span> <span class='ocrx_word' id='word_1_222' title='bbox 658 1742 937 1791; x_wconf 89' lang='lat' dir='ltr'>complurium</span> <span class='ocrx_word' id='word_1_223' title='bbox 961 1744 1031 1781; x_wconf 87' lang='lat' dir='ltr'>sed</span> <span class='ocrx_word' id='word_1_224' title='bbox 1051 1743 1267 1793; x_wconf 88' lang='lat' dir='ltr'>praecipue</span> <span class='ocrx_word' id='word_1_225' title='bbox 1285 1746 1474 1782; x_wconf 91' lang='lat' dir='ltr'>veterum</span> <span class='ocrx_word' id='word_1_226' title='bbox 1494 1742 1713 1781; x_wconf 87' lang='lat' dir='ltr'>collatione</span> <span class='ocrx_word' id='word_1_227' title='bbox 1732 1742 1904 1780; x_wconf 84' lang='lat' dir='ltr'>volumi-</span> 
     </span>
     <span class='ocr_line' id='line_1_26' title="bbox 311 1806 1904 1858; baseline 0.001 -15"><span class='ocrx_word' id='word_1_228' title='bbox 311 1819 428 1854; x_wconf 89' lang='lat' dir='ltr'>num,</span> <span class='ocrx_word' id='word_1_229' title='bbox 477 1819 780 1857; x_wconf 87' lang='lat' dir='ltr'>nonnunquam</span> <span class='ocrx_word' id='word_1_230' title='bbox 827 1820 877 1845; x_wconf 81' lang='lat' dir='ltr'>ex</span> <span class='ocrx_word' id='word_1_231' title='bbox 924 1808 1089 1858; x_wconf 89' lang='lat' dir='ltr'>apicum</span> <span class='ocrx_word' id='word_1_232' title='bbox 1139 1808 1324 1858; x_wconf 88' lang='lat' dir='ltr'>vestigiis</span> <span class='ocrx_word' id='word_1_233' title='bbox 1372 1808 1676 1856; x_wconf 86' lang='lat' dir='ltr'>addiuinantes,</span> <span class='ocrx_word' id='word_1_234' title='bbox 1731 1806 1904 1846; x_wconf 82' lang='lat' dir='ltr'>mendas</span> 
     </span>
    </p>

    <p class='ocr_par' dir='ltr' id='par_1_8' title="bbox 234 1870 1905 2185">
     <span class='ocr_line' id='line_1_27' title="bbox 234 1870 1905 1924; baseline 0.001 -17"><span class='ocrx_word' id='word_1_235' title='bbox 234 1886 295 1918; x_wconf 77' lang='lat'>270</span> <span class='ocrx_word' id='word_1_236' title='bbox 311 1870 560 1910; x_wconf 85' lang='lat' dir='ltr'>sustulimus</span> <span class='ocrx_word' id='word_1_237' title='bbox 584 1874 626 1910; x_wconf 90' lang='lat' dir='ltr'>et</span> <span class='ocrx_word' id='word_1_238' title='bbox 654 1885 894 1922; x_wconf 87' lang='lat' dir='ltr'>germanam</span> <span class='ocrx_word' id='word_1_239' title='bbox 927 1873 1188 1923; x_wconf 87' lang='lat' dir='ltr'>reposuimus</span> <span class='ocrx_word' id='word_1_240' title='bbox 1218 1874 1477 1924; x_wconf 87' lang='lat' dir='ltr'>scripturam.</span> <span class='ocrx_word' id='word_1_241' title='bbox 1536 1874 1691 1912; x_wconf 83' lang='lat' dir='ltr'>Graeca</span> <span class='ocrx_word' id='word_1_242' title='bbox 1717 1885 1819 1923; x_wconf 87' lang='lat' dir='ltr'>quae</span> <span class='ocrx_word' id='word_1_243' title='bbox 1837 1871 1905 1909; x_wconf 90' lang='lat' dir='ltr'>vel</span> 
     </span>
     <span class='ocr_line' id='line_1_28' title="bbox 312 1935 1905 1988; baseline 0.001 -15"><span class='ocrx_word' id='word_1_244' title='bbox 312 1935 463 1974; x_wconf 87' lang='lat' dir='ltr'>omissa</span> <span class='ocrx_word' id='word_1_245' title='bbox 481 1937 647 1975; x_wconf 83' lang='lat' dir='ltr'>fuerant</span> <span class='ocrx_word' id='word_1_246' title='bbox 665 1938 733 1975; x_wconf 90' lang='lat' dir='ltr'>vel</span> <span class='ocrx_word' id='word_1_247' title='bbox 753 1951 967 1988; x_wconf 88' lang='lat' dir='ltr'>perperam</span> <span class='ocrx_word' id='word_1_248' title='bbox 982 1938 1122 1977; x_wconf 88' lang='lat' dir='ltr'>addita</span> <span class='ocrx_word' id='word_1_249' title='bbox 1136 1939 1409 1978; x_wconf 86' lang='lat' dir='ltr'>restituimus.</span> <span class='ocrx_word' id='word_1_250' title='bbox 1468 1939 1584 1988; x_wconf 80' lang='lat' dir='ltr'>Quod</span> <span class='ocrx_word' id='word_1_251' title='bbox 1600 1938 1712 1976; x_wconf 80' lang='lat' dir='ltr'>idem</span> <span class='ocrx_word' id='word_1_252' title='bbox 1731 1937 1905 1976; x_wconf 88' lang='lat' dir='ltr'>fecimus</span> 
     </span>
     <span class='ocr_line' id='line_1_29' title="bbox 311 1999 1905 2055; baseline 0.002 -18"><span class='ocrx_word' id='word_1_253' title='bbox 311 1999 417 2038; x_wconf 88' lang='lat' dir='ltr'>etin</span> <span class='ocrx_word' id='word_1_254' title='bbox 437 1999 676 2050; x_wconf 83' lang='lat' dir='ltr'>Hebraicis3</span> <span class='ocrx_word' id='word_1_255' title='bbox 705 2015 851 2042; x_wconf 87' lang='lat' dir='ltr'>verum</span> <span class='ocrx_word' id='word_1_256' title='bbox 872 2003 949 2042; x_wconf 88' lang='lat' dir='ltr'>hac</span> <span class='ocrx_word' id='word_1_257' title='bbox 974 2016 1073 2042; x_wconf 90' lang='lat' dir='ltr'>sane</span> <span class='ocrx_word' id='word_1_258' title='bbox 1098 2004 1144 2041; x_wconf 91' lang='lat' dir='ltr'>in</span> <span class='ocrx_word' id='word_1_259' title='bbox 1170 2006 1286 2054; x_wconf 89' lang='lat' dir='ltr'>parte</span> <span class='ocrx_word' id='word_1_260' title='bbox 1315 2004 1425 2055; x_wconf 91' lang='lat' dir='ltr'>quod</span> <span class='ocrx_word' id='word_1_261' title='bbox 1450 2004 1594 2043; x_wconf 84' lang='lat' dir='ltr'>minus</span> <span class='ocrx_word' id='word_1_262' title='bbox 1612 2005 1756 2042; x_wconf 88' lang='lat' dir='ltr'>nostro</span> <span class='ocrx_word' id='word_1_263' title='bbox 1775 2003 1905 2041; x_wconf 88' lang='lat' dir='ltr'>Marte</span> 
     </span>
     <span class='ocr_line' id='line_1_30' title="bbox 311 2066 1904 2120; baseline 0.002 -18"><span class='ocrx_word' id='word_1_264' title='bbox 311 2066 548 2113; x_wconf 90' lang='lat' dir='ltr'>poteramus</span> <span class='ocrx_word' id='word_1_265' title='bbox 572 2068 749 2106; x_wconf 91' lang='lat' dir='ltr'>aliorum</span> <span class='ocrx_word' id='word_1_266' title='bbox 779 2069 981 2118; x_wconf 84' lang='lat' dir='ltr'>suppetiis</span> <span class='ocrx_word' id='word_1_267' title='bbox 999 2069 1293 2118; x_wconf 86' lang='lat' dir='ltr'>praestitimus,</span> <span class='ocrx_word' id='word_1_268' title='bbox 1320 2071 1537 2120; x_wconf 88' lang='lat' dir='ltr'>praecipue</span> <span class='ocrx_word' id='word_1_269' title='bbox 1555 2070 1733 2108; x_wconf 85' lang='lat' dir='ltr'>fratrum</span> <span class='ocrx_word' id='word_1_270' title='bbox 1761 2070 1904 2107; x_wconf 88' lang='lat' dir='ltr'>Amer-</span> 
     </span>
     <span class='ocr_line' id='line_1_31' title="bbox 311 2128 1904 2185; baseline 0.002 -18"><span class='ocrx_word' id='word_1_271' title='bbox 311 2128 569 2179; x_wconf 87' lang='lat' dir='ltr'>bachiorum,</span> <span class='ocrx_word' id='word_1_272' title='bbox 606 2132 828 2180; x_wconf 87' lang='lat' dir='ltr'>Brunonis,</span> <span class='ocrx_word' id='word_1_273' title='bbox 875 2134 1020 2172; x_wconf 90' lang='lat' dir='ltr'>Basilii</span> <span class='ocrx_word' id='word_1_274' title='bbox 1066 2136 1107 2172; x_wconf 91' lang='lat' dir='ltr'>et</span> <span class='ocrx_word' id='word_1_275' title='bbox 1152 2135 1369 2183; x_wconf 90' lang='lat' dir='ltr'>Bonifacii,</span> <span class='ocrx_word' id='word_1_276' title='bbox 1411 2148 1513 2185; x_wconf 82' lang='lat' dir='ltr'>quos</span> <span class='ocrx_word' id='word_1_277' title='bbox 1559 2134 1742 2184; x_wconf 89' lang='lat' dir='ltr'>optimus</span> <span class='ocrx_word' id='word_1_278' title='bbox 1788 2135 1904 2182; x_wconf 88' lang='lat' dir='ltr'>pater</span> 
     </span>
    </p>

    <p class='ocr_par' dir='ltr' id='par_1_9' title="bbox 234 2195 1907 2510">
     <span class='ocr_line' id='line_1_32' title="bbox 234 2195 1904 2248; baseline 0.002 -17"><span class='ocrx_word' id='word_1_279' title='bbox 234 2207 293 2240; x_wconf 78' lang='lat'>275</span> <span class='ocrx_word' id='word_1_280' title='bbox 311 2195 522 2235; x_wconf 88' lang='lat' dir='ltr'>Iohannes</span> <span class='ocrx_word' id='word_1_281' title='bbox 549 2198 853 2237; x_wconf 87' lang='lat' dir='ltr'>Amerbachius</span> <span class='ocrx_word' id='word_1_282' title='bbox 876 2199 989 2238; x_wconf 90' lang='lat' dir='ltr'>velut</span> <span class='ocrx_word' id='word_1_283' title='bbox 1018 2199 1301 2239; x_wconf 86' lang='lat' dir='ltr'>instaurandis</span> <span class='ocrx_word' id='word_1_284' title='bbox 1327 2200 1447 2239; x_wconf 89' lang='lat' dir='ltr'>bonis</span> <span class='ocrx_word' id='word_1_285' title='bbox 1472 2200 1717 2238; x_wconf 85' lang='lat' dir='ltr'>authoribus</span> <span class='ocrx_word' id='word_1_286' title='bbox 1741 2197 1904 2248; x_wconf 87' lang='lat' dir='ltr'>genitos</span> 
     </span>
     <span class='ocr_line' id='line_1_33' title="bbox 310 2260 1904 2315; baseline 0.001 -17"><span class='ocrx_word' id='word_1_287' title='bbox 310 2260 442 2299; x_wconf 88' lang='lat' dir='ltr'>trium</span> <span class='ocrx_word' id='word_1_288' title='bbox 469 2261 708 2312; x_wconf 86' lang='lat' dir='ltr'>linguarum</span> <span class='ocrx_word' id='word_1_289' title='bbox 736 2263 885 2313; x_wconf 87' lang='lat' dir='ltr'>peritia</span> <span class='ocrx_word' id='word_1_290' title='bbox 912 2264 1073 2303; x_wconf 91' lang='lat' dir='ltr'>curauit</span> <span class='ocrx_word' id='word_1_291' title='bbox 1101 2265 1381 2304; x_wconf 89' lang='lat' dir='ltr'>instruendos.</span> <span class='ocrx_word' id='word_1_292' title='bbox 1439 2265 1578 2315; x_wconf 88' lang='lat' dir='ltr'>Atque</span> <span class='ocrx_word' id='word_1_293' title='bbox 1596 2264 1642 2303; x_wconf 90' lang='lat' dir='ltr'>hi</span> <span class='ocrx_word' id='word_1_294' title='bbox 1661 2277 1758 2303; x_wconf 87' lang='lat' dir='ltr'>sane</span> <span class='ocrx_word' id='word_1_295' title='bbox 1776 2265 1904 2312; x_wconf 85' lang='lat' dir='ltr'>pater·</span> 
     </span>
     <span class='ocr_line' id='line_1_34' title="bbox 312 2327 1907 2379; baseline 0.001 -16"><span class='ocrx_word' id='word_1_296' title='bbox 312 2338 414 2363; x_wconf 89' lang='lat' dir='ltr'>num</span> <span class='ocrx_word' id='word_1_297' title='bbox 461 2327 650 2366; x_wconf 90' lang='lat' dir='ltr'>animum</span> <span class='ocrx_word' id='word_1_298' title='bbox 694 2331 735 2366; x_wconf 89' lang='lat' dir='ltr'>et</span> <span class='ocrx_word' id='word_1_299' title='bbox 780 2329 1105 2378; x_wconf 86' lang='lat' dir='ltr'>expectationem</span> <span class='ocrx_word' id='word_1_300' title='bbox 1142 2330 1332 2368; x_wconf 86' lang='lat' dir='ltr'>vicerunt</span> <span class='ocrx_word' id='word_1_301' title='bbox 1369 2330 1507 2379; x_wconf 86' lang='lat' dir='ltr'>etiam,</span> <span class='ocrx_word' id='word_1_302' title='bbox 1548 2329 1655 2368; x_wconf 90' lang='lat' dir='ltr'>nihil</span> <span class='ocrx_word' id='word_1_303' title='bbox 1692 2328 1907 2378; x_wconf 89' lang='lat' dir='ltr'>antiquius</span> 
     </span>
     <span class='ocr_line' id='line_1_35' title="bbox 311 2391 1904 2446; baseline 0.003 -18"><span class='ocrx_word' id='word_1_304' title='bbox 311 2391 507 2429; x_wconf 87' lang='lat' dir='ltr'>ducentes</span> <span class='ocrx_word' id='word_1_305' title='bbox 526 2391 776 2443; x_wconf 88' lang='lat' dir='ltr'>Hieronymi</span> <span class='ocrx_word' id='word_1_306' title='bbox 794 2393 936 2444; x_wconf 88' lang='lat' dir='ltr'>gloria,</span> <span class='ocrx_word' id='word_1_307' title='bbox 958 2397 999 2433; x_wconf 89' lang='lat' dir='ltr'>et</span> <span class='ocrx_word' id='word_1_308' title='bbox 1018 2395 1095 2432; x_wconf 89' lang='lat' dir='ltr'>hac</span> <span class='ocrx_word' id='word_1_309' title='bbox 1117 2395 1249 2445; x_wconf 85' lang='lat' dir='ltr'>gratia</span> <span class='ocrx_word' id='word_1_310' title='bbox 1269 2409 1342 2434; x_wconf 91' lang='lat' dir='ltr'>nec</span> <span class='ocrx_word' id='word_1_311' title='bbox 1361 2395 1570 2446; x_wconf 88' lang='lat' dir='ltr'>impendio</span> <span class='ocrx_word' id='word_1_312' title='bbox 1596 2396 1810 2445; x_wconf 88' lang='lat' dir='ltr'>parcentes</span> <span class='ocrx_word' id='word_1_313' title='bbox 1830 2406 1904 2432; x_wconf 88' lang='lat' dir='ltr'>nec</span> 
     </span>
     <span class='ocr_line' id='line_1_36' title="bbox 310 2455 1902 2510; baseline 0.002 -17"><span class='ocrx_word' id='word_1_314' title='bbox 310 2455 553 2495; x_wconf 87' lang='lat' dir='ltr'>valetudini.</span> <span class='ocrx_word' id='word_1_315' title='bbox 612 2458 797 2506; x_wconf 81' lang='lat' dir='ltr'>Quorum</span> <span class='ocrx_word' id='word_1_316' title='bbox 843 2459 1034 2509; x_wconf 88' lang='lat' dir='ltr'>equidem</span> <span class='ocrx_word' id='word_1_317' title='bbox 1080 2460 1235 2498; x_wconf 82' lang='lat' dir='ltr'>auxilio</span> <span class='ocrx_word' id='word_1_318' title='bbox 1273 2461 1451 2499; x_wconf 88' lang='lat' dir='ltr'>libenter</span> <span class='ocrx_word' id='word_1_319' title='bbox 1498 2474 1592 2499; x_wconf 91' lang='lat' dir='ltr'>sum</span> <span class='ocrx_word' id='word_1_320' title='bbox 1636 2472 1747 2508; x_wconf 82' lang='lat' dir='ltr'>Vsus,</span> <span class='ocrx_word' id='word_1_321' title='bbox 1797 2459 1902 2510; x_wconf 88' lang='lat' dir='ltr'>quod</span> 
     </span>
    </p>

    <p class='ocr_par' dir='ltr' id='par_1_10' title="bbox 234 2520 1954 2836">
     <span class='ocr_line' id='line_1_37' title="bbox 234 2520 1901 2576; baseline 0.003 -19"><span class='ocrx_word' id='word_1_322' title='bbox 234 2525 295 2555; x_wconf 83' lang='lat'>280</span> <span class='ocrx_word' id='word_1_323' title='bbox 312 2520 597 2561; x_wconf 88' lang='lat' dir='ltr'>Hebraeorum</span> <span class='ocrx_word' id='word_1_324' title='bbox 611 2522 775 2562; x_wconf 89' lang='lat' dir='ltr'>litteras</span> <span class='ocrx_word' id='word_1_325' title='bbox 789 2524 1070 2574; x_wconf 84' lang='lat' dir='ltr'>degustassem</span> <span class='ocrx_word' id='word_1_326' title='bbox 1088 2526 1227 2564; x_wconf 86' lang='lat' dir='ltr'>verius</span> <span class='ocrx_word' id='word_1_327' title='bbox 1247 2539 1373 2576; x_wconf 89' lang='lat' dir='ltr'>quam</span> <span class='ocrx_word' id='word_1_328' title='bbox 1394 2526 1644 2565; x_wconf 87' lang='lat' dir='ltr'>didicissem.</span> <span class='ocrx_word' id='word_1_329' title='bbox 1689 2526 1744 2564; x_wconf 87' lang='lat' dir='ltr'>Et</span> <span class='ocrx_word' id='word_1_330' title='bbox 1762 2526 1901 2563; x_wconf 89' lang='lat' dir='ltr'>tamen</span> 
     </span>
     <span class='ocr_line' id='line_1_38' title="bbox 311 2586 1906 2642; baseline 0.002 -18"><span class='ocrx_word' id='word_1_331' title='bbox 311 2586 551 2626; x_wconf 89' lang='lat' dir='ltr'>curauimus</span> <span class='ocrx_word' id='word_1_332' title='bbox 569 2601 623 2626; x_wconf 90' lang='lat' dir='ltr'>ne</span> <span class='ocrx_word' id='word_1_333' title='bbox 642 2588 742 2639; x_wconf 88' lang='lat' dir='ltr'>quid</span> <span class='ocrx_word' id='word_1_334' title='bbox 762 2590 918 2628; x_wconf 88' lang='lat' dir='ltr'>deesset</span> <span class='ocrx_word' id='word_1_335' title='bbox 936 2590 1060 2629; x_wconf 89' lang='lat' dir='ltr'>auido</span> <span class='ocrx_word' id='word_1_336' title='bbox 1079 2590 1232 2639; x_wconf 88' lang='lat' dir='ltr'>lectori,</span> <span class='ocrx_word' id='word_1_337' title='bbox 1255 2592 1380 2630; x_wconf 88' lang='lat' dir='ltr'>etiam</span> <span class='ocrx_word' id='word_1_338' title='bbox 1401 2592 1436 2630; x_wconf 90' lang='lat' dir='ltr'>si</span> <span class='ocrx_word' id='word_1_339' title='bbox 1455 2591 1555 2642; x_wconf 89' lang='lat' dir='ltr'>quid</span> <span class='ocrx_word' id='word_1_340' title='bbox 1579 2591 1738 2630; x_wconf 89' lang='lat' dir='ltr'>deesset</span> <span class='ocrx_word' id='word_1_341' title='bbox 1756 2589 1876 2628; x_wconf 87' lang='lat' dir='ltr'>nobis</span> <span class='ocrx_word' id='word_1_342' title='bbox 1895 2603 1906 2635; x_wconf 88' lang='lat'>;</span> 
     </span>
     <span class='ocr_line' id='line_1_39' title="bbox 313 2652 1954 2705; baseline 0.002 -16"><span class='ocrx_word' id='word_1_343' title='bbox 313 2652 501 2701; x_wconf 86' lang='lat' dir='ltr'>quodque</span> <span class='ocrx_word' id='word_1_344' title='bbox 534 2654 686 2692; x_wconf 88' lang='lat' dir='ltr'>nostris</span> <span class='ocrx_word' id='word_1_345' title='bbox 716 2654 877 2693; x_wconf 85' lang='lat' dir='ltr'>viribus</span> <span class='ocrx_word' id='word_1_346' title='bbox 908 2658 996 2694; x_wconf 93' lang='lat' dir='ltr'>erat</span> <span class='ocrx_word' id='word_1_347' title='bbox 1025 2655 1293 2704; x_wconf 86' lang='lat' dir='ltr'>diminutum,</span> <span class='ocrx_word' id='word_1_348' title='bbox 1326 2657 1369 2695; x_wconf 91' lang='lat' dir='ltr'>id</span> <span class='ocrx_word' id='word_1_349' title='bbox 1402 2670 1452 2695; x_wconf 80' lang='lat' dir='ltr'>ex</span> <span class='ocrx_word' id='word_1_350' title='bbox 1489 2656 1667 2694; x_wconf 90' lang='lat' dir='ltr'>aliorum</span> <span class='ocrx_word' id='word_1_351' title='bbox 1704 2654 1902 2705; x_wconf 86' lang='lat' dir='ltr'>suppetiis</span> <span class='ocrx_word' id='word_1_352' title='bbox 1951 2667 1954 2669; x_wconf 64' lang='grc'><strong>’</strong></span> 
     </span>
     <span class='ocr_line' id='line_1_40' title="bbox 311 2716 1902 2771; baseline 0.003 -18"><span class='ocrx_word' id='word_1_353' title='bbox 311 2716 473 2755; x_wconf 88' lang='lat' dir='ltr'>abunde</span> <span class='ocrx_word' id='word_1_354' title='bbox 511 2719 721 2758; x_wconf 86' lang='lat' dir='ltr'>sarsimus.</span> <span class='ocrx_word' id='word_1_355' title='bbox 780 2720 862 2759; x_wconf 83' lang='lat' dir='ltr'>Cur</span> <span class='ocrx_word' id='word_1_356' title='bbox 894 2720 1008 2759; x_wconf 91' lang='lat' dir='ltr'>enim</span> <span class='ocrx_word' id='word_1_357' title='bbox 1042 2734 1119 2760; x_wconf 90' lang='lat' dir='ltr'>nos</span> <span class='ocrx_word' id='word_1_358' title='bbox 1150 2721 1303 2771; x_wconf 87' lang='lat' dir='ltr'>pudeat</span> <span class='ocrx_word' id='word_1_359' title='bbox 1336 2723 1378 2760; x_wconf 91' lang='lat' dir='ltr'>id</span> <span class='ocrx_word' id='word_1_360' title='bbox 1411 2723 1543 2760; x_wconf 86' lang='lat' dir='ltr'>facere</span> <span class='ocrx_word' id='word_1_361' title='bbox 1577 2722 1622 2759; x_wconf 90' lang='lat' dir='ltr'>in</span> <span class='ocrx_word' id='word_1_362' title='bbox 1655 2719 1902 2759; x_wconf 84' lang='lat' dir='ltr'>vindicando</span> 
     </span>
     <span class='ocr_line' id='line_1_41' title="bbox 313 2782 1901 2836; baseline 0.002 -18"><span class='ocrx_word' id='word_1_363' title='bbox 313 2782 431 2819; x_wconf 84' lang='lat' dir='ltr'>tanto</span> <span class='ocrx_word' id='word_1_364' title='bbox 468 2783 637 2822; x_wconf 88' lang='lat' dir='ltr'>authore</span> <span class='ocrx_word' id='word_1_365' title='bbox 683 2785 793 2834; x_wconf 86' lang='lat' dir='ltr'>quod</span> <span class='ocrx_word' id='word_1_366' title='bbox 831 2785 943 2824; x_wconf 90' lang='lat' dir='ltr'>haud</span> <span class='ocrx_word' id='word_1_367' title='bbox 980 2786 1110 2836; x_wconf 92' lang='lat' dir='ltr'>pudet</span> <span class='ocrx_word' id='word_1_368' title='bbox 1149 2788 1284 2825; x_wconf 87' lang='lat' dir='ltr'>facere</span> <span class='ocrx_word' id='word_1_369' title='bbox 1330 2799 1520 2825; x_wconf 89' lang='lat' dir='ltr'>summos</span> <span class='ocrx_word' id='word_1_370' title='bbox 1567 2785 1810 2824; x_wconf 83' lang='lat' dir='ltr'>monarchas</span> <span class='ocrx_word' id='word_1_371' title='bbox 1857 2783 1901 2821; x_wconf 93' lang='lat' dir='ltr'>in</span> 
     </span>
    </p>

    <p class='ocr_par' dir='ltr' id='par_1_11' title="bbox 236 2846 1244 2902">
     <span class='ocr_line' id='line_1_42' title="bbox 236 2846 1244 2902; baseline 0.011 -23"><span class='ocrx_word' id='word_1_372' title='bbox 236 2848 294 2889; x_wconf 80' lang='lat'>285</span> <span class='ocrx_word' id='word_1_373' title='bbox 314 2846 570 2896; x_wconf 85' lang='lat' dir='ltr'>recipiendis,</span> <span class='ocrx_word' id='word_1_374' title='bbox 592 2848 676 2887; x_wconf 90' lang='lat' dir='ltr'>imo</span> <span class='ocrx_word' id='word_1_375' title='bbox 695 2850 739 2887; x_wconf 90' lang='lat' dir='ltr'>in</span> <span class='ocrx_word' id='word_1_376' title='bbox 760 2851 980 2899; x_wconf 85' lang='lat' dir='ltr'>perdendis</span> <span class='ocrx_word' id='word_1_377' title='bbox 999 2851 1208 2902; x_wconf 86' lang='lat' dir='ltr'>oppidulis</span> <span class='ocrx_word' id='word_1_378' title='bbox 1223 2853 1244 2890; x_wconf 73' lang='grc' dir='ltr'>ἱ)</span> 
     </span>
    </p>
   </div>
   <div class='ocr_carea' id='block_1_3' title="bbox 928 2932 1288 2969">
    <p class='ocr_par' dir='ltr' id='par_1_12' title="bbox 928 2932 1288 2969">
     <span class='ocr_line' id='line_1_43' title="bbox 928 2932 1288 2969; baseline 0.006 -8"><span class='ocrx_word' id='word_1_379' title='bbox 928 2940 1001 2969; x_wconf 82' lang='lat'>247.</span> <span class='ocrx_word' id='word_1_380' title='bbox 1025 2932 1150 2962; x_wconf 85' lang='lat' dir='ltr'>contra</span> <span class='ocrx_word' id='word_1_381' title='bbox 1164 2933 1235 2964; x_wconf 77' lang='lat' dir='ltr'>add.</span> <span class='ocrx_word' id='word_1_382' title='bbox 1253 2933 1288 2966; x_wconf 84' lang='grc' dir='ltr'>β.</span> 
     </span>
    </p>
   </div>
   <div class='ocr_carea' id='block_1_4' title="bbox 762 3000 1437 3041">
    <p class='ocr_par' dir='ltr' id='par_1_13' title="bbox 762 3000 1437 3041">
     <span class='ocr_line' id='line_1_44' title="bbox 762 3000 1437 3041; baseline 0.003 -12"><span class='ocrx_word' id='word_1_383' title='bbox 762 3010 835 3038; x_wconf 82' lang='lat'>272.</span> <span class='ocrx_word' id='word_1_384' title='bbox 863 3000 1065 3041; x_wconf 82' lang='lat' dir='ltr'>Hebraicis]</span> <span class='ocrx_word' id='word_1_385' title='bbox 1091 3002 1151 3041; x_wconf 89' lang='lat' dir='ltr'>Cp.</span> <span class='ocrx_word' id='word_1_386' title='bbox 1170 3002 1232 3041; x_wconf 88' lang='lat' dir='ltr'>Ep.</span> <span class='ocrx_word' id='word_1_387' title='bbox 1251 3011 1323 3039; x_wconf 81' lang='lat'>324.</span> <span class='ocrx_word' id='word_1_388' title='bbox 1343 3012 1381 3040; x_wconf 85' lang='lat'>31</span> <span class='ocrx_word' id='word_1_389' title='bbox 1402 3011 1437 3032; x_wconf 88' lang='lat' dir='ltr'>n.</span> 
     </span>
    </p>
   </div>
  </div>
 </body>
</html>
