2010 3417
305 148 383 186 110
767 146 1016 187 LETTERS
1053 147 1122 186 OF
1159 146 1425 186 ERASMUS
1762 144 1888 198 [1515

302 258 351 296 ad
381 269 549 296 sensum
577 256 715 304 ipsum
731 269 741 302 3
780 267 1016 304 quanquam
1051 267 1320 303 sepenumero
1344 267 1506 304 ‚magna
1535 267 1678 293 sensus
1706 268 1800 305 pars
1825 257 1889 294 est

222 334 285 367 740
302 321 520 371 emphasis.
579 320 737 359 Verum
763 332 848 357 non
873 332 965 357 raro
991 320 1079 357 tota
1102 319 1338 357 aberratum
1365 322 1428 358 est
1455 319 1534 358 via.
1595 319 1714 367 Quod
1733 319 1892 369 quoties

301 386 457 433 accidit,
495 397 643 434 quaeso
676 386 728 432 te,
764 397 846 433 quo
874 383 1061 434 confugit
1093 384 1371 433 Augustinus,
1405 397 1486 433 quo
1519 383 1778 431 Ambrosius,
1811 396 1891 434 quo

301 449 506 496 Hilarius,
526 461 606 498 quo
634 448 932 499 Hieronymus,
955 448 1039 487 nisi
1065 449 1115 488 ad
1147 449 1398 487 Graecorum
1424 449 1594 487 fontes?
1649 447 1701 487 Id
1721 461 1816 487 cum
1836 449 1892 488 sit

299 513 581 554 ecclesiasticis
612 526 776 563 quoque
807 512 983 552 decretis
1010 514 1334 563 comprobatum,
1363 515 1504 552 tamen
1533 513 1820 564 tergiuersaris
1850 515 1893 552 et

299 579 441 619 studes
460 577 655 626 refellere,
679 578 747 617 vel
766 578 906 629 potius
924 578 1033 617 elabi
1053 578 1402 617 distinctiuncula.

222 660 280 692 745
352 643 506 683 Scribis
524 657 571 682 eo
591 643 751 682 saeculo
774 644 1024 683 Graecorum
1050 644 1208 682 codices
1227 644 1530 683 emendatiores
1550 643 1678 682 fuisse
1699 643 1861 683 Latinis
1881 658 1891 692 ;

301 723 412 748 nunc
444 710 587 748 contra
623 721 721 757 esse,
759 722 833 747 nec
863 709 1078 748 fidendum
1112 709 1283 748 illorum
1316 709 1435 748 libris
1465 709 1537 760 qui
1566 709 1812 748 desciuerint
1841 708 1893 748 ab

298 774 465 814 ecclesia
484 775 681 814 Romana.
741 773 823 813 Vix
846 775 1024 814 adducor
1046 776 1093 814 vt
1120 775 1286 814 credam
1309 777 1352 813 te
1371 774 1450 814 hoc
1468 788 1519 813 ex
1539 774 1677 813 animo
1699 774 1890 814 scribere.

300 840 408 889 Quid
437 839 536 879 ais‘?
576 853 662 878 non
687 838 871 890 legemus
896 853 1040 878 eorum
1069 840 1196 879 libros
1221 839 1293 890 qui
1323 840 1590 879 desciuerunt
1615 854 1638 879 a
1669 840 1750 878 fide
1779 839 1893 879 Chri-

298 906 431 944 stiana
444 906 465 944 ‘?
508 905 590 944 Cur
600 904 727 955 igitur
741 905 959 944 Aristoteli
977 907 1144 944 tantum
1164 905 1397 945 autoritatis
1416 905 1608 943 tribuunt
1625 905 1801 954 ethnico,
1825 905 1893 944 cui

221 981 282 1015 750
300 970 406 1009 nihil
433 982 619 1020 vnquam
648 969 774 1009 fuerit
802 983 897 1009 cum
926 970 1006 1009 fide
1035 970 1305 1009 commercii?
1380 970 1482 1009 Tota
1510 970 1760 1009 Iudaeorum
1789 983 1891 1020 gens

298 1049 321 1074 a
342 1035 505 1075 Christo
527 1034 700 1074 desciuit
719 1049 729 1083 3
759 1035 868 1074 nihil
893 1035 1021 1085 igitur
1043 1035 1236 1085 ponderis
1261 1034 1475 1074 habebunt
1498 1036 1607 1086 apud
1633 1048 1711 1074 nos
1731 1035 1891 1074 Psalmi

298 1103 338 1139 et
359 1100 589 1150 Prophetae
610 1113 684 1138 suo
710 1112 900 1138 sermone
924 1100 1100 1150 scripti?
1155 1100 1246 1139 Iam
1272 1100 1379 1138 mihi
1402 1113 1568 1139 recense
1594 1100 1725 1150 capita
1751 1099 1892 1139 omnia

297 1166 342 1203 in
355 1165 504 1215 quibus
521 1164 665 1204 Graeci
680 1178 703 1203 a
717 1165 878 1204 Latinis
892 1165 1148 1204 dissentiunt
1168 1165 1408 1204 orthodoxis
1425 1180 1434 1213 3
1465 1165 1571 1204 nihil
1586 1166 1761 1215 reperies
1782 1165 1891 1215 quod

299 1243 348 1268 ex
369 1230 477 1269 Noui
499 1229 756 1268 Testamenti
778 1230 916 1268 verbis
941 1232 1090 1269 natum
1116 1231 1170 1269 sit
1191 1232 1261 1269 aut
1283 1231 1390 1281 quod
1409 1230 1490 1269 huc
1510 1231 1727 1280 pertineat.
1785 1230 1891 1269 Tan-

221 1308 279 1342 755
299 1297 391 1333 tum
411 1295 459 1333 de
479 1294 680 1334 vocabulo
700 1295 986 1345 hypostaseos,
1006 1295 1056 1334 de
1081 1296 1340 1346 processione
1361 1296 1492 1334 sancti
1513 1295 1704 1346 Spiritus,
1728 1296 1777 1334 de
1797 1308 1892 1334 con-

298 1359 485 1399 secrandi
504 1359 748 1408 cerimoniis,
771 1359 821 1398 de
850 1362 1090 1410 paupertate
1116 1361 1386 1410 sacerdotum,
1413 1361 1463 1399 de
1488 1362 1691 1410 potestate
1709 1360 1891 1399 Romani

300 1424 518 1464 Pontificis
551 1425 830 1464 controuersia
859 1427 934 1464 est.
994 1427 1054 1464 At
1082 1426 1190 1464 nihil
1217 1426 1368 1464 horum
1396 1439 1446 1465 ex
1474 1426 1633 1465 falsatis
1661 1426 1890 1476 approbant

296 1487 612 1537 exemplaribus.
652 1487 713 1525 At
732 1487 830 1537 quid
851 1487 959 1526 dices
979 1488 1050 1527 vbi
1064 1489 1217 1528 videris
1239 1489 1296 1527 sic
1317 1489 1639 1539 interpretatum
1661 1488 1888 1539 Originem,

299 1553 357 1591 sio
378 1553 729 1602 Chrysostomum‚
754 1552 811 1591 sic
831 1552 1046 1602 Basilium,
1065 1553 1122 1592 sic
1137 1554 1444 1604 Hieronymum
1459 1555 1480 1593 ‘?
1527 1553 1640 1592 Num
1661 1567 1708 1592 eo
1729 1567 1891 1604 quoque

219 1627 282 1668 760
298 1617 458 1656 saeculo
487 1617 707 1656 falsauerat
735 1617 886 1668 aliquis
915 1618 1164 1658 Graecorum
1198 1620 1386 1659 codices?
1459 1620 1547 1658 Aut
1581 1619 1673 1669 quis
1704 1631 1891 1669 vnquam

301 1682 567 1733 deprehendit
603 1682 852 1721 Graecorum
891 1683 1048 1722 codices
1085 1684 1154 1723 vel
1191 1697 1273 1724 vno
1311 1685 1357 1722 in
1394 1684 1484 1723 loco
1523 1683 1691 1723 falsatos
1728 1684 1892 1723 fuisse?

298 1747 514 1786 Postremo
541 1760 613 1785 cur
637 1747 785 1786 falsare
811 1748 956 1797 velint,
984 1762 1080 1787 cum
1107 1749 1205 1788 hinc
1228 1762 1312 1787 non
1339 1750 1534 1788 tueantur
1563 1762 1637 1788 sua
1667 1749 1893 1798 dogmata?

299 1813 418 1851 Adde
438 1812 519 1850 huc
539 1812 649 1862 quod
669 1825 831 1862 semper
856 1813 900 1851 in
930 1813 1047 1851 omni
1066 1814 1276 1853 doctrinae
1295 1827 1441 1863 genere
1464 1814 1713 1853 Graecorum
1733 1813 1890 1853 codices

298 1877 600 1916 emendatiores
623 1877 751 1917 fuisse
779 1891 906 1928 quam
933 1881 1099 1918 nostros
1126 1880 1279 1918 fatetur
1306 1881 1347 1918 et
1368 1880 1423 1919 M.
1452 1879 1628 1928 Tullius,
1653 1892 1892 1930 quanquam

219 1950 279 1992 765
297 1942 449 1992 alioqui
475 1942 642 1982 Graecis
669 1943 860 1993 iniquior.
917 1943 1024 1982 Nam
1054 1944 1267 1983 distinctio
1297 1944 1546 1994 litterarum,
1568 1943 1705 1994 apices
1733 1946 1774 1982 et
1802 1944 1892 1994 ipsa

299 2009 523 2057 scripturae
551 2007 770 2047 difficultas
797 2009 843 2047 in
872 2021 993 2047 causa
1023 2011 1084 2048 est
1113 2023 1195 2059 quo
1224 2009 1365 2048 minus
1394 2009 1511 2049 facile
1540 2011 1693 2060 queant
1721 2009 1889 2057 vitiari3

299 2074 370 2111 aut
389 2072 424 2110 si
445 2072 543 2122 quid
564 2072 688 2111 fuerit
708 2073 912 2120 vitiatum,
935 2073 1097 2112 facilius
1115 2075 1246 2124 possit
1266 2075 1443 2113 restitui.

352 2137 483 2175 Porro
504 2138 611 2187 quod
632 2137 777 2176 scribis
796 2138 847 2176 ab
867 2138 941 2177 hac
961 2138 1165 2177 aeditione
1186 2153 1271 2178 non
1293 2152 1381 2178 esse
1401 2138 1673 2177 recedendum
1692 2140 1755 2177 tot
1775 2138 1890 2177 vide-

298 2202 395 2240 licet
433 2202 614 2241 consiliis
643 2203 877 2252 approbata,
909 2216 1023 2242 more
1056 2204 1296 2253 vulgarium
1330 2204 1617 2253 theologorum
1647 2203 1773 2252 facis3
1817 2204 1889 2253 qui

220 2284 280 2318 770
298 2267 492 2316 quicquid
508 2267 595 2306 vllo
615 2268 738 2306 modo
759 2267 803 2306 in
823 2267 1035 2318 publicum
1056 2281 1177 2307 vsum
1197 2268 1373 2319 irrepsit,
1391 2267 1685 2307 ecclesiasticae
1705 2268 1888 2307 tribuere

298 2333 430 2371 solent
450 2331 672 2371 autoritati.
731 2333 792 2371 At
811 2332 917 2371 mihi
940 2333 1007 2372 vel
1025 2346 1151 2372 vnam
1170 2334 1306 2383 profer
1325 2333 1534 2383 synodum
1555 2333 1598 2371 in
1619 2346 1698 2384 qua
1717 2333 1773 2371 sit
1790 2333 1891 2373 haec

297 2398 448 2436 aeditio
480 2397 755 2447 comprobata.
813 2397 921 2436 Nam
954 2398 1024 2448 qui
1056 2398 1349 2448 comprobauit,
1386 2411 1489 2449 quae
1522 2398 1639 2437 cuius
1676 2398 1732 2437 sit
1764 2411 1888 2437 nemo

298 2462 450 2501 nouit?
521 2462 629 2501 Nam
662 2462 915 2512 Hieronymi
943 2476 1027 2501 non
1060 2476 1146 2502 esse
1180 2463 1247 2502 vel
1274 2464 1361 2514 ipse
1395 2464 1603 2502 testantur
1637 2463 1890 2513 Hieronymi

297 2527 584 2576 praefationes
646 2526 725 2566 Sed
754 2530 840 2566 esto
870 2528 1147 2578 comprobarit
1177 2528 1359 2578 synodus
1387 2529 1550 2579 aliqua:
1584 2541 1689 2567 num
1708 2529 1766 2568 ita
1785 2542 1891 2568 com-

220 2610 278 2643 775
296 2593 485 2642 probauit
514 2594 560 2631 vt
588 2592 695 2632 nihil
722 2593 891 2631 omnino
919 2592 1039 2632 liceat
1067 2606 1116 2631 ex
1146 2593 1395 2632 Graecorum
1423 2593 1609 2632 fontibus
1638 2594 1892 2633 emendare?

299 2658 410 2695 Num
433 2658 606 2696 mendas
627 2658 753 2697 etiam
773 2671 919 2696 omnes
939 2658 1233 2707 comprobauit,
1256 2672 1358 2709 quae
1378 2659 1502 2698 variis
1523 2659 1659 2697 modis
1678 2658 1891 2709 potuerint

299 2722 474 2772 irrepere
490 2724 509 2761 ⁶?
566 2723 679 2761 Num
699 2723 940 2762 huiusmodi
960 2723 1097 2762 verbis
1124 2726 1370 2774 conceptum
1390 2724 1472 2762 fuit
1493 2724 1703 2763 decretum
1723 2738 1747 2763 a
1765 2723 1890 2774 patri-

298 2787 374 2825 bus
386 2789 406 2826 ‘?
448 2787 581 2826 ‘Haec
600 2788 751 2827 aeditio
771 2788 888 2827 cuius
904 2789 958 2827 sit
978 2789 1131 2827 autoris
1153 2790 1370 2837 nescimus,
1390 2790 1459 2828 sed
1476 2791 1617 2828 tamen
1637 2801 1728 2827 eam
1747 2801 1890 2839 appro-

865 2873 939 2904 752.
965 2873 1026 2894 suo
1043 2867 1073 2894 A
1090 2875 1097 2894 :
1122 2864 1268 2895 illorum
1284 2876 1314 2896 α.

344 2953 415 2982 745.
434 2944 581 2985 Scribis]
607 2946 669 2985 Ep.
689 2955 764 2984 304.
784 2954 842 2976 111
861 2955 931 2985 seq.
1128 2946 1201 2977 and
1218 2957 1247 2986 3.
1268 2958 1298 2985 4.
1318 2956 1347 2985 3.

343 2988 414 3026 764.
438 2987 591 3028 Tullius]
617 2989 667 3019 Cf.
691 2992 750 3026 Ep.
779 2991 810 3026 Q.
835 2992 887 3021 Fr.
912 3000 944 3029 3.
970 2999 1000 3029 5.
1026 2991 1058 3027 6,
1170 2992 1242 3028 768.
1260 2989 1402 3030 scribis]
1429 2990 1490 3030 Ep.
1511 2989 1647 3029 304.98
1665 2998 1734 3028 seq.
