2010 3417
87 158 184 213 423]
605 159 759 199 FROM
796 160 946 200 JOHN
984 160 1161 201 GOLET
1597 161 1676 201 259

85 272 218 310 aetate
255 273 297 310 et
334 283 459 321 prope
506 282 655 318 senex3
703 283 862 309 memor
899 270 1097 309 Catonem
1142 283 1282 309 senem
1321 270 1494 310 Graecas
1538 270 1678 310 literas

83 336 287 385 didicisse,
321 348 548 386 agnoscens
581 335 705 374 etiam
738 337 790 385 te,
825 335 895 386 qui
929 348 972 374 es
1005 348 1170 374 mecum
1201 349 1275 386 par
1307 337 1438 374 aetate
1471 337 1512 374 et
1543 336 1674 385 annis,

87 415 200 441 nunc
234 401 455 441 Hebraicis
491 401 624 440 literis
655 401 698 439 te
731 401 838 440 dare.
906 401 984 450 Me,
1015 403 1062 440 vt
1095 401 1207 449 facis,
1239 413 1344 450 ama,
1378 403 1418 440 et
1451 401 1487 441 si
1516 401 1567 440 ad
1602 414 1678 442 nos

85 480 276 506 reuersus
294 467 432 516 fueris,
457 466 630 506 habebis
647 479 715 505 me
735 466 812 506 tibi
832 466 1149 506 deditissimum.

142 532 245 571 Vale
265 546 315 572 ex
339 546 434 571 rure
460 532 757 583 Stepneptiano
779 532 887 582 apud
916 532 1180 582 genitricem:
1214 544 1315 582 quae
1340 531 1474 570 adhuc
1499 531 1608 571 viuit
1637 534 1678 571 et
1695 531 1736 572 65

87 597 195 637 belle
213 597 390 636 senescit
410 599 452 636 et
477 596 527 635 de
546 598 587 635 te
607 596 768 647 saepius
790 597 964 636 hilarem
984 599 1026 636 et
1044 596 1268 635 iucundam
1287 596 1383 635 facit
1404 597 1674 637 mentionem.

142 663 194 702 In
215 663 280 701 die
301 662 433 701 sancti
451 661 658 701 Eduardi:
686 662 732 700 in
751 662 856 701 festo
875 675 970 701 suae
990 661 1286 700 translationis.

503 813 658 856 4¹2424.
720 814 852 855 FROM
883 813 1075 855 THOMAS
1106 813 1255 855 MORE.

135 906 321 941 Deventer
338 905 414 940 MS.
433 915 489 950 91,
510 905 534 939 f.
558 906 623 950 198
638 909 688 939 v0.
1336 904 1553 952 (Londou)

133 963 207 999 LB.
225 963 324 1009 App.
341 973 420 1009 252.
1253 963 1310 1008 (c.
1329 973 1370 998 21
1389 964 1484 1000 June
1505 963 1630 1011 1516.)

376 1061 560 1092 THOMAS
589 1059 740 1091 MORVS
770 1058 950 1090 ERASMO
982 1059 1325 1091 RHOTERODAMO
1355 1060 1389 1090 S.

143 1142 279 1190 IVBEs,
305 1142 547 1181 charissime
572 1142 754 1190 Erasme,
779 1142 970 1180 omnibus
997 1141 1046 1180 de
1072 1141 1193 1180 rebus
1219 1155 1286 1180 me
1313 1142 1531 1193 diligenter
1556 1143 1607 1182 ad
1637 1145 1678 1181 te

87 1207 290 1256 scribere3
339 1207 447 1257 quod
486 1221 566 1258 quo
604 1207 752 1246 faciam
788 1206 988 1246 libentius
1026 1221 1072 1245 eo
1109 1205 1318 1257 imprimis
1356 1208 1528 1256 animer,
1572 1208 1681 1259 quod

90 1273 269 1323 priorem
299 1272 518 1322 epistolam
546 1285 684 1311 meam
713 1272 901 1321 intelligo
929 1272 1127 1322 placuisse
1156 1271 1243 1319 tibi,
1275 1273 1427 1312 amoris
1456 1274 1502 1312 in
1531 1275 1571 1312 te
1599 1273 1682 1311 mei

90 1338 341 1378 testimonio,
400 1339 461 1377 At
495 1351 625 1387 quum
656 1337 808 1376 scribas
837 1350 883 1376 eo
918 1338 1124 1387 praeterea
1153 1337 1322 1376 nomine
1352 1340 1512 1388 gratam
1542 1338 1678 1385 fuisse,

92 1403 200 1453 quod
246 1402 422 1442 declaret
468 1403 697 1441 virtutibus
744 1401 907 1441 dicendi
953 1402 1161 1452 proficere,
1214 1416 1356 1442 rursus
1402 1404 1583 1454 profecto
1631 1403 1680 1442 ad
1701 1412 1718 1443 5

90 1468 307 1506 silentium
343 1467 524 1516 inuitas,
573 1481 672 1507 nam
712 1467 859 1518 quidni
895 1467 1030 1518 pigeat
1068 1467 1229 1506 litteras
1266 1469 1318 1507 ad
1356 1470 1396 1508 te
1435 1470 1542 1518 dare,
1583 1481 1683 1519 quas

90 1534 246 1572 curiose
275 1533 450 1583 expendi
485 1535 606 1583 atque
637 1533 865 1572 examinari
897 1533 1095 1572 videam?
1136 1533 1283 1584 quippe
1316 1548 1446 1585 quum
1478 1534 1681 1584 profectus

90 1598 346 1637 incrementa
370 1598 592 1647 collaudas,
617 1598 765 1637 rubore
790 1598 1024 1649 perfundor,
1051 1599 1236 1638 conscius
1259 1599 1451 1638 videlicet
1480 1602 1682 1650 quantum

91 1663 258 1702 cottidie
277 1676 327 1702 ex
352 1663 425 1702 illo
445 1664 553 1702 nihil
572 1663 679 1714 quod
699 1664 832 1702 inerat
855 1666 949 1704 ante
977 1664 1192 1703 decrescat.
1254 1665 1371 1713 Quod
1392 1667 1500 1704 certe
1520 1677 1681 1704 necesse

89 1730 153 1767 est
182 1728 339 1767 accidat
365 1729 404 1767 ei
434 1729 506 1779 qui
533 1729 766 1767 forensibus
795 1729 941 1778 litigiis
968 1729 1019 1767 ab
1045 1730 1159 1768 omni
1188 1743 1335 1779 genere
1360 1730 1569 1768 doctrinae
1594 1731 1682 1768 tam
1704 1743 1743 1764 10

93 1793 240 1832 alienis
271 1793 332 1842 (in
363 1794 473 1844 quod
505 1794 735 1844 pistrinum
768 1806 883 1832 meae
915 1807 981 1832 me
1011 1795 1122 1833 vitae
1158 1795 1262 1833 ratio
1300 1795 1488 1844 detrusit)
1522 1794 1683 1832 assidue

92 1857 386 1908 distringitur3
429 1858 580 1909 quibus
612 1859 782 1908 ineptiis
811 1859 868 1897 ita
897 1872 1007 1897 nunc
1040 1872 1249 1908 vexamur,
1279 1861 1327 1897 vt
1358 1872 1490 1909 neque
1520 1859 1684 1898 animus

93 1923 333 1975 cogitationi
379 1927 570 1974 suppetat
616 1936 689 1962 nec
726 1923 851 1962 verba
895 1924 1085 1962 sermoni.
1164 1925 1441 1973 Quamobrem
1485 1925 1522 1963 si
1558 1925 1684 1963 verba

94 1990 336 2039 pensiculas,
375 1989 411 2028 si
451 1989 613 2028 dicendi
649 1988 758 2028 vires
796 1988 1014 2031 examinas,
1050 1990 1128 2028 hoc
1168 1992 1232 2028 est
1269 1990 1305 2029 si
1337 1990 1601 2030 soloecismos
1638 2003 1683 2029 ac

92 2055 367 2094 barbarismos
385 2067 592 2103 numeras,
614 2056 747 2093 tacere
765 2054 881 2092 iubes
899 2068 907 2101 ;
936 2054 1002 2093 sin
1021 2055 1070 2093 de
1090 2054 1212 2094 rebus
1231 2055 1316 2094 tuis
1337 2055 1522 2107 meisque
1543 2055 1683 2095 audire
1706 2069 1742 2100 15

95 2120 277 2170 qualibet
303 2120 487 2159 oratione
513 2121 732 2158 contentus
757 2132 809 2167 es,
832 2119 966 2169 accipe
994 2120 1043 2158 de
1067 2121 1242 2170 pecunia
1265 2122 1448 2172 primum
1473 2123 1614 2172 vtpote
1641 2135 1684 2160 re

93 2185 300 2236 primaria.

148 2250 328 2301 Recepta
357 2250 531 2301 epistola
560 2252 632 2289 tua
659 2249 771 2288 illico
801 2249 1024 2288 Maruffum
1051 2264 1222 2300 accerso,
1254 2251 1343 2290 dico
1370 2253 1412 2290 te
1442 2251 1603 2290 litteras
1634 2253 1684 2291 ad

93 2315 465 2366 Archiepiscopum
499 2315 716 2364 scripsisse,
751 2315 898 2365 quibus
931 2315 1095 2354 testaris
1129 2330 1250 2366 opera
1283 2317 1370 2355 eius
1408 2318 1448 2355 te
1485 2316 1685 2367 recepisse

94 2380 321 2430 pecuniam.
381 2381 513 2420 Proin
542 2381 698 2427 ‘Cedo,'
722 2380 902 2431 inquam,
937 2381 1031 2419 ‘aut
1057 2381 1274 2431 pecuniam
1304 2384 1376 2420 aut
1405 2382 1682 2432 syngrapham
1706 2394 1745 2416 20

95 2459 169 2496 per
203 2458 328 2495 quam
361 2446 630 2495 Antwarpiae
662 2445 792 2495 possit
821 2446 1008 2495 exigere?
1074 2446 1282 2484 ‘Faciam’
1316 2447 1466 2496 inquit,
1504 2445 1681 2493 ‘sedulo,

96 2512 316 2560 postquam
335 2522 358 2548 a
378 2510 665 2550 Cantuariensi
691 2523 906 2560 accepero;
936 2524 1059 2560 quam
1084 2513 1176 2560 post
1203 2511 1310 2549 tales
1336 2510 1499 2549 Erasmi
1525 2511 1686 2549 litteras

96 2575 209 2614 illico
243 2575 543 2614 numerandam
575 2575 686 2613 haud
720 2575 892 2614 dubito?
963 2576 1043 2614 ‘At
1077 2575 1301 2614 Erasmus'
1334 2575 1506 2625 inquam
1543 2575 1686 2614 ‘binas

98 2639 287 2690 scripsit;
316 2639 465 2677 alteras
493 2652 594 2689 quas
620 2639 714 2687 dixi,
739 2652 839 2689 quas
864 2639 946 2678 nisi
967 2641 1142 2690 pecunia
1167 2643 1237 2679 aut
1264 2640 1498 2690 syngrapha
1523 2642 1686 2690 recepta

97 2705 233 2745 vetuit
261 2705 369 2743 tradi
385 2720 394 2752 ;
433 2705 583 2743 alteras
618 2717 719 2755 quas
753 2704 872 2743 iussit
903 2707 1049 2754 negata
1081 2705 1256 2754 pecunia
1289 2704 1498 2754 substitui,
1534 2705 1685 2756 quibus
1705 2718 1743 2750 25

98 2771 348 2820 Episcopum
379 2769 480 2808 facit
513 2770 727 2808 certiorem
757 2769 936 2814 nullum,
957 2770 1156 2808 hactenus
1189 2782 1412 2808 nummum
1444 2771 1495 2808 ad
1526 2784 1568 2810 se
1599 2784 1685 2821 per-

142 2866 215 2898 424.
241 2876 293 2905 23.
322 2865 561 2898 numerandas
575 2867 665 2897 Ms:
691 2875 764 2897 corr.
783 2867 845 2896 LB.
918 2866 1067 2906 inquam
1082 2868 1225 2897 Nickols:
1250 2867 1331 2907 inqt
1346 2869 1416 2898 MS.
1523 2875 1575 2907 25.
1603 2867 1685 2899 sub-

96 2910 219 2941 stituit
234 2913 321 2942 MS.:
347 2921 421 2942 corr.
440 2912 574 2941 Nichols.

498 3010 572 3042 424.
600 3011 652 3043 26.
677 3009 902 3051 Episcopum]
927 3009 978 3041 Cf.
1000 3010 1063 3050 Ep.
1084 3010 1158 3050 388.
1177 3011 1220 3050 58
1237 3021 1272 3044 n.

863 3079 882 3104 S
903 3078 927 3103 2
