2010 3417
292 129 372 168 496
757 128 1007 167 LETTERS
1044 128 1115 167 OF
1151 127 1418 168 ERASMUS
1763 128 1884 182 [1517

294 242 476 289 poteram
506 251 591 276 non
625 237 768 275 minus
801 236 936 275 doceri
967 249 1093 286 quam
1124 236 1328 276 delectari.
1386 236 1420 275 Ο
1451 238 1637 277 desidem
1668 239 1885 279 hominem

294 317 338 343 ac
370 302 478 341 tanti
508 303 590 341 viri
619 301 803 340 amicitia
836 301 1083 349 indignum!
1141 301 1243 350 Quis
1271 301 1378 340 mihi
1408 302 1595 352 ignoscat
1625 305 1734 354 quod
1763 305 1888 344 tricas

294 367 434 406 futiles
471 368 602 406 totius
638 367 900 417 antiquitatis
937 366 1133 405 thesauro
1172 367 1473 416 praetulerim?
1540 369 1621 407 Sed
1659 370 1758 418 quid
1796 370 1891 409 irre-

238 447 276 469 10
293 432 473 483 parabile
510 433 712 471 damnum
745 431 1046 482 reprehendere
1077 431 1205 480 iuuat,
1241 445 1336 471 cum
1374 432 1652 472 irreuocabilis
1688 435 1889 485 temporis

294 499 504 547 iacturam,
533 511 657 548 quam
688 511 781 536 mea
810 497 929 546 culpa
956 496 1137 545 fecerim,
1166 497 1368 547 corrigere
1396 497 1504 536 mihi
1532 497 1654 537 liceat
1683 499 1891 539 minime?

294 563 432 601 Satius
461 565 523 601 est
552 563 633 601 isto
664 575 888 609 excurrere,
921 564 967 600 vt
996 562 1184 600 desinam
1212 562 1398 601 inuidere
1427 563 1820 614 Antwerpiensibus
1848 568 1889 604 et

294 628 562 678 potissimum
587 627 714 666 Petro
737 627 926 677 AegidiO,
947 626 1035 665 viro
1060 627 1332 677 vndecunque
1359 628 1546 678 eleganti,
1572 629 1704 678 docto,
1727 629 1891 668 erudito

295 695 346 742 et,
380 695 427 732 vt
458 707 542 732 vno
574 692 703 732 verbo
735 692 960 739 absoluam,
994 691 1178 731 amicitia
1209 695 1250 731 et
1284 693 1502 743 praeconio
1529 695 1601 733 tuo
1635 695 1892 745 dignissimo.

241 772 276 802 15
295 758 459 797 Vellem
479 761 617 797 tamen
644 772 693 796 ex
719 758 872 797 litteris
898 758 982 796 tuis
1001 758 1232 808 intelligere
1252 771 1306 797 an
1326 758 1408 798 cito
1434 773 1511 798 nos
1530 760 1662 798 visere
1682 760 1889 799 statueris.

298 823 332 861 Ο
351 824 386 862 si
406 823 616 871 scriberes,

622 912 688 950 Ad
718 914 758 950 te
787 911 1108 961 quamprimum,
1141 911 1202 949 fer
1229 911 1448 961 patienter,
1478 925 1561 951 ero.

298 1000 516 1038 Caeterum
540 999 575 1038 si
600 1012 676 1037 nos
702 998 774 1036 diu
803 998 1018 1037 illumines
1046 998 1282 1048 relinquere
1306 999 1497 1046 destinas,
1523 999 1574 1038 ad
1602 1001 1642 1038 te
1667 1001 1892 1051 properabo

297 1067 342 1104 vt
360 1065 525 1104 videam
545 1063 834 1114 caecitatisque
859 1077 973 1102 meae
999 1064 1192 1102 tenebras
1211 1064 1372 1103 lumine
1391 1065 1536 1104 vultus
1555 1065 1618 1103 tui
1640 1065 1890 1115 propulsem.

242 1148 281 1170 20
299 1130 478 1169 Interim
504 1130 606 1175 vale,
629 1130 781 1168 saeculi
808 1130 939 1167 nostri
965 1129 1160 1179 splendor
1182 1132 1222 1168 et
1249 1130 1385 1178 decus,
1410 1143 1506 1169 cum
1530 1130 1693 1169 Achate
1719 1133 1805 1179 tuo,
1826 1132 1893 1170 cui

299 1209 365 1234 me
385 1195 630 1234 commendo
652 1208 736 1234 non
756 1194 991 1244 vulgariter.
1052 1195 1116 1233 Ex
1136 1195 1319 1234 Bruxell.
1345 1195 1417 1234 cal.
1441 1195 1602 1234 Martiis
1627 1206 1738 1245 1517.

788 1345 884 1383 545.
947 1342 1010 1382 To
1042 1342 1233 1383 THOMAs
1264 1342 1412 1384 MORE.

347 1413 511 1458 Farrago
530 1424 565 1457 p.
588 1414 665 1456 185.
1604 1412 1795 1458 Antwerp.

349 1471 385 1505 F.
406 1483 440 1516 p.
461 1481 551 1516 323:
578 1470 670 1505 HN:
699 1469 815 1504 Lond.
835 1468 895 1504 vii.
922 1478 983 1512 17:
1010 1468 1082 1503 LB.
1104 1478 1181 1513 237.
1556 1473 1575 1506 8
1596 1469 1726 1506 March
1747 1480 1846 1516 1517.

866 1550 1030 1591 [Shortly
1047 1550 1138 1580 after
1154 1550 1215 1590 Ep.
1236 1549 1328 1590 543.]

504 1650 707 1680 ERASMVS
740 1647 1073 1679 ROTERODAMVS
1103 1648 1293 1678 THOMAE
1325 1649 1450 1679 MORO
1481 1650 1563 1680 SVO
1596 1651 1630 1680 S.
1660 1650 1702 1679 D.

356 1732 458 1771 M1s1
478 1731 580 1770 duas
598 1731 815 1769 literarum
839 1729 1032 1777 sarcinas,
1054 1729 1229 1768 alteram
1252 1743 1325 1779 per
1352 1730 1654 1779 negociatorem
1675 1731 1893 1781 quendam,

300 1798 474 1837 alteram
495 1798 575 1846 'per
602 1796 740 1834 filium
770 1795 943 1834 Ioannis
969 1794 1112 1844 Grulli,
1139 1795 1206 1833 cui
1234 1796 1282 1834 tu
1305 1809 1473 1845 operam
1502 1797 1619 1835 tuam
1647 1809 1895 1844 nauaueras;

301 1863 368 1902 cui
401 1860 690 1901 commendaui
724 1860 920 1908 codicem,
951 1861 995 1898 in
1030 1873 1112 1909 quo
1145 1862 1262 1899 erant
1297 1860 1579 1909 Reuchlinica,
1612 1874 1714 1911 quae
1748 1861 1898 1900 misere

302 1928 569 1978 desyderabat
590 1925 807 1965 Roffensis.
849 1925 927 1963 Per
946 1925 1127 1975 priorem
1148 1925 1245 1963 misi
1263 1925 1457 1964 libellum
1477 1926 1713 1974 Reuchlini,
1728 1939 1896 1965 versum

265 2015 282 2045 5
303 2007 395 2032 meo
415 1995 595 2042 sumptu.
653 1991 773 2030 Mitte
788 1991 984 2041 Vtopiam
1004 1991 1076 2029 vbi
1094 1990 1278 2041 primum
1298 1991 1451 2030 licebit.
1511 1992 1589 2031 Est
1608 1992 1897 2042 Antuuerpiae

303 2061 467 2098 senator
497 2058 564 2095 cui
593 2057 823 2107 vsqueadeo
854 2056 985 2106 placet
1015 2058 1062 2095 vt
1100 2069 1190 2094 eam
1226 2057 1467 2096 memoriter
1496 2058 1646 2096 teneat.
1706 2057 1893 2106 Epistola

304 2124 450 2174 Dorpii
484 2123 550 2162 cui
582 2125 629 2161 tu
662 2121 923 2172 respondisti,
957 2122 1015 2160 sic
1049 2135 1072 2160 a
1104 2122 1189 2160 tuis
1221 2122 1427 2172 descripta
1464 2124 1526 2161 est
1559 2125 1606 2162 vt
1644 2135 1696 2161 ne
1734 2122 1895 2172 Sibylla

304 2190 472 2240 quidem
491 2188 621 2239 possit
642 2187 800 2237 legere:
825 2187 978 2226 vellem
993 2187 1180 2226 mitteres
1201 2187 1342 2226 minus
1358 2187 1465 2227 male
1481 2188 1689 2238 scriptam.
1737 2187 1896 2236 Quaeso

303 2258 345 2294 te
363 2257 411 2293 vt
431 2253 587 2293 scribas
607 2254 657 2291 de
677 2252 873 2291 omnibus
897 2252 1127 2302 diligenter,
1153 2265 1249 2291 cum
1275 2253 1461 2302 primum
1489 2253 1642 2292 licebit.
1702 2252 1811 2292 Nam
1829 2252 1897 2291 hic

249 2339 286 2362 10
305 2332 456 2370 magna
474 2332 612 2357 rerum
632 2317 811 2356 mutatio
834 2317 1001 2357 videtur
1027 2318 1194 2367 instare,
1218 2318 1302 2356 nisi
1328 2332 1394 2357 me
1414 2318 1582 2357 animus
1600 2317 1720 2357 fallit.
1782 2318 1896 2356 Bene

304 2386 395 2424 vale
414 2398 510 2424 cum
528 2384 613 2423 tuis
633 2383 840 2422 omnibus.

359 2451 441 2500 Qui
478 2450 555 2489 has
591 2449 744 2499 perfert
781 2448 935 2498 probus
972 2450 1034 2487 est
1076 2448 1269 2496 iuuenis3
1316 2449 1355 2487 ei
1391 2449 1583 2498 promisit
1621 2450 1759 2488 nescio
1797 2448 1895 2498 quid

306 2517 503 2555 Sixtinus.
559 2515 604 2553 Is
624 2527 669 2553 ea
695 2514 845 2552 fiducia
870 2514 973 2564 petit
993 2514 1206 2563 Angliam,
1230 2514 1401 2564 ignarus
1425 2527 1474 2553 ex
1494 2514 1676 2565 simplici
1695 2514 1898 2564 promisso

436 2622 510 2652 545.
536 2630 597 2651 Trr.
624 2629 768 2651 THOMAE
784 2623 855 2651 add.
877 2623 917 2651 H.
1051 2629 1080 2651 2.
1106 2622 1150 2652 F:
1176 2619 1275 2651 Cruli
1290 2622 1329 2652 E.
1461 2630 1493 2659 3.
1518 2619 1575 2651 cui
1592 2623 1639 2652 E:
1664 2620 1707 2651 Ei
1723 2623 1759 2651 F.

350 2723 425 2752 544.
451 2731 502 2753 20.
525 2720 680 2759 Achate]
705 2719 829 2750 Gilles.
1179 2730 1208 2757 4.
1240 2718 1422 2760 libellum]
1453 2719 1629 2759 Probably
1648 2719 1711 2750 the
1737 2721 1899 2756 Speculum

350 2765 424 2795 545.
451 2774 480 2795 2.
506 2763 674 2803 alteram]
700 2763 763 2803 Ep.
782 2772 855 2802 543.
1139 2765 1264 2794 Oculare
1282 2763 1338 2804 (ef.
1359 2764 1422 2802 Ep.
1446 2772 1520 2802 543.
1546 2764 1568 2793 6
1589 2763 1655 2802 n.),
1680 2762 1800 2793 which
1824 2763 1855 2793 is
1878 2771 1897 2793 a

394 2807 526 2848 Crulli]
550 2807 583 2838 A
606 2806 834 2838 commercia]
858 2808 964 2846 agent
986 2806 1068 2836 who
1137 2807 1292 2837 German
1309 2807 1558 2847 composition,
1579 2808 1808 2844 Augenspieyel.

310 2852 340 2881 is
378 2851 586 2882 mentioned
625 2851 699 2881 also
737 2851 776 2880 in
807 2850 869 2890 Ep.
902 2860 965 2889 543
996 2849 1067 2880 and
1178 2851 1209 2881 6.
1243 2850 1400 2890 Epistola
1429 2850 1571 2891 Dorpii]
1604 2850 1665 2889 Ep.
1697 2859 1770 2888 347.
1824 2849 1897 2880 The

310 2894 418 2925 Lond.
437 2896 498 2926 vii.
520 2895 568 2935 18,
589 2895 658 2925 LB.
676 2904 751 2933 344.
797 2893 901 2924 From
923 2894 1070 2924 Brewer
1137 2894 1290 2924 badness
1318 2893 1356 2924 of
1378 2893 1440 2924 the
1471 2903 1559 2933 copy
1582 2891 1791 2923 mentioned
1814 2893 1899 2924 here

311 2937 348 2967 ii.
377 2947 462 2976 2190
489 2937 533 2967 he
564 2947 710 2977 appears
740 2939 777 2967 to
808 2937 898 2968 have
929 2938 1018 2968 been
1049 2947 1068 2968 a
1137 2946 1220 2976 may
1236 2937 1325 2968 have
1342 2938 1431 2968 been
1447 2937 1509 2968 the
1529 2946 1632 2967 cause
1648 2936 1733 2975 why
1748 2936 1899 2967 another

309 2980 436 3010 citizen
453 2980 491 3011 of
502 2981 685 3020 Antwerp.
1137 2990 1227 3020 copy
1241 2989 1314 3011 was
1330 2980 1433 3011 made
1449 2981 1486 3011 at
1502 2980 1605 3011 Basle
1621 2980 1659 3010 in
1679 2979 1772 3018 1518.
