2010 3464
321 195 374 233 28
792 193 1041 232 LETTERS
1080 193 1150 231 OF
1187 193 1452 232 ERASMUS
1789 190 1826 243 [Ι
1836 201 1857 239 5
1867 203 1881 228 1
1890 204 1911 237 4

321 313 500 344 grammar
516 303 635 334 which
658 303 759 333 Conr.
782 302 941 332 Pellican
958 301 1145 340 composed
1162 301 1202 331 in
1222 309 1316 340 1501,
1335 309 1429 331 were
1445 300 1671 332 undertaken
1689 299 1742 330 for
1758 299 1914 332 Reisch’s

322 348 456 379 benefit
474 347 587 387 (CPR.
604 356 662 386 pp.
679 356 721 375 22
738 345 809 376 and
829 345 917 384 140).

366 392 429 421 See
446 390 639 430 Schreiber‚
657 391 759 420 Gesch.
773 391 802 419 (1.
822 391 910 419 Unio.
922 389 1081 425 Freibnm,
1096 387 1119 418 i.
1136 387 1189 426 64,
1195 396 1213 425 5
1231 397 1239 426 ;
1255 386 1430 426 Schmidt,
1446 387 1482 417 ii.
1497 388 1540 426 89
1555 396 1562 424 ;
1578 387 1687 416 Basler
1699 387 1889 416 Chronikeni
1908 397 1914 423 3

323 434 393 465 and
408 432 536 472 ADB.]

375 521 571 560 SALVTEM
600 519 834 570 plurimam,
866 518 1090 569 reuerende
1120 521 1246 568 pater.
1308 518 1494 558 Summis
1523 517 1744 556 sudoribus
1772 516 1916 555 adnixi

320 598 465 623 sumus
497 586 538 623 et
566 585 700 623 adhuc
727 583 971 633 adnitimur,
1003 586 1048 623 vt
1078 583 1164 622 diui
1195 583 1447 634 Hieronymi
1476 582 1671 633 epistolas
1699 581 1917 632 castigatas

320 650 559 689 emittamus
589 650 633 688 in
662 662 813 688 manus
839 649 1088 697 hominum3
1128 649 1277 699 quibus
1306 649 1414 687 nihil
1445 648 1524 686 dici
1552 649 1624 686 aut
1651 647 1755 697 fingi
1784 648 1918 697 potest

320 716 605 766 deprauatius:
635 728 730 753 eum
759 728 850 753 meo
870 714 1022 753 iudicio
1046 728 1156 753 vnus
1175 714 1259 753 fere
1285 715 1341 753 sit
1364 714 1652 762 Hieronymus
1676 713 1826 762 dignus
1845 712 1917 762 qui

282 796 300 827 5
319 781 370 820 ab
402 781 597 820 omnibus
628 780 801 830 legatur,
834 780 945 819 inter
977 780 1189 831 theologos
1222 780 1425 819 duntaxat
1460 779 1642 818 Latinos.
1716 778 1917 817 Ordinem

319 846 430 884 hunc
471 845 742 884 instituimus.
813 845 956 884 Primo
1000 845 1088 884 loco
1131 858 1338 897 ponemus
1387 859 1464 895 que
1506 857 1601 883 vere
1645 845 1743 882 sunt
1785 843 1911 882 illius.

321 911 520 960 Secunda,
554 924 630 961 que
663 910 766 949 falso
800 910 1061 960 Hieronymo
1099 911 1354 959 tribuuntur,
1392 909 1463 948 sed
1498 909 1623 959 digna
1660 911 1800 947 tamen
1839 922 1917 959 que

320 977 524 1026 legantur.
587 975 728 1014 Tercio
759 975 848 1014 loco
879 975 1115 1014 adulterina
1150 989 1311 1026 quoque
1344 974 1624 1021 subiiciemus‚
1655 987 1678 1012 a
1711 973 1917 1012 nebulone

319 1042 457 1080 nescio
488 1055 568 1092 quo
598 1040 874 1080 insulsissimo
906 1042 1025 1090 atque
1059 1039 1426 1090 impudentissimo
1457 1039 1631 1078 subdita.
1702 1038 1917 1077 Addemus

264 1120 302 1142 10
320 1120 461 1146 causas
490 1120 563 1144 cur
588 1119 634 1144 ea
656 1106 775 1144 nobis
798 1119 883 1144 non
909 1105 1131 1144 videantur
1151 1119 1239 1144 esse
1267 1106 1529 1156 Hieronymi.
1586 1104 1653 1143 Ita
1672 1103 1826 1154 pariter
1844 1104 1916 1142 fiet

318 1174 365 1210 vt
398 1185 529 1222 neque
563 1171 789 1221 decipiatur
819 1171 945 1209 lector
979 1170 1248 1210 mendacibus
1281 1170 1419 1209 titulis
1452 1183 1585 1220 neque
1616 1169 1838 1219 quicquam
1871 1169 1916 1207 in

318 1237 534 1275 volumine
573 1237 790 1287 desyderet
831 1236 897 1274 cui
943 1236 1040 1275 talia
1083 1236 1248 1286 placent
1291 1236 1576 1274 deliramenta.
1652 1233 1918 1284 Deprehendi

319 1302 463 1340 stilum
494 1302 617 1341 vnius
650 1301 791 1340 rabule
823 1301 895 1351 qui
928 1301 1063 1340 multa
1095 1301 1265 1340 miscuit
1299 1304 1340 1339 et
1374 1299 1604 1350 Augustini
1638 1299 1840 1349 operibus,
1871 1302 1919 1339 vt

319 1380 530 1405 sermones
574 1366 816 1414 eremiticos,
859 1368 899 1404 et
937 1366 1232 1405 Ambrosianis
1273 1366 1387 1405 addit
1432 1378 1666 1405 sermonem
1705 1363 1918 1403 Ambrosii

263 1445 299 1477 15
318 1432 634 1482 gratulatorium
664 1432 714 1470 de
741 1431 944 1481 baptizato
973 1432 1226 1481 Augustino.

374 1497 504 1536 Video
532 1500 574 1536 te
599 1497 742 1535 eodem
767 1497 907 1535 animo
936 1497 981 1535 in
1006 1497 1118 1535 hunc
1147 1496 1340 1536 diuinum
1366 1510 1455 1536 esse
1484 1497 1624 1535 virum
1654 1509 1734 1546 quo
1764 1507 1852 1542 nos,
1875 1497 1916 1532 et

320 1562 507 1601 ordinem
535 1564 658 1600 tuum
687 1575 771 1600 non
800 1561 988 1611 improbo
1004 1576 1014 1610 3
1058 1575 1180 1612 quem
1209 1564 1351 1601 tamen
1381 1562 1497 1613 sequi
1525 1562 1613 1600 sine
1642 1574 1793 1611 magno
1824 1573 1916 1598 meo

319 1628 458 1666 labore
478 1641 561 1666 non
580 1640 744 1677 possem
761 1641 769 1664 :
800 1629 938 1665 essent
957 1628 1071 1665 enim
1100 1627 1240 1666 omnia
1263 1628 1495 1666 retexenda.
1555 1627 1746 1664 Preterea
1766 1625 1915 1675 periret

321 1706 411 1731 mea
448 1693 660 1743 separatio.
730 1692 948 1731 Postremo
986 1695 1084 1731 sunt
1122 1693 1251 1731 multe
1290 1692 1462 1743 epistole
1500 1706 1578 1742 que
1618 1691 1698 1730 alio
1737 1691 1915 1742 quodam

263 1773 301 1794 20
320 1759 461 1797 ordine
481 1759 591 1797 inter
616 1770 657 1796 se
683 1757 901 1804 coherent;
932 1757 1139 1807 siquidem
1164 1758 1252 1808 ipse
1280 1757 1565 1807 Hieronymus
1591 1757 1705 1795 iubet
1724 1755 1916 1795 libellum

320 1837 443 1873 quem
463 1823 627 1873 scripsit
655 1823 706 1861 ad
736 1822 1020 1871 Nepotianum
1049 1823 1231 1872 copulari
1258 1836 1353 1862 cum
1379 1837 1427 1862 eo
1447 1822 1587 1861 libello
1608 1835 1732 1872 quem
1752 1820 1917 1871 scripsit

319 1888 369 1927 ad
393 1889 675 1927 Heliodorum.
737 1887 885 1937 Itaque
907 1889 1096 1927 veterum
1127 1888 1317 1927 ordinem
1346 1902 1568 1939 sequemur
1595 1887 1779 1938 exceptis
1806 1886 1918 1925 adul-

319 1953 476 2001 terinis,
509 1957 550 1992 et
582 1953 671 1992 loco
706 1953 864 1991 ordinis
904 1966 1027 2003 quem
1066 1955 1137 1992 tua
1172 1954 1401 2004 paternitas
1439 1953 1698 2004 excogitauit,
1735 1952 1915 1991 indicem

318 2031 531 2068 ponemus,
569 2020 614 2056 vt
643 2018 796 2067 duplex
831 2018 886 2056 sit
919 2019 1019 2057 ordo
1053 2019 1285 2069 duplexque
1316 2019 1598 2058 commoditas.
1663 2017 1918 2058 Addidimus

262 2098 276 2119 2
283 2100 300 2130 5
319 2084 569 2134 argumenta
584 2083 628 2121 in
648 2082 834 2132 singulas
854 2085 895 2120 et
911 2083 1076 2132 scholia,
1094 2086 1140 2122 vt
1156 2097 1241 2122 non
1262 2084 1488 2123 admodum
1502 2084 1654 2123 eruditi
1673 2083 1916 2122 inoffensius

320 2162 416 2187 eum
445 2148 605 2198 possint
635 2148 781 2198 legere.
846 2148 1136 2198 Explicuimus
1166 2149 1389 2187 allusiones
1416 2149 1467 2187 ad
1497 2149 1587 2188 loca
1615 2150 1914 2198 scripturarum

320 2214 568 2262 diuinarum,
599 2226 665 2251 eas
694 2213 895 2251 duntaxat
923 2226 1022 2263 quas
1048 2227 1132 2252 non
1160 2214 1298 2264 quiuis
1321 2214 1445 2253 etiam
1473 2214 1693 2264 theologus
1721 2226 1916 2252 sensurus

320 2280 417 2316 erat.

375 2343 569 2381 Gratulor
588 2343 769 2392 profecto
790 2344 1051 2382 sanctissimo
1065 2344 1156 2384 viro
1171 2345 1242 2395 qui
1262 2344 1445 2383 mirabili
1465 2357 1559 2383 cura
1579 2343 1915 2382 doctissimorum

261 2425 301 2455 30
318 2408 518 2446 iuuenum
538 2408 938 2447 Amberbachiorum
952 2411 1039 2448 tam
1059 2410 1302 2449 emendatus
1320 2411 1366 2448 in
1384 2410 1517 2448 lucem
1537 2409 1702 2459 prodire
1722 2409 1912 2459 coeperit.

322 2474 414 2511 Non
448 2473 687 2524 grauabitur
718 2475 946 2524 paternitas
978 2477 1050 2513 tua
1082 2475 1310 2514 reuerenda
1342 2476 1461 2514 nobis
1498 2475 1712 2525 impartire
1745 2475 1782 2514 si
1815 2474 1914 2526 quid

320 2539 447 2577 habes
463 2539 775 2577 emendatorum
796 2539 994 2589 codicum⁷
1018 2542 1091 2579 aut
1109 2541 1146 2578 si
1165 2554 1245 2591 qua
1263 2541 1351 2580 loca
1370 2541 1544 2579 feliciter
1566 2542 1775 2580 annotata.

375 2603 427 2642 In
451 2604 624 2654 epistola
649 2604 700 2642 ad
726 2603 1001 2643 Heliodorum
1031 2605 1149 2644 cuius
1174 2606 1344 2644 initium
1369 2608 1443 2655 est,
1469 2607 1620 2656 Quanto
1640 2617 1777 2655 amore,
1800 2604 1913 2644 varie

319 2669 472 2718 legitur
500 2668 567 2707 hic
596 2669 720 2717 locus,
753 2671 816 2708 cui
843 2682 913 2708 nos
940 2672 1144 2709 morituros
1173 2672 1388 2720 relinquis?
1426 2675 1492 2710 etc.
1559 2672 1686 2722 Aperi
1715 2670 1846 2719 nobis,
1864 2670 1913 2709 ⁴si

262 2751 301 2783 35
321 2734 545 2772 molestum
572 2747 655 2772 non
681 2735 754 2783 est,
780 2735 879 2784 quid
906 2737 952 2773 tu
981 2736 1145 2775 sentias.
1207 2736 1259 2774 In
1286 2737 1459 2786 epistola
1484 2737 1534 2775 ad
1557 2737 1776 2775 Rusticum
1797 2735 1914 2774 cuius

691 2853 743 2874 20.
770 2844 913 2874 coheret
930 2847 997 2875 MS.
1131 2854 1184 2883 32.
1210 2844 1454 2876 emedatorum
1472 2847 1540 2877 MS.

365 2957 417 2985 34.
442 2948 622 2988 morituros]
645 2950 691 2980 In
707 2950 766 2980 his
782 2952 859 2980 text
878 2952 987 2991 (1516,
1009 2952 1032 2982 f.
1054 2952 1084 2991 1)
1146 2962 1296 2982 nonvno
1308 2952 1413 2982 modo
1424 2951 1611 2983 confusum
1622 2960 1661 2981 ac
1674 2950 1909 2989 deprauatum

323 2990 490 3021 Erasmus
511 2991 630 3030 prints
653 2996 844 3032 seruituros3
873 2995 937 3025 but
960 2995 999 3024 in
1025 2994 1087 3025 the
1145 3005 1187 3025 ex
1218 2997 1424 3035 peruetusto
1455 2994 1608 3034 quodam
1636 2993 1833 3033 exemplari
1860 2993 1910 3024 sic

323 3033 460 3064 scholia
476 3038 649 3074 morimros,
665 3035 799 3075 adding
818 3036 945 3067 ‘Hunc
969 3037 1086 3068 locum
1147 3039 1397 3069 restituimus.⁷
