2010 3417
168 139 267 193 586]
540 142 610 182 TO
648 143 763 183 THE
802 143 994 183 DUKES
1033 144 1102 184 OF
1140 144 1371 184 SAXONY
1672 146 1752 184 583

166 251 331 302 quando
359 251 565 291 libertatis
583 254 821 303 exemplum
846 255 892 293 in
918 255 1027 305 ipsos
1052 255 1218 294 recidat.
1275 256 1354 294 Sed
1381 255 1515 294 multo
1541 254 1674 304 magis
1700 256 1751 293 ad

167 329 254 355 rem
280 317 461 366 pertinet
485 318 530 356 in
554 318 620 357 his
645 319 916 368 contemplari
942 332 1097 358 nomen
1120 321 1225 359 illud
1249 320 1422 370 imperii,
1450 320 1557 370 quod
1585 322 1626 358 et
1651 319 1751 358 olim

166 382 254 420 orbi
282 385 587 422 sacrosanctum
613 386 918 434 augustumque
945 384 1037 433 fuit,
1064 387 1106 424 et
1131 399 1241 424 nunc
1268 386 1496 425 etiamnum
1522 385 1751 424 multorum

163 447 378 485 affectibus
396 448 634 498 religiosum
654 463 699 488 ac
712 450 946 489 venerabile
965 453 1028 489 est
1047 464 1140 489 cum
1160 451 1270 489 nihil
1289 451 1372 488 fere
1392 450 1569 500 supersit
1594 450 1753 500 praeter

166 512 332 550 inanem
365 514 506 563 magni
540 515 722 553 nominis
750 516 953 564 vmbram,
987 529 1110 566 quam
1141 516 1271 554 foedis
1304 515 1436 554 initiis
1468 516 1513 553 in
1545 514 1751 555 mundum

167 569 387 626 irrepserit.
447 578 641 617 Primum
669 579 713 617 in
742 579 851 618 Iulio
880 580 1083 628 scelerate,
1113 593 1209 618 mox
1237 581 1281 619 in
1310 580 1490 627 Octauio,
1525 579 1681 629 Lepido
1708 581 1751 617 et

164 642 352 680 Antonio
390 644 639 683 sceleratius.
712 644 819 693 Quid
858 658 943 683 non
979 646 1116 695 potest
1152 645 1340 684 fortunae
1379 644 1508 683 libido
1547 645 1592 682 in
1630 644 1751 683 rebus

164 706 392 746 humanis?
447 708 638 748 Potestas
671 723 717 748 ea
750 722 875 759 quam
907 712 1049 760 postea
1082 710 1162 748 diis
1189 710 1381 760 aequauit
1409 709 1628 748 hominum
1657 722 1749 747 con-

163 783 320 820 sensus,
357 773 582 823 impietate,
621 775 798 823 cedibus,
834 775 1075 825 parricidiis,
1111 774 1292 822 incestis,
1329 774 1549 824 tyrannide
1587 774 1751 812 condita

162 840 480 888 consecrataque
507 839 598 878 fuit.
659 839 740 878 His
764 840 953 879 felicibus
981 840 1173 890 auspiciis
1199 839 1306 889 cepit
1331 839 1404 878 illa
1432 839 1597 888 regibus
1622 838 1750 877 totius

163 901 277 940 orbis
311 903 478 942 adorata
513 905 717 944 maiestas.
776 907 838 944 Ac
876 905 1111 944 sceleratius
1143 905 1227 944 fere
1260 906 1482 954 propagata
1513 903 1593 942 fuit
1626 917 1748 954 quam

164 968 276 1006 nata.
333 969 467 1007 Foeda
485 969 751 1009 barbarorum
771 969 956 1009 militum
975 970 1172 1009 colluuies
1191 971 1429 1020 frequenter
1442 982 1527 1007 non
1543 968 1750 1018 suffragiis

162 1033 233 1070 sed
255 1033 414 1072 insanis
430 1035 684 1074 tumultibus
702 1036 920 1074 dominum
944 1035 1034 1074 orbi
1056 1035 1189 1083 dabat,
1213 1048 1286 1074 nec
1306 1034 1387 1073 alia
1405 1034 1490 1072 fere
1508 1032 1749 1072 succedendi

161 1096 226 1135 lex
259 1098 342 1137 nisi
374 1102 552 1138 mactato
585 1100 804 1150 superiore.
884 1100 964 1139 His
1001 1100 1148 1139 auibus
1187 1100 1289 1138 olim
1326 1098 1644 1149 auspicabantur
1674 1098 1747 1136 im·

160 1162 323 1209 perium
337 1178 347 1211 ;
387 1165 493 1214 quod
526 1165 659 1204 nihilo
691 1165 824 1204 secius
856 1168 995 1204 tamen
1025 1165 1194 1204 interim
1224 1165 1447 1204 emendum
1476 1166 1563 1202 erat
1591 1163 1748 1212 quanti-

158 1239 323 1278 cunque
354 1229 597 1280 inexplebili
628 1231 813 1269 militum
845 1231 1047 1269 auariciae
1078 1230 1279 1269 libuisset.
1340 1229 1424 1268 Nec
1452 1229 1552 1268 satis
1585 1230 1672 1267 erat
1703 1228 1747 1266 in

161 1304 292 1331 vnum
317 1295 450 1333 seuire
473 1297 606 1345 caput.
667 1295 735 1334 Ad
759 1296 920 1343 liberos,
942 1296 990 1334 ad
1014 1296 1166 1343 affines,
1189 1295 1239 1333 ad
1258 1295 1411 1333 amicos
1429 1293 1589 1333 omneis
1611 1293 1747 1332 crude-

160 1356 322 1397 lissima
345 1360 511 1398 laniena
536 1360 841 1410 proferebatur:
870 1373 915 1398 ac
940 1373 1209 1409 sepenumero
1236 1359 1592 1409 reciprocantibus,
1617 1361 1664 1397 vt
1686 1358 1745 1404 fit,

159 1422 364 1462 vindictae
383 1425 555 1473 vicibus,
573 1438 676 1475 quos
694 1424 815 1472 viros,
832 1437 934 1474 quas
952 1426 1162 1463 matronas
1182 1424 1305 1462 effera
1322 1423 1561 1462 immanitas
1580 1422 1748 1472 indigne

161 1487 369 1528 laniabat!
425 1490 530 1540 Sepe
557 1489 749 1540 pluribus
774 1489 872 1527 hinc
898 1491 940 1527 et
964 1489 1063 1527 hinc
1090 1489 1313 1539 imperium
1342 1489 1392 1527 ad
1419 1501 1462 1527 se
1488 1487 1747 1526 trahentibus

159 1553 439 1593 miscebantur
477 1555 630 1594 omnia.
691 1554 757 1593 Ita
793 1567 954 1603 semper
990 1554 1040 1592 ad
1079 1567 1236 1592 nouum
1272 1553 1435 1603 imperii
1473 1564 1746 1591 successorem

159 1620 274 1658 totus
292 1622 497 1660 terrarum
517 1620 628 1658 orbis
647 1619 963 1658 concutiebatur.
1024 1619 1196 1657 Summa
1214 1632 1352 1657 rerum
1371 1619 1416 1657 in
1435 1617 1628 1656 manibus
1645 1620 1742 1666 erat,

157 1696 242 1721 non
262 1688 439 1733 senatus,
458 1698 542 1723 non
556 1685 701 1735 populi
719 1684 907 1731 Romani,
925 1684 996 1722 sed
1011 1684 1251 1722 mercenarii
1265 1683 1565 1732 facinorosique
1583 1682 1741 1721 militis.

162 1746 246 1786 Nec
272 1749 392 1788 aliter
416 1750 616 1800 imperare
642 1749 771 1797 licuit,
796 1762 926 1798 neque
952 1749 1108 1787 diutius
1132 1749 1334 1798 imperare
1358 1748 1487 1795 licuit,
1512 1760 1636 1797 quam
1660 1747 1746 1786 illis

160 1813 295 1853 beluis
331 1815 594 1862 collibuisset,
630 1815 701 1864 qui
733 1827 807 1852 nec
844 1815 972 1852 bonos
1009 1827 1083 1852 nec
1121 1813 1252 1852 malos
1288 1813 1492 1863 principes
1531 1813 1604 1851 diu
1639 1813 1744 1850 ferre

161 1874 358 1928 poterant.
418 1880 541 1919 Alius
569 1879 729 1930 parcior
756 1881 854 1927 erat,
885 1878 990 1917 alius
1016 1879 1232 1927 profusior,
1262 1878 1368 1917 alius
1396 1877 1593 1916 eruditior
1620 1890 1744 1927 quam

160 1945 326 1993 vellent,
348 1945 456 1984 alius
479 1945 605 1983 matri
631 1943 932 1994 obsequentior,
954 1943 1061 1982 alius
1079 1943 1272 1982 militaris
1291 1943 1533 1992 disciplinae
1552 1942 1741 1990 tenacior,

158 2011 264 2049 alius
283 2010 476 2058 imbellis,
498 2010 605 2048 alius
625 2009 846 2048 immodice
865 2009 1047 2057 bellator,
1071 2008 1177 2048 alius
1196 2008 1240 2046 in
1261 2010 1454 2046 senatum
1475 2008 1743 2057 propensior;

157 2076 228 2115 alii
247 2089 476 2125 cognomen
496 2075 683 2114 obstabat
701 2074 831 2112 militi
850 2087 995 2124 parum
1008 2074 1247 2123 gratiosum,
1264 2074 1334 2111 alii
1348 2073 1536 2112 affinitas.
1594 2073 1742 2121 Quam-

157 2141 257 2180 libet
275 2141 381 2179 leuis
400 2153 521 2179 causa
539 2140 640 2178 satis
658 2142 744 2178 erat
763 2139 857 2178 istis
875 2140 925 2177 ad
945 2139 1216 2189 iugulandum
1237 2138 1346 2177 orbis
1365 2138 1606 2188 principem.

210 2207 400 2256 Denique
429 2207 475 2244 vt
514 2205 621 2243 nihil
658 2207 763 2243 esset
801 2217 951 2251 causae,
980 2204 1220 2254 expediebat
1256 2204 1343 2242 illis
1379 2204 1554 2242 subinde
1582 2204 1741 2241 mutare

155 2272 394 2321 principem.
453 2269 710 2308 Insatiabilis
739 2269 919 2307 habendi
951 2269 1078 2307 fames
1110 2269 1160 2307 ad
1194 2282 1259 2307 res
1290 2268 1503 2307 nouandas
1530 2266 1738 2305 incitabat.

154 2336 453 2375 Trucidabatur
470 2338 518 2374 vt
535 2334 699 2373 inutilis
725 2347 847 2384 quem
872 2335 956 2372 iam
980 2335 1213 2382 exuxerant,
1238 2333 1518 2371 accersebatur
1542 2332 1649 2370 alius
1670 2331 1742 2380 qui

156 2400 454 2448 exhauriretur,
487 2413 584 2438 mox
611 2402 652 2438 et
679 2399 764 2448 ipse
796 2399 1074 2438 trucidandus,
1132 2399 1269 2447 Atque
1297 2398 1408 2436 hisce
1438 2397 1558 2435 rebus
1585 2397 1740 2435 factum

156 2468 220 2505 est
237 2468 284 2505 vt
307 2464 606 2504 nonnullorum
635 2465 853 2514 imperium
881 2464 1021 2513 paucis
1048 2464 1170 2502 modo
1198 2462 1420 2510 mensibus,
1443 2461 1739 2500 nonnullorum

157 2529 417 2581 paucissimis
446 2530 571 2568 etiam
600 2529 742 2568 diebus
770 2529 982 2567 finiretur:
1021 2531 1066 2566 vt
1093 2541 1160 2566 me
1188 2527 1355 2578 quidem
1383 2527 1493 2566 inter
1519 2526 1739 2577 legendum

155 2595 297 2634 crebro
316 2595 460 2632 subeat
476 2594 696 2632 admiratio
716 2594 844 2632 fuisse
863 2593 969 2632 vllos
988 2594 1165 2642 quitum
1185 2593 1384 2642 temporis
1401 2592 1558 2631 vellent
1576 2591 1740 2641 imperii

202 2734 274 2764 123.
298 2724 343 2755 ad
359 2733 434 2755 rem
450 2727 523 2755 add.
539 2723 583 2755 αθ.
728 2732 798 2761 124.
825 2723 884 2754 his
897 2734 942 2763 αγ
957 2735 964 2753 ;
988 2723 1032 2753 iis
1047 2721 1096 2756 8².
1243 2724 1312 2753 126.
1340 2724 1393 2753 est
1408 2725 1480 2753 adel.
1499 2721 1543 2752 αἳ.
1643 2721 1738 2752 nihil

159 2770 229 2799 fere
245 2779 285 2799 a:
310 2768 447 2806 aliquot
463 2768 535 2798 iam
553 2766 680 2798 seculis
696 2775 769 2797 non
787 2768 837 2797 ita
853 2766 1009 2797 multum
1025 2778 1058 2805 γ.
1188 2775 1258 2804 127.
1283 2766 1428 2796 inanem
1445 2777 1465 2795 α
1480 2777 1487 2796 :
1510 2765 1688 2796 illustrem
1705 2777 1737 2804 7.

162 2821 231 2850 132.
254 2811 367 2842 totius
382 2811 477 2841 orbis
494 2812 565 2841 add.
584 2822 616 2850 γ.
745 2819 814 2848 133.
840 2811 1031 2849 propagata
1047 2808 1100 2839 a2’:
1126 2811 1383 2848 propagataque
1399 2808 1443 2839 αἱ.
1575 2818 1646 2847 134.
1670 2809 1737 2838 fre-

157 2856 307 2893 quenter
323 2856 395 2884 add.
412 2865 446 2893 γ.
602 2862 673 2892 135.
699 2853 733 2882 οι2
747 2864 754 2883 z
778 2853 933 2883 insaniis
947 2851 988 2883 a¹.
1100 2851 1173 2882 fere
1190 2854 1264 2882 add.
1283 2863 1315 2892 γ.
1472 2853 1544 2891 136.
1568 2851 1656 2883 olim
1670 2863 1715 2891 <²7
1729 2862 1736 2881 :

155 2899 258 2931 omss.
380 2897 451 2935 138.
469 2905 622 2935 -cunque
637 2896 768 2927 add.a².
894 2905 966 2934 140.
990 2894 1232 2934 proferebatur
1246 2905 1311 2934 αγε
1334 2905 1392 2926 om.
1408 2894 1455 2929 6².
1586 2905 1656 2933 141.
1682 2895 1737 2925 in·

156 2942 265 2981 digne
291 2950 356 2980 <¹7²
390 2950 449 2970 om.
475 2940 525 2974 6².
680 2948 750 2978 143.
788 2938 821 2969 ο.2
836 2951 843 2970 :
876 2939 1116 2969 missebantur
1140 2937 1183 2968 α’·
1340 2947 1410 2978 145.
1445 2937 1496 2970 12²:
1532 2938 1668 2970 milites
1693 2937 1736 2968 αι.

160 2994 232 3024 154.
256 2983 442 3015 nouandas
458 2994 518 3022 ‘²7²
544 2993 655 3014 nouas
669 2982 716 3017 3².
854 2992 924 3022 159.
951 2984 1030 3013 tum
1044 2983 1213 3021 temporis
1228 2984 1300 3013 add.
1316 2993 1347 3021 γ.

1775 395 1832 426 125

1772 720 1831 751 ¹30

1772 1046 1829 1077 135

1769 1370 1828 1401 140

1769 1695 1825 1727 145

1758 2017 1817 2048 150

1764 2346 1821 2377 ¹55
