2010 3417
114 159 215 215 339]
471 165 624 204 FROM
661 166 769 206 LEO
807 166 848 206 X
887 167 958 207 ΤΟ
995 167 1198 209 ΗΕΝΒῩ
1237 170 1350 210 VIII
1630 176 1707 214 117

112 273 160 310 vt
197 271 235 310 ei
273 274 410 322 preter
445 286 536 313 eam
573 274 865 315 liberalitatem
903 290 1027 327 quam
1066 281 1214 329 sponte
1246 281 1317 319 tua
1354 280 1540 330 deferres,
1581 283 1705 322 etiam

113 337 307 376 ostendas
325 350 525 388 magnum
543 339 620 378 hac
641 343 782 380 nostra
794 343 1151 382 commendatione
1165 345 1329 394 pondus
1344 346 1569 386 accessisse.
1611 346 1705 387 Hoc

108 414 209 440 cum
237 405 472 453 pergratum
500 405 620 444 nobis
647 406 782 454 fuerit,
811 408 903 446 tum
930 408 1135 447 maiestati
1161 410 1241 458 tue,
1271 411 1318 448 vt
1344 410 1511 460 quidem
1539 412 1705 452 arbitra·

115 480 221 516 mur,
244 468 603 518 perhonorificum.
678 471 833 510 Datum
862 472 1017 512 Romae
1045 473 1155 523 apud
1186 476 1377 513 sanctum
1404 475 1593 525 Petrum,
1624 477 1702 517 sub
1722 488 1766 520 30

109 533 269 572 annulo
288 533 515 584 piscatoris,
540 535 605 573 die
625 564 633 573 .
650 548 689 575 x.
712 535 824 575 Iulii.
854 548 967 585 1515.
1028 538 1302 578 Pontificatus
1322 540 1454 579 nostri
1471 554 1581 580 anno
1604 540 1653 591 3⁰.

1335 605 1392 643 Ia.
1417 606 1643 646 Sadoletus.

471 756 625 799 333340.
687 756 820 799 FRoM
852 757 1127 800 RAFFAELLE
1158 761 1340 803 RIARIO.

159 858 258 903 Opus
273 856 527 902 Epistolarum
546 870 579 903 p.
600 859 678 903 869.
1453 863 1580 901 Rome.

156 916 212 952 N:
240 915 357 951 Lond.
377 915 466 950 xxii.
489 926 552 960 13:
581 915 653 950 LB.
677 917 752 952 180.
1383 920 1424 955 18
1442 919 1532 964 July
1555 929 1652 966 1515.

154 1002 256 1044 [This
272 1002 380 1032 letter
395 1010 468 1031 was
485 1001 697 1041 dispatched
719 1002 767 1041 by
782 1002 998 1034 Ammonius
1013 1004 1051 1034 to
1066 1003 1171 1034 Basle
1187 1004 1279 1035 with
1296 1005 1357 1036 the
1373 1006 1476 1036 other
1492 1006 1704 1039 documents

108 1045 320 1078 mentioned
342 1047 382 1075 in
398 1045 462 1085 Ep.
479 1046 544 1084 338
561 1045 691 1076 introd.
740 1045 807 1076 For
824 1055 918 1077 some
934 1056 1057 1077 reason
1074 1048 1102 1078 it
1118 1056 1192 1078 was
1208 1048 1352 1079 mislaid
1376 1049 1447 1080 and
1472 1050 1510 1080 111
1531 1051 1612 1090 1518
1629 1050 1701 1082 had

109 1092 173 1121 not
196 1092 255 1129 yet
271 1088 422 1120 reached
448 1089 638 1128 Erasmus;
663 1089 704 1120 cf.
722 1089 834 1121 Lond.
854 1089 905 1121 iii.
926 1100 964 1121 11
983 1090 1054 1121 and
1071 1100 1103 1121 v.
1122 1092 1174 1129 26,
1192 1092 1261 1123 LB.
1281 1101 1345 1132 315
1363 1092 1435 1123 and
1452 1102 1526 1132 331.
1577 1095 1699 1126 Hence

105 1133 170 1165 the
187 1133 292 1172 delay
309 1133 347 1163 in
364 1132 410 1163 its
426 1132 677 1174 publication]

368 1230 580 1260 RAPHAEL
610 1230 744 1262 CARD.
777 1232 812 1262 S.
845 1231 1031 1262 GEORGII
1063 1232 1244 1263 ERASMO
1274 1233 1372 1264 ROT.
1405 1234 1439 1264 S.

163 1311 418 1350 CLAmssmn
444 1311 520 1358 vir,
543 1311 671 1350 amice
695 1311 928 1362 singularis,
953 1312 1141 1351 salutem.
1199 1314 1294 1352 Duo
1315 1315 1530 1365 praecipue
1550 1316 1635 1355 tuis
1654 1317 1698 1355 in

105 1378 237 1417 literis
264 1376 489 1416 exosculati
518 1389 692 1425 sumus;
732 1377 912 1428 priscam
936 1378 1143 1428 quandam
1172 1379 1374 1430 planeque
1401 1379 1581 1419 Romani
1609 1394 1700 1421 can-

100 1443 215 1482 doris
233 1441 483 1490 facundiam,
499 1442 570 1480 sed
590 1455 680 1480 eam
698 1442 819 1481 nobis
837 1442 919 1481 iam
939 1443 1102 1493 pridem
1122 1444 1330 1494 cognitam
1349 1448 1697 1496 perspectamque,

106 1507 270 1547 abunde
290 1507 457 1557 quidem
476 1520 525 1545 ex
544 1507 629 1546 tuis
654 1507 949 1547 eruditissimis
971 1508 1195 1559 colloquiis,
1218 1509 1288 1548 sed
1309 1510 1442 1549 multo
1462 1511 1627 1550 vberius
1648 1525 1697 1550 ex
1724 1525 1731 1528 ·

106 1572 324 1624 praeclaris
352 1571 512 1622 ingenii
539 1573 602 1612 tui
627 1573 927 1621 monumentis,
950 1587 1052 1624 quae
1079 1573 1152 1613 abs
1171 1576 1212 1613 te
1231 1576 1273 1613 et
1294 1575 1448 1614 Graeca
1467 1575 1697 1627 Latinaque
1717 1593 1733 1624 5

103 1638 317 1677 literatura
341 1639 383 1676 et
406 1637 703 1688 prosacpariter
729 1640 850 1688 atque
874 1639 1056 1677 carmine
1084 1639 1285 1689 perpolita
1310 1640 1355 1678 in
1380 1640 1515 1679 lucem
1542 1642 1697 1691 prodie-

108 1705 232 1752 runt3
261 1716 363 1753 quae
382 1705 426 1741 vt
447 1716 600 1741 nomen
623 1705 746 1741 tuum
772 1703 1007 1742 seculorum
1032 1706 1220 1743 aeternae
1245 1705 1467 1744 memoriae
1493 1719 1695 1745 consecra-

107 1769 223 1816 bunt,
240 1769 298 1806 ita
317 1768 558 1806 Britanniae
578 1768 724 1807 multis
744 1768 866 1807 rebus
885 1782 958 1817 per
979 1781 1020 1807 se
1041 1769 1174 1807 clarae
1194 1782 1278 1807 non
1298 1783 1444 1819 parum
1464 1770 1695 1820 splendoris

104 1833 300 1884 adiunget
318 1832 515 1871 alumnus
533 1833 744 1871 Erasmus.
803 1832 999 1871 Alterum
1020 1846 1104 1871 non
1124 1833 1262 1872 minus
1283 1836 1449 1883 gratum
1468 1835 1550 1873 fuit
1569 1849 1694 1885 quam

104 1901 167 1936 est
187 1910 355 1936 nouum.
415 1897 629 1947 Significas
655 1898 767 1935 enim
790 1899 831 1935 te
850 1898 1082 1936 consultare
1101 1898 1150 1936 de
1180 1899 1402 1948 repetenda
1420 1899 1528 1938 Vrbe
1545 1914 1555 1948 ;
1585 1901 1694 1950 quod
1716 1916 1755 1940 10

103 1977 183 2014 quo
201 1962 488 2001 vehementius
505 1964 706 2012 optamus,
724 1962 802 2001 hoc
822 1963 963 2001 minus
983 1963 1182 2002 audemus
1201 1963 1322 2002 nobis
1336 1964 1530 2014 polliceri,
1547 1978 1601 2003 ne
1619 1979 1696 2005 nos

100 2029 212 2078 ipsos
232 2027 499 2066 coniiciamus
518 2028 563 2066 in
583 2027 734 2066 falsum
750 2027 958 2077 gaudium.
1010 2028 1184 2067 Vtinam
1206 2029 1313 2078 quod
1334 2029 1545 2079 deliberas,
1565 2030 1694 2068 semel

101 2093 326 2132 statuisses.
384 2093 538 2131 Vereor
566 2093 691 2140 enim,
727 2095 773 2131 vt
805 2094 904 2131 sunt
935 2093 1141 2132 volubiles
1173 2093 1396 2132 hominum
1426 2094 1693 2144 cogitationes

98 2159 317 2208 variaeque
346 2171 485 2196 rerum
514 2171 558 2196 ac
585 2161 820 2208 temporum
849 2159 1090 2207 occasiones,
1121 2171 1174 2196 ne
1203 2172 1283 2208 qua
1308 2171 1372 2197 res
1397 2159 1478 2198 alio
1504 2159 1694 2199 deflectat

100 2224 290 2263 animum
310 2226 443 2272 tuum,
465 2236 542 2262 nec
560 2224 611 2262 ad
640 2224 752 2262 diem
781 2224 850 2262 abs
876 2226 917 2262 te
941 2223 1241 2274 praescriptum
1260 2237 1336 2262 nos
1356 2224 1524 2263 inuisas.
1584 2225 1691 2264 Tum
1715 2242 1751 2274 15

102 2288 451 2339 quemadmodum
477 2288 603 2327 inuiti
629 2290 672 2327 te
706 2288 951 2337 dimisimus,
985 2302 1057 2327 nec
1086 2288 1167 2327 alio
1191 2289 1363 2327 nomine
1388 2289 1560 2339 potuisti
1585 2303 1691 2328 com·

101 2356 287 2392 meatum
307 2366 330 2392 a
351 2355 504 2392 nostris
529 2354 745 2393 affectibus
769 2354 1001 2404 impetrare,
1025 2354 1108 2392 nisi
1131 2354 1239 2404 quod
1268 2354 1431 2393 dicebas
1453 2357 1495 2394 te
1519 2356 1691 2394 serenis·

98 2418 198 2456 simi
225 2418 361 2469 Regis,
384 2419 694 2470 Archiepiscopi
721 2419 1043 2465 cantuariensis,
1064 2419 1295 2458 Guilhelmi
1322 2419 1515 2459 Montioii
1541 2420 1692 2458 crebris

101 2483 232 2522 literis
256 2483 484 2522 inuitatum
507 2483 552 2522 in
580 2483 856 2532 Britanniam,
878 2484 936 2522 ita
961 2497 1047 2522 non
1069 2484 1269 2522 audemus
1296 2487 1336 2523 te
1363 2497 1386 2523 a
1409 2487 1497 2522 tam
1526 2484 1691 2523 eximiis

98 2547 408 2586 Moecenatibus
427 2548 627 2598 improbis
645 2548 882 2588 hortatibus
901 2548 1090 2587 auellere.
1711 2571 1752 2593 20

155 2612 350 2651 Arbitror
383 2612 570 2651 animum
602 2626 744 2652 meum
783 2613 859 2652 tibi
888 2627 974 2652 non
1004 2614 1193 2664 ignotum
1224 2626 1323 2652 esse.
1393 2613 1485 2653 Hoc
1522 2616 1689 2653 tantum

99 2677 372 2716 admonemus
400 2678 662 2726 prudentiam
691 2680 818 2725 tuam,
851 2681 1109 2728 praesentem
1138 2678 1264 2717 huius
1292 2678 1406 2717 vrbis
1434 2679 1689 2718 occasionem

99 2755 185 2782 non
215 2755 303 2780 esse
334 2741 635 2792 negligendam,
659 2742 746 2780 siue
774 2744 936 2792 quaeris
961 2743 1293 2782 emolumentum
1323 2743 1412 2781 siue
1443 2743 1689 2793 dignitatem

98 2808 267 2857 spectas,
298 2819 472 2856 quorum
503 2808 700 2844 neutrum
726 2820 870 2845 censeo
899 2807 977 2846 tibi
1002 2808 1380 2855 contemnendum;
1414 2808 1620 2858 siquidem
1648 2812 1688 2849 et

97 2871 340 2911 imminenti
359 2871 561 2909 senectuti
579 2873 741 2910 mature
759 2873 1061 2921 procurandum
1083 2875 1144 2911 est
1162 2872 1375 2920 viaticum,
1394 2875 1435 2912 et
1453 2875 1634 2925 dignitas
1647 2877 1688 2914 te
1708 2895 1724 2918 2
1730 2895 1746 2927 5

145 2968 219 2999 339.
245 2979 298 3009 29.
324 2978 405 2999 cum
422 2979 463 2998 a:
486 2970 565 2999 tum
581 2970 619 3001 Β.
752 2979 806 3008 3ο.
831 2969 926 3009 apud
945 2994 951 3001 .
972 2994 978 3001 .
1000 2994 1006 3001 .
1025 2979 1076 3009 31.
1096 2970 1280 3009 piscatoris
1295 2973 1368 3002 add.
1385 2973 1424 3003 B.
1549 2982 1601 3013 31.
1629 2973 1687 3004 die

99 3014 176 3042 add.
194 3013 227 3045 Β.
317 3012 550 3043 Pontificatus
565 3013 679 3043 nostri
697 3015 771 3043 add.
789 3015 825 3044 B.
917 3023 972 3052 32.
996 3013 1045 3044 Ia.
1060 3013 1248 3044 Sadoletus
1263 3016 1338 3046 add.
1355 3014 1402 3049 13³.
