2010 3417
80 141 174 195 333]
530 142 600 182 TO
637 144 974 183 RAFFAELLE
1014 144 1218 184 RIARIO
1617 147 1663 184 71

79 254 325 303 Quanquam
338 253 467 292 necin
484 253 633 292 mediis
652 253 736 292 illis
753 254 958 292 bellorum
973 253 1223 292 tumultibus
1236 266 1419 304 vnquam
1435 256 1497 293 est
1512 267 1536 293 a
1549 254 1669 294 nobis

77 319 293 358 cessatum.
351 318 580 357 Emisimus
598 318 712 357 enim
734 332 828 357 cum
848 319 928 357 alia
946 318 1163 368 permulta,
1181 319 1272 357 tum
1292 317 1548 369 Adagiorum
1568 333 1671 370 opus

78 382 298 433 diligenter
316 395 339 421 a
358 382 478 422 nobis
492 383 750 433 recognitum
770 385 810 422 et
829 383 888 422 ita
907 383 1205 433 locupletatum
1221 385 1267 422 vt
1281 386 1423 434 quarta
1442 384 1670 424 voluminis

79 461 174 499 pars
205 448 438 487 accreuerit.
498 448 728 487 Excuditur
762 449 845 487 iam
881 448 1039 487 dudum
1072 448 1195 487 diuus
1227 448 1512 500 Hieronymus
1544 451 1666 498 totus,

79 513 164 552 imo
183 513 421 562 renascitur,
444 513 618 552 antehac
638 513 736 552 adeo
757 514 1003 562 deprauatus
1023 527 1069 552 ac
1088 513 1263 553 mutilus
1282 515 1328 553 vt
1347 528 1458 554 nunc
1477 528 1562 554 non
1581 517 1668 554 tam
1687 524 1727 565 65

78 579 295 618 restitutus
310 591 433 628 quam
445 578 628 628 primum
644 578 805 616 aeditus
818 578 951 617 videri
966 578 1104 627 possit.
1165 578 1290 617 Hunc
1306 592 1391 619 non
1406 581 1671 620 aestimandis

79 644 307 691 sudoribus,
326 642 472 681 multis
501 642 663 681 collatis
689 641 993 692 exemplaribus
1013 642 1146 692 iisque
1166 645 1416 692 peruetustis
1437 645 1668 684 emendaui·

80 721 184 755 mus,
205 707 372 747 adiectis
391 707 435 744 in
462 707 549 745 loco
570 706 747 754 scholiis,
769 720 850 756 quo
876 706 1006 756 possit
1031 706 1274 745 inoffensius
1302 708 1395 758 legi.
1452 710 1540 748 Scis
1557 711 1671 749 enim

79 773 186 824 apud
220 773 331 811 hunc
364 771 520 821 passim
552 771 736 810 infulciri
764 784 866 822 quae
895 771 1090 810 lectorem
1120 771 1368 811 obscuritate
1402 778 1669 814 remorentur.

80 838 231 876 Graeca
258 839 379 887 atque
408 836 613 875 Hebraica
641 836 708 875 vel
736 835 994 886 reposuimus
1022 836 1088 875 vel
1119 837 1380 875 correximus.
1440 838 1598 878 Nothos
1626 853 1671 879 ac
1692 859 1732 893 70

79 901 364 953 supposititios
383 901 520 950 libros,
546 915 722 951 quorum
751 901 855 940 alios
882 914 1010 949 casus,
1034 901 1136 940 alios
1156 901 1357 952 impostor
1374 902 1524 953 aliquis
1543 905 1671 943 admi-

78 969 245 1015 scuerat,
255 980 340 1006 non
354 967 664 1017 amputauimus
679 966 851 1016 quidem
866 967 938 1005 sed
950 966 995 1004 in
1014 979 1138 1005 suum
1153 967 1370 1006 reiecimus
1383 969 1556 1018 tomum,
1568 982 1671 1008 neue

80 1033 178 1083 quid
206 1032 449 1083 desyderare
472 1032 602 1082 possit
626 1032 756 1070 lector
775 1031 934 1071 auidior
960 1045 1083 1082 quam
1103 1031 1342 1082 elegantior,
1365 1045 1470 1072 neue
1490 1033 1672 1074 insulsis-

77 1098 173 1137 simi
191 1097 416 1137 blateronis
436 1111 568 1147 nugae
588 1099 676 1136 tam
696 1097 936 1136 excellentis
957 1098 1037 1136 viri
1061 1097 1183 1135 titulo
1204 1097 1361 1137 diutius
1380 1111 1467 1138 sese
1491 1100 1672 1139 vendita-

76 1165 184 1202 rent.
230 1163 461 1202 Excuditur
479 1163 628 1213 ingens
648 1176 750 1213 opus
770 1163 821 1202 ad
842 1163 993 1212 decem,
1011 1162 1167 1213 opinor,
1188 1163 1403 1203 volumina
1422 1165 1672 1214 rediturum;
1692 1186 1730 1220 75

77 1231 118 1268 et
137 1229 352 1267 excuditur
370 1228 498 1267 tantis
519 1229 750 1278 impendiis,
773 1230 889 1267 tanta
914 1242 1021 1277 cura,
1045 1230 1091 1268 vt
1111 1229 1244 1267 ausim
1265 1229 1447 1268 deierare
1466 1231 1533 1270 his
1552 1232 1672 1271 annis

79 1294 231 1344 viginti
264 1294 430 1332 nullum
464 1307 567 1343 opus
602 1307 651 1332 ex
684 1294 814 1333 vllius
847 1294 978 1333 exisse
1013 1294 1173 1333 officina
1204 1295 1294 1344 pari
1327 1298 1496 1345 sumptu
1533 1298 1672 1347 pariue

78 1359 218 1399 studio
233 1359 503 1399 elaboratum.
552 1359 636 1398 Nec
657 1359 834 1399 arbitror
852 1359 931 1409 ipsi
948 1359 1205 1409 Hieronymo
1221 1360 1424 1400 tantidem
1439 1362 1672 1401 constitisse

79 1437 174 1464 suas
188 1424 496 1464 lucubrationes
513 1425 699 1464 conditas
719 1425 862 1475 quanti
883 1425 1005 1464 nobis
1025 1424 1274 1464 constabunt
1294 1426 1518 1466 restitutae.
1580 1427 1673 1478 Ipse

80 1492 189 1529 certe
217 1491 261 1529 in
284 1491 363 1529 hoc
389 1491 608 1541 negocium
631 1492 748 1529 tanto
775 1490 946 1529 incubui
969 1490 1105 1529 studio
1132 1493 1177 1529 vt
1199 1504 1347 1540 parum
1376 1492 1552 1532 abfuerit
1574 1494 1672 1544 quin
1692 1502 1732 1533 80

82 1558 233 1596 memet
253 1556 390 1596 labore
410 1556 667 1605 confecerim,
693 1557 794 1595 dum
811 1569 979 1606 operam
999 1556 1051 1595 do
1071 1558 1116 1595 vt
1135 1557 1355 1596 reuiuiscat
1375 1557 1668 1609 Hieronymus.

133 1623 290 1661 Verum
310 1623 368 1661 ita
388 1623 469 1662 fert
489 1622 664 1669 animus,
686 1623 773 1660 tam
792 1621 862 1672 pio
881 1623 1033 1671 tanque
1053 1621 1250 1671 frugifero
1270 1622 1400 1661 labori
1419 1625 1486 1662 vel
1505 1624 1672 1664 immori

80 1687 189 1725 libet.
251 1688 359 1727 Nam
379 1688 485 1727 mihi
504 1701 570 1726 res
589 1701 712 1738 quam
727 1687 840 1726 cordi
855 1687 908 1725 sit
927 1687 1032 1726 vide.
1091 1688 1217 1726 Anno
1232 1689 1440 1738 superiore
1458 1691 1568 1728 totos
1583 1692 1673 1729 octo

79 1765 242 1791 menses
265 1753 451 1792 Basileae
476 1766 622 1792 sumus
650 1753 727 1791 hac
756 1752 889 1802 gratia
918 1752 1169 1800 commorati,
1191 1765 1275 1791 non
1303 1753 1392 1791 sine
1421 1767 1586 1793 summo
1614 1755 1674 1793 rei

80 1817 340 1867 pecuniariae
358 1818 583 1867 dispendio,
605 1821 651 1857 vt
678 1817 862 1856 laborem
888 1819 928 1855 et
954 1817 1032 1855 iter
1060 1817 1249 1855 omnium
1278 1819 1672 1868 periculosissimum
1691 1829 1731 1870 85

81 1882 299 1933 negligam.
347 1883 409 1921 Ac
424 1883 612 1933 proximo
628 1896 794 1921 rursum
813 1884 1016 1921 autumno
1031 1883 1189 1920 certum
1207 1884 1270 1921 est
1290 1883 1460 1922 Italiam
1478 1887 1670 1935 repetere,

82 1961 162 1997 quo
181 1947 371 1987 videlicet
392 1948 623 1987 ditissimas
642 1948 744 1986 istas
768 1947 944 1986 lustrem
963 1947 1242 1986 bibliothecas.
1303 1948 1470 1987 Nullius
1488 1963 1672 2000 vnquam

81 2013 233 2052 laboris
266 2026 334 2051 me
369 2013 560 2063 piguerit,
591 2014 714 2052 modo
743 2026 910 2052 sensero
939 2014 1060 2051 tuum
1089 2013 1230 2063 tuique
1258 2013 1460 2053 similium
1489 2015 1672 2054 fauorem

81 2078 234 2117 nostris
253 2079 430 2128 aspirare
450 2078 677 2117 conatibus.
737 2078 805 2117 Ad
828 2079 928 2117 haec
954 2078 1139 2116 nondum
1166 2079 1305 2127 statui,
1328 2080 1399 2118 sed
1420 2093 1470 2118 ex
1489 2082 1561 2119 tuo
1581 2094 1672 2120 con-

81 2143 253 2183 stituam
287 2143 468 2191 consilio,
505 2143 571 2182 cui
591 2143 645 2182 sit
684 2143 762 2182 hoc
794 2143 926 2193 operis
956 2143 1278 2182 inscribendum.
1352 2144 1672 2196 Archiepiscopo
1690 2166 1732 2197 90

80 2209 369 2248 Cantuariensi
398 2209 506 2247 nihil
536 2222 621 2247 non
651 2209 802 2257 debeo;
843 2209 1113 2259 dignissimus
1142 2210 1256 2248 enim
1288 2212 1350 2248 est
1383 2224 1507 2260 quem
1540 2225 1671 2251 vnum

80 2276 217 2313 omnis
235 2287 328 2313 mea
346 2274 518 2313 celebret
540 2275 701 2324 pagina.
760 2273 930 2324 Alioqui
950 2274 1075 2324 probe
1093 2274 1286 2314 videbam
1306 2278 1609 2316 conuenturum
1628 2279 1674 2315 vt

81 2340 366 2390 theologorum
400 2340 588 2378 omnium
626 2341 818 2390 princeps
850 2339 1105 2378 Pontificum
1144 2341 1332 2379 omnium
1369 2341 1545 2392 principi
1583 2354 1672 2380 con-

127 2436 177 2465 70.
200 2435 239 2457 ac
255 2430 284 2457 A
302 2437 309 2457 z
331 2428 439 2466 atque
455 2429 495 2457 N.
607 2427 658 2466 83.
688 2427 779 2458 Nam
793 2452 800 2459 .
816 2451 824 2459 .
846 2451 853 2458 .
867 2428 950 2459 vide
966 2430 996 2458 A
1014 2438 1022 2458 :
1046 2427 1137 2459 Mihi
1155 2428 1300 2467 quidem
1315 2437 1371 2458 res
1388 2428 1454 2459 hec
1470 2428 1556 2459 adeo
1573 2428 1670 2458 cordi

82 2471 134 2500 est
152 2471 190 2500 vt
207 2481 237 2499 α.
362 2471 415 2509 84.
440 2480 565 2501 sumus
581 2493 588 2501 .
607 2493 615 2501 .
635 2495 642 2502 .
661 2472 713 2502 86.
739 2470 914 2511 negligam
933 2473 963 2502 A
982 2481 990 2501 t
1013 2471 1083 2502 sim
1099 2473 1336 2502 commoratus
1351 2483 1380 2502 α.
1498 2472 1551 2510 87.
1575 2471 1670 2501 vide-

84 2513 167 2544 licet
183 2515 254 2543 add.
273 2515 315 2543 A.
431 2515 485 2545 88.
510 2514 614 2544 1110ᾱο
629 2517 659 2545 Α
678 2526 684 2544 z
709 2514 739 2545 si
755 2514 859 2546 modo
874 2526 905 2544 α.
1021 2516 1073 2554 89.
1098 2514 1155 2545 Ad
1171 2538 1178 2546 .
1198 2539 1206 2547 .
1228 2539 1235 2546 .
1251 2525 1302 2554 90.
1327 2515 1600 2554 Archiepiscopo
1617 2517 1646 2544 A
1664 2526 1670 2545 ε

84 2555 251 2587 Nondum
267 2555 435 2595 equidem
451 2557 561 2588 statui
578 2558 635 2588 cui
650 2558 795 2588 tantum
812 2567 898 2598 opus
913 2557 1023 2589 velim
1039 2568 1248 2597 nuncupare
1264 2569 1295 2589 α.
1408 2567 1460 2597 91.
1483 2557 1579 2588 nihil
1595 2567 1669 2588 non

82 2602 111 2630 A
132 2610 139 2629 :
161 2599 282 2630 omnia
297 2610 328 2630 α.
414 2610 468 2638 91.
493 2600 725 2640 dignissimus
742 2625 749 2632 .
767 2627 774 2634 .
791 2625 798 2632 .
819 2601 871 2640 98.
895 2601 1029 2632 Verum
1044 2603 1075 2631 A
1096 2601 1162 2642 (97.
1188 2601 1394 2632 addituram
1411 2603 1440 2630 F
1453 2603 1563 2639 Corriy.
1579 2612 1586 2631 :
1610 2601 1670 2632 ad-

82 2644 243 2674 diturum
260 2645 339 2672 AF:
363 2642 568 2674 additarum
584 2646 627 2683 Β)
643 2655 649 2675 :
675 2644 744 2675 Sed
766 2645 856 2675 mihi
875 2645 1023 2684 pulchre
1039 2644 1183 2675 videtur
1198 2645 1391 2675 conuenire
1406 2646 1444 2675 vt
1461 2654 1620 2675 summus
1635 2646 1669 2676 et

84 2686 311 2717 doctissimus
326 2686 488 2717 omnium
503 2686 688 2727 theologus
706 2687 901 2728 (theologos
915 2699 935 2717 α
950 2699 957 2718 :
981 2688 1109 2729 correxi)
1124 2688 1255 2718 summi
1268 2687 1535 2726 doctissimique
1548 2687 1670 2718 Ponti-

85 2730 162 2761 ficis
185 2730 330 2760 nomine
352 2732 452 2760 exeat
472 2730 511 2760 in
532 2739 661 2761 manus
682 2731 884 2769 hominum,
902 2732 936 2761 et
957 2731 1116 2761 eiusdem
1138 2730 1305 2770 auspiciis
1326 2731 1450 2761 tantus
1470 2731 1573 2762 autor
1595 2731 1669 2762 orbi

83 2773 264 2812 reddatur,
283 2772 384 2803 cuius
405 2782 511 2812 opera
530 2782 599 2812 pax
619 2775 673 2804 est
695 2775 771 2804 orbi
792 2775 970 2805 restituta.
1016 2774 1194 2813 Prospitio
1214 2774 1390 2812 quantum
1411 2773 1600 2814 dignitatis
1623 2775 1670 2806 sit

83 2826 306 2848 accessurum
323 2816 548 2855 Hieronymo
564 2819 686 2848 nostro
703 2827 744 2847 ex
761 2817 888 2848 Leonis
903 2817 1135 2848 ornamentis.
1176 2817 1254 2848 Imo
1272 2826 1346 2847 non
1360 2817 1464 2849 video
1481 2827 1549 2857 quo
1567 2818 1667 2859 [quo]

83 2860 238 2891 fideliori
255 2860 491 2890 monumento
508 2858 637 2890 Leonis
654 2860 781 2891 decora
796 2861 938 2900 possint
954 2860 1219 2891 immortalitati
1235 2861 1440 2892 consecrari.
1486 2862 1555 2892 Sed
1571 2873 1602 2893 α.

127 2959 180 2988 90.
210 2946 498 2988 inscribendum]
523 2947 663 2978 Jerome
680 2957 752 2979 was
769 2949 807 2979 in
824 2948 885 2979 the
903 2947 973 2979 end
990 2947 1055 2978 left
1077 2949 1111 2979 to
1128 2947 1308 2988 VVarham,
1329 2949 1391 2980 the
1407 2952 1530 2981 Nouum
1546 2952 1669 2981 Instru-

84 2996 222 3023 mentum
238 2991 345 3031 being
362 2991 549 3022 dedicated
565 2993 601 3022 to
617 2991 679 3022 the
696 2992 798 3032 Pope.
