2010 3417
211 1184 250 1215 'sO

212 1578 227 1611 *ἵ

209 1899 252 1929 So

277 209 356 247 562
743 204 997 244 LETTERS
1036 204 1105 242 OF
1144 204 1410 243 ERASMUS
1748 201 1874 256 [1517

274 316 542 367 suppudebat,
566 315 675 364 quod
703 326 793 352 eam
819 314 865 352 in
891 326 958 352 me
985 313 1144 364 ingenii
1170 326 1215 351 ac
1240 313 1450 352 doctrinae
1475 314 1770 363 praestantiam
1791 326 1879 351 non

275 394 535 432 agnoscerem
557 393 683 429 quam
704 381 753 418 tu
772 379 880 417 mihi
899 379 1060 417 tribuis.
1136 379 1218 417 Sed
1237 380 1280 417 et
1304 378 1373 416 hic
1392 378 1499 417 mihi
1519 378 1713 417 stimulus
1731 380 1881 417 acutus

276 447 357 484 fuit
371 446 422 484 ad
438 445 756 484 instaurandum
772 444 901 483 studii
915 444 999 482 mei
1010 444 1194 482 laborem
1209 443 1406 494 illamque
1422 444 1555 482 animi
1569 444 1879 483 contentionem

274 511 647 562 expergiscendam,
679 523 806 560 quam
833 510 895 559 (vt
921 509 1102 559 ingenue
1125 508 1271 558 fatear)
1300 522 1463 559 semper
1490 509 1597 547 aluit
1625 509 1879 559 quaerendae

274 578 430 627 gloriae
460 576 691 626 cupiditas:
720 575 840 614 cuius
871 574 998 614 etiam
1025 575 1159 625 ipsius
1185 575 1391 625 igniculos
1416 575 1658 624 ingenuisse
1685 577 1879 614 naturam

272 643 425 682 animis
463 656 549 681 non
588 641 768 681 sordidis
805 654 884 680 nec
923 640 1199 692 quaestuariis
1240 641 1373 690 video,
1413 641 1693 679 coniecturam
1737 654 1789 680 ex
1826 640 1881 679 iis

273 708 486 748 autoribus
522 707 676 746 faciens
714 720 891 757 quorum
922 720 1034 745 nunc
1072 706 1237 757 scriptis
1274 706 1491 745 literarum
1528 705 1728 745 autoritas
1761 706 1879 745 disci-

273 774 563 825 plinarumque
610 772 803 811 maiestas
848 771 1149 810 humaniorum
1195 773 1370 810 constat.
1448 772 1698 822 Quanquam
1735 773 1877 810 autem

225 856 250 886 2:
274 839 522 890 quaerendae
546 838 673 877 huius
696 837 852 888 gloriae
880 838 1139 888 propositum
1165 838 1225 876 ita
1251 838 1576 888 comparandum
1603 851 1689 876 esse
1718 837 1877 888 optimo

275 905 423 956 cuique
451 917 613 954 semper
641 903 928 952 existimarim,
960 906 1007 942 vt
1034 902 1296 953 posteritatis
1332 903 1466 954 magis
1498 905 1541 942 et
1572 903 1798 942 memoriae
1831 903 1877 941 in

277 971 414 1010 secula
447 969 656 1020 permulta
688 971 988 1019 perennaturae
1020 969 1230 1007 rationem
1268 968 1420 1007 habere
1457 968 1650 1007 homines
1687 968 1876 1007 doctrina

272 1038 477 1086 praestare
533 1035 683 1074 eximia
739 1035 1042 1073 contendentes
1094 1034 1279 1082 debeant,
1331 1047 1455 1084 quam
1508 1033 1574 1072 vel
1629 1034 1694 1073 sui
1747 1033 1876 1073 seculi

271 1102 588 1152 aequaliumque
612 1100 769 1147 iudicii,
795 1100 903 1150 quod
929 1100 1159 1151 plerunque
1184 1101 1257 1138 aut
1282 1099 1553 1139 ambitiosum
1583 1101 1654 1139 aut
1680 1099 1875 1150 iniquum

271 1181 360 1206 esse
379 1167 485 1206 solet
504 1166 570 1205 vel
591 1165 764 1216 praemii
782 1165 1078 1215 praesentanei.
1138 1165 1258 1204 Nosti
1291 1165 1404 1204 enim
1425 1168 1539 1204 ἐκεῖνο
1557 1166 1600 1204 τὸ
1620 1169 1685 1205 τοῦ
1704 1167 1871 1216 ποιητοῦ,

271 1234 363 1272 ὅσον
383 1233 610 1282 ἀκονητικὸν,

535 1331 549 1343 el
706 1333 713 1343 r
811 1335 820 1346 9
855 1333 862 1343 l
953 1332 963 1343 x
1010 1330 1020 1342 2
1048 1335 1057 1346 5
1093 1333 1103 1345 x
1209 1333 1217 1344 Ι
1303 1334 1318 1345 ’t
1393 1332 1401 1343 ⁵
1429 1334 1439 1346 ³
1487 1333 1504 1342 Α

551 1335 603 1372 Ως
622 1349 711 1370 ποτε
730 1349 784 1372 τις
804 1349 903 1381 ερεει,
927 1349 968 1369 το
989 1331 1009 1369 ὃ
1041 1349 1129 1382 εμον
1150 1335 1257 1373 κλεος
1276 1350 1392 1371 ουποτ
1422 1335 1574 1370 ολειται.

269 1433 329 1470 At
349 1445 447 1469 vero
467 1430 570 1469 illud
590 1430 888 1480 temporarium
908 1430 1078 1479 perinde
1099 1444 1171 1481 ego
1199 1445 1287 1469 esse
1317 1434 1418 1481 puto
1444 1444 1490 1470 ac
1513 1431 1549 1469 si
1576 1443 1726 1478 annua,
1749 1429 1873 1477 bima,

271 1498 404 1544 trima,
443 1496 659 1545 quadrima
691 1495 751 1544 (vt-
786 1495 888 1533 iuris
926 1496 1059 1534 nostri
1088 1495 1223 1533 ciuilis
1261 1496 1496 1534 conditores
1528 1493 1773 1545 loquuntur)
1801 1497 1873 1533 aut

233 1580 249 1610 5
270 1562 392 1612 paulo
425 1561 578 1599 maiore
610 1560 676 1598 die
709 1561 957 1599 soluendum
988 1561 1075 1610 ipse
1095 1561 1269 1611 stipuler
1302 1561 1344 1600 id
1378 1574 1523 1612 operae
1552 1560 1659 1599 mihi
1686 1559 1873 1610 precium

269 1641 344 1677 pro
358 1629 486 1665 tantis
498 1627 560 1664 tot
572 1639 702 1664 annos
715 1625 937 1664 exantlatis
950 1626 1148 1674 erumnis,
1173 1627 1281 1676 quod
1310 1639 1393 1665 non
1414 1626 1494 1664 nisi
1506 1627 1672 1665 aeterna
1689 1624 1872 1676 persolui

269 1693 544 1743 praestatione
563 1693 697 1741 potest
715 1706 724 1739 3
753 1691 831 1739 vel,
852 1693 898 1729 vt
919 1691 1176 1730 commodius
1195 1691 1351 1741 loquar,
1374 1692 1411 1730 si
1430 1705 1567 1730 annua
1586 1690 1789 1741 quaedam
1804 1690 1871 1729 de-

267 1757 477 1808 spicabilia
491 1770 565 1807 per
579 1770 723 1795 omnes
735 1756 942 1795 venientis
957 1757 1103 1795 aetatis
1118 1770 1249 1795 annos
1262 1757 1436 1807 stipuler
1448 1757 1637 1806 vergenti
1650 1757 1734 1795 iam
1748 1756 1874 1795 aetati

268 1824 346 1862 sub
366 1824 545 1861 mortem
562 1835 662 1861 mox
683 1835 846 1861 cessura
863 1836 871 1860 τ
901 1822 1018 1860 cuius
1032 1823 1078 1860 vt
1093 1835 1256 1873 semper
1268 1823 1377 1861 diem
1399 1823 1486 1872 ipse
1506 1822 1694 1861 nondum
1709 1821 1873 1861 venisse

269 1903 429 1939 sperem
451 1889 537 1939 (qui
556 1901 669 1926 error
688 1889 751 1926 est
769 1888 854 1926 fere
873 1889 1065 1926 aeternus
1085 1886 1358 1937 mortalium),
1377 1888 1428 1927 ab
1444 1888 1615 1927 ineunte
1630 1890 1771 1926 tamen
1786 1887 1873 1926 vita

268 1968 430 2005 semper
467 1954 637 1993 cessisse
665 1954 806 1993 sciam.
863 1953 1109 2004 Quanquam
1139 1953 1269 2004 igitur
1301 1954 1346 1992 in
1385 1954 1496 1993 diem
1528 1954 1713 1992 fructum
1746 1953 1872 1992 huius

267 2021 419 2071 gloriae
448 2019 554 2057 mihi
583 2019 773 2070 promitti
801 2019 948 2057 malim
982 2032 1107 2069 quam
1144 2033 1257 2058 nunc
1294 2020 1603 2070 repraesentari,
1640 2019 1690 2057 fit
1727 2021 1871 2058 tamen

269 2086 402 2124 nihilo
432 2086 564 2123 secius
600 2087 647 2123 vt
680 2085 861 2135 quadam
891 2098 988 2123 aura
1021 2085 1155 2123 famae
1185 2085 1342 2124 sinuari
1371 2085 1464 2124 vela
1492 2087 1634 2124 nostra
1667 2084 1713 2122 in
1747 2097 1871 2123 cursu

269 2151 531 2201 gaudeamus,
571 2152 697 2200 vtque
741 2149 938 2200 gloriolae
982 2149 1166 2188 afflatum
1212 2151 1404 2200 quamuis
1440 2153 1610 2189 tenuem
1657 2151 1870 2200 captantes

269 2218 459 2255 nostrum
478 2216 611 2254 leuari
631 2216 815 2254 laborem
835 2215 879 2254 in
899 2215 1163 2254 content-ione
1184 2216 1425 2254 sentiamus.

321 2281 464 2331 Neque
503 2284 543 2320 te
575 2283 714 2319 autem
746 2281 804 2320 ita
837 2280 1072 2319 existimare
1105 2295 1236 2331 neque
1265 2281 1396 2320 alium
1431 2280 1668 2331 quempiam
1701 2280 1872 2318 doctum

270 2347 485 2385 hominem
536 2359 580 2385 ac
626 2346 922 2397 philosophum
968 2346 1107 2394 velim,
1150 2347 1268 2396 quasi
1316 2360 1389 2396 ego
1435 2349 1576 2385 tantae
1622 2344 1872 2385 intentionis

267 2413 453 2450 studium
474 2426 558 2450 non
578 2411 705 2450 alium
718 2411 846 2450 finem
861 2411 1011 2450 habere
1026 2425 1214 2451 censeam
1229 2425 1354 2462 quam
1368 2412 1591 2451 memoriae
1606 2410 1873 2461 nominisque

270 2477 683 2525 commendationem,
709 2490 796 2515 rem
828 2490 925 2515 sane
953 2477 1107 2515 fluxam
1136 2479 1180 2516 et
1211 2477 1536 2527 aspernabilem:
1570 2476 1776 2527 siquidem
1803 2489 1869 2514 res

268 2543 508 2581 mortalium
529 2556 604 2581 suo
624 2555 669 2580 ac
688 2555 787 2581 vero
806 2542 941 2592 precio
962 2543 1292 2591 aestimarentur,
1316 2556 1362 2581 ac
1390 2556 1474 2581 non
1493 2541 1686 2593 populari
1709 2541 1871 2580 trutina

310 2657 361 2687 60.
394 2657 617 2695 quaerendae
641 2659 716 2688 add.
740 2657 774 2691 β.
937 2657 990 2687 62.
1023 2665 1097 2686 non
1120 2659 1171 2686 D:
1203 2666 1268 2687 nec
1290 2657 1324 2691 β.
1495 2657 1548 2695 64.
1573 2656 1783 2696 Quanquam
1801 2679 1809 2688 .
1825 2679 1836 2688 .
1853 2678 1864 2687 .
1920 2681 1924 2684 .

267 2701 321 2738 65.
358 2700 468 2730 huius
494 2703 540 2731 D:
576 2701 805 2740 Quaerendae
833 2699 979 2739 quidem
1007 2699 1074 2730 hoc
1102 2699 1271 2730 instituto
1297 2701 1331 2734 β.
1507 2701 1558 2731 66.
1595 2699 1805 2731 existimaui
1830 2700 1866 2734 β.

267 2744 320 2774 68.
347 2744 479 2774 eximia
494 2747 568 2774 adel.
593 2746 626 2779 β.
716 2745 768 2783 69.
796 2747 856 2774 aut
873 2746 944 2774 ante
960 2743 1193 2774 ambitiosum
1210 2754 1269 2774 om.
1285 2743 1336 2774 D².
1420 2754 1472 2782 70.
1498 2743 1638 2775 Nosti..
1652 2767 1661 2775 .
1674 2753 1726 2782 72.
1743 2742 1865 2773 ὀλεῖται

266 2789 340 2817 add.
356 2789 388 2821 β.
534 2797 585 2828 73.
611 2788 660 2819 At
675 2798 759 2819 vero
774 2788 867 2818 illud
884 2787 1142 2827 temporarium
1157 2788 1180 2821 β
1196 2798 1203 2817 :
1226 2787 1321 2826 quod
1337 2790 1375 2818 D.
1546 2797 1596 2826 74.
1622 2787 1737 2818 nostri
1753 2796 1812 2818 om.
1829 2787 1864 2821 β.

271 2840 319 2867 77.
345 2831 520 2869 quaedam
542 2833 613 2862 add.
634 2833 668 2865 Β.
801 2832 851 2870 78.
876 2831 1059 2861 venientis
1080 2831 1211 2861 aetatis
1226 2833 1276 2861 D:
1303 2830 1490 2861 venientes
1511 2832 1544 2864 β.
1677 2830 1730 2862 81.
1755 2830 1866 2862 huius

267 2884 327 2903 om.
346 2876 380 2908 β.
469 2875 521 2906 86.
545 2875 692 2906 doctum
709 2898 718 2906 .
736 2897 745 2907 .
764 2898 772 2906 .
791 2875 844 2914 87.
864 2874 1119 2915 philosophum
1136 2876 1209 2906 add.
1225 2875 1259 2909 β.
1348 2874 1401 2906 88.
1426 2874 1658 2914 nominisque
1674 2876 1747 2906 add.
1763 2875 1799 2909 β.

314 3037 365 3066 71.
392 3027 596 3069 ἀκονητικὸν]
623 3030 709 3061 This
731 3030 831 3061 word
856 3039 970 3061 seems
994 3031 1031 3060 to
1100 3030 1199 3069 gives
1214 3028 1368 3068 ἀκόνημα·
1387 3029 1675 3060 incitamentum.

269 3071 310 3100 be
339 3080 438 3110 new3
472 3072 535 3102 but
560 3073 735 3105 Budaeus’
761 3076 903 3114 Lexicon,
935 3082 1028 3112 1554,
1145 3083 1196 3112 72.
1213 3072 1272 3103 ‘'ns-
1287 3071 1382 3113 ποτέ]
1409 3073 1516 3104 Hom.
1535 3074 1576 3104 Il.
1597 3082 1625 3111 7.
1641 3081 1695 3111 91.
