2010 3417
170 162 268 217 467]
651 166 806 205 FROM
844 164 1078 205 THOMAs
1116 166 1273 205 MORE
1681 168 1763 206 347

163 272 284 311 malo.
346 274 453 313 Nam
482 275 541 314 sic
571 276 609 314 ei
638 274 702 314 bis
730 275 918 325 placebit,
950 276 993 313 et
1021 276 1128 325 quod
1159 278 1201 314 te
1230 275 1430 314 referente
1460 290 1524 315 res
1553 276 1762 327 apparebit

163 339 392 390 elegantior
413 353 539 390 quam
560 340 766 379 scribente
785 353 862 388 me,
892 342 932 378 et
954 341 1063 389 quod
1084 354 1181 380 eum
1201 341 1368 391 legendi
1387 341 1525 380 labore
1543 341 1761 380 leuaueris.

216 403 330 443 Vale.

595 482 732 536 46854
792 479 924 521 FROM
958 479 1153 521 THOMAS
1184 481 1332 523 MoRE.

210 569 397 605 Deventer
412 571 489 606 MS.
509 581 563 615 91,
585 572 608 605 f.
632 573 706 614 178.
1400 573 1565 608 London.

213 627 285 663 LB.
303 628 398 674 App.
420 639 473 674 52.
1258 634 1326 674 <22
1346 631 1569 676 September
1589 633 1713 679 1516.)

208 708 332 749 [From
360 710 583 748 comparison
608 709 697 740 with
722 709 808 749 Epp.
836 711 910 748 465,
938 709 1011 748 467,
1037 710 1111 749 481,
1139 709 1239 740 there
1267 720 1332 741 can
1360 712 1402 741 be
1426 721 1472 742 no
1499 712 1697 745 hesitation
1726 715 1763 744 in

169 752 353 792 accepting
369 751 428 784 Dr.
449 751 590 784 Reich’s
606 753 801 784 correction
818 753 855 784 of
869 753 930 783 the
947 752 1062 793 date.]

575 849 760 882 THOMAS
790 850 942 881 MORVS
973 850 1153 880 ERASMO
1185 850 1218 881 S.
1247 852 1282 881 P.
1310 852 1351 881 D.

218 929 391 969 ERASME
412 931 664 980 charissime,
689 931 813 971 salue.
872 932 1081 971 Dominus
1105 931 1435 982 archiepiscopus
1454 933 1765 973 Cantuariensis

163 995 325 1034 curauit
350 995 400 1034 ad
428 998 468 1034 te
494 997 721 1036 mittendas
742 1010 791 1035 20
811 997 938 1036 libras
964 999 1179 1036 nostrates.
1240 998 1337 1036 Misi
1357 1012 1453 1049 ergo
1473 999 1524 1037 ad
1544 1001 1583 1038 te
1603 999 1765 1038 Maruffi

162 1061 445 1110 syngrapham
457 1063 498 1100 et
514 1062 641 1101 simul
655 1063 970 1114 Archiepiscopi
984 1063 1145 1102 litteras
1160 1063 1211 1101 ad
1227 1076 1304 1111 me,
1322 1066 1369 1102 vt
1384 1064 1516 1113 possis
1530 1064 1765 1114 intelligere

162 1127 203 1162 et
229 1125 354 1164 illum
379 1139 466 1165 esse
494 1127 691 1176 pecuniae
720 1141 817 1167 suae
840 1127 1056 1166 liberalem
1081 1130 1122 1166 et
1147 1141 1214 1166 me
1242 1141 1503 1178 nequaquam
1531 1129 1766 1180 malignum

163 1189 492 1241 dispensatorem
529 1192 714 1242 alienae;
750 1195 961 1243 praeterea
987 1195 1034 1231 vt
1062 1193 1236 1232 festines
1266 1194 1518 1244 Episcopum
1547 1195 1678 1234 facere
1705 1209 1765 1234 ac-

164 1257 301 1305 ceptae
330 1258 527 1306 pecuniae
556 1258 786 1308 certiorem,
809 1259 874 1298 vti
900 1259 956 1297 sit
979 1259 1154 1297 Maruffo
1180 1272 1302 1298 causa
1329 1260 1553 1310 repetendi.
1610 1260 1766 1311 Scripsi

162 1320 328 1360 cuidam
349 1322 528 1361 nostrati
548 1323 619 1373 qui
638 1336 776 1362 meam
795 1324 1014 1373 pecuniam
1035 1325 1236 1363 nundinis
1256 1324 1349 1363 istis
1367 1325 1546 1375 recipiet,
1564 1328 1610 1363 vt
1629 1326 1765 1364 soluat

162 1386 338 1436 Aegidio
367 1387 494 1425 libras
525 1400 576 1436 30
604 1388 855 1438 Flandricas,
888 1389 1039 1439 quibus
1076 1389 1146 1428 ille
1175 1391 1248 1428 tuo
1278 1389 1447 1429 nomine
1479 1392 1662 1429 fateatur
1689 1392 1766 1429 dis-

163 1450 320 1490 solutas
339 1452 435 1491 illas
454 1466 512 1491 xx
531 1453 660 1492 libras
678 1456 894 1503 nostrates,
919 1467 1019 1505 quas
1039 1456 1085 1493 tu
1106 1468 1237 1505 nuper
1255 1456 1364 1505 apud
1384 1469 1452 1494 me
1472 1455 1710 1506 deposuisti.

217 1516 395 1556 Litteras
413 1519 507 1557 tuas
526 1519 624 1557 misi
639 1518 880 1558 Lathimero
895 1521 934 1558 et
955 1533 1068 1558 meas
1086 1520 1187 1558 item
1203 1521 1252 1559 de
1266 1534 1308 1558 re
1324 1521 1530 1560 Roffensis
1546 1521 1739 1571 Episcopi
1755 1536 1764 1569 ;

163 1594 309 1620 verum
337 1583 472 1622 adhuc
495 1584 546 1622 ab
569 1583 642 1623 illo
666 1584 775 1623 nihil
802 1585 948 1635 accepi,
974 1584 1044 1624 sed
1073 1598 1147 1624 nec
1173 1585 1226 1624 ab
1246 1585 1449 1635 Episcopo
1469 1586 1649 1636 quidem.
1706 1587 1766 1624 At

163 1646 330 1686 Coletus
351 1648 434 1687 iam
452 1651 667 1698 graecatur
681 1651 890 1698 strennue,
909 1663 1010 1689 vsus
1028 1650 1072 1688 in
1087 1663 1135 1689 ea
1150 1664 1193 1688 re
1207 1651 1389 1700 precaria
1405 1664 1526 1700 opera
1537 1651 1765 1691 Clementis

164 1711 248 1749 mei
264 1726 275 1759 ς
314 1713 435 1751 credo
473 1713 558 1752 fore
588 1717 634 1753 vt
664 1717 808 1764 pergat
837 1717 877 1753 et
907 1715 1103 1765 peruadat
1140 1715 1316 1764 nauiter,
1351 1716 1531 1753 maxime
1568 1715 1605 1754 si
1633 1717 1681 1753 tu
1714 1715 1765 1753 ab

165 1776 350 1815 Louanio
380 1791 509 1828 vsque
529 1779 720 1818 stimules
736 1794 745 1827 ;
775 1793 1013 1829 quanquam
1032 1779 1206 1818 fortasse
1225 1780 1355 1818 satius
1375 1780 1454 1818 erit
1472 1793 1569 1818 eum
1588 1780 1765 1829 impetui

164 1854 239 1880 suo
260 1843 515 1892 permittere.
575 1844 699 1892 Solet,
722 1846 769 1884 vt
799 1844 891 1890 scis,
911 1844 1154 1895 disputandi
1180 1845 1312 1895 gratia
1339 1858 1569 1896 repugnare
1597 1845 1765 1883 suaden-

163 1907 287 1954 tibus,
318 1908 445 1946 etiam
479 1909 515 1947 si
543 1909 585 1947 id
614 1910 812 1948 suadeant
845 1909 889 1948 in
919 1910 1027 1960 quod
1065 1909 1137 1948 ille
1171 1923 1244 1948 sua
1273 1912 1421 1959 sponte
1458 1910 1640 1948 maxime
1677 1924 1765 1960 pro-

162 1972 349 2020 pendeat.
420 1973 523 2012 Adii
559 1974 809 2022 Vrsuicum;
856 1975 893 2013 is
939 1988 982 2013 se
1024 1988 1251 2014 memorem
1289 1975 1391 2014 dicit
1433 1975 1528 2026 equi
1573 1988 1661 2014 esse
1704 1977 1766 2014 tui

166 2037 364 2087 breuique
392 2038 636 2077 effecturum
663 2041 710 2078 vt
738 2039 887 2078 habeas
902 2054 911 2088 ;
953 2040 1062 2089 quod
1091 2053 1220 2090 quum
1247 2040 1382 2088 faciet,
1414 2054 1487 2090 ego
1515 2040 1690 2079 efficiam
1719 2043 1766 2079 vt

165 2115 394 2152 cognoscas,
425 2117 479 2142 ne
518 2104 785 2155 supposititio
823 2105 956 2154 possis
995 2105 1097 2144 falli.

221 2167 391 2218 Raptim
411 2169 594 2208 Londini
619 2170 818 2220 postridie
839 2170 1022 2209 Mathaei
1041 2170 1226 2220 apostoli.

558 2289 714 2331 4⁶2469.
775 2290 909 2332 FROM
941 2289 1160 2331 WILLIAM
1194 2290 1363 2332 NESEN.

217 2378 401 2414 Deventer
418 2379 495 2415 MS.
514 2390 572 2425 91,
590 2380 614 2416 f.
637 2382 713 2425 148.
1413 2381 1626 2416 Frankfoit.

217 2435 291 2471 LB.
308 2436 405 2482 App.
427 2439 504 2473 106.
1326 2437 1572 2485 <September
1592 2437 1717 2484 1516.)

214 2513 317 2555 [This
344 2514 449 2545 letter
474 2525 548 2546 was
577 2517 726 2547 written
756 2517 804 2557 by
833 2517 948 2548 Nesen
979 2518 1070 2548 after
1101 2518 1281 2556 receiving
1308 2517 1373 2556 Ep.
1400 2517 1463 2555 462
1495 2518 1532 2547 at
1563 2516 1763 2554 Frankfort,

170 2558 329 2588 whither
351 2557 396 2588 he
417 2558 489 2589 had
509 2560 762 2600 accompanied
784 2561 949 2592 Lachner
972 2561 1030 2601 (cf.
1051 2560 1075 2593 l.
1097 2570 1134 2599 17
1152 2560 1207 2600 n.)
1234 2561 1289 2591 for
1309 2560 1374 2590 the
1394 2560 1474 2591 fair.
1523 2560 1541 2590 I
1564 2559 1765 2599 conjecture

169 2601 250 2632 that
273 2610 320 2632 on
344 2602 536 2642 returning
557 2604 595 2634 to
618 2603 723 2634 Basle
746 2604 791 2634 he
815 2603 932 2635 learnt
956 2605 994 2635 of
1014 2605 1194 2635 Erasmus'
1220 2603 1468 2643 proposal—of
1486 2602 1609 2633 which
1631 2604 1667 2634 at
1690 2603 1766 2634 this

214 2687 290 2718 467.
322 2697 375 2726 23.
400 2696 507 2725 quam
524 2689 596 2718 LB:
621 2687 717 2727 quod.
747 2691 816 2719 MS.
921 2689 996 2720 468.
1019 2697 1067 2727 13.
1094 2688 1164 2719 mei
1180 2690 1251 2718 LB:
1277 2697 1334 2718 nie
1351 2690 1418 2718 MS.
1524 2697 1576 2719 20.
1611 2687 1768 2720 Mathaei

173 2733 286 2762 Reiclc:
312 2730 469 2761 Mathiae
485 2733 555 2761 MS.

214 2831 290 2860 468.
308 2838 340 2868 5.
358 2828 588 2870 Episcopum]
615 2828 666 2860 Cf.
676 2829 738 2869 Ep.
752 2829 826 2868 388.
839 2829 882 2868 58
893 2839 928 2862 n.
1046 2839 1095 2860 12.
1122 2827 1282 2870 Coletus]
1309 2827 1360 2859 Of.
1382 2829 1445 2869 Ep.
1463 2839 1538 2867 471.
1556 2838 1608 2867 27.

213 2874 235 2903 6
258 2873 407 2912 Scripsi]
435 2872 611 2912 Probably
626 2872 718 2903 with
735 2873 799 2912 Ep.
819 2874 892 2911 467.
1086 2872 1298 2913 Clementis]
1324 2871 1375 2903 Cf.
1395 2873 1458 2912 Ep.
1479 2873 1552 2911 388.
1575 2881 1636 2911 173
1652 2882 1690 2904 n.

218 2926 267 2948 10.
284 2915 456 2956 Litteras]
470 2916 667 2956 Evidently
679 2916 827 2947 written
840 2917 932 2946 after
1045 2924 1094 2955 15.
1119 2915 1334 2956 repugnare]
1349 2915 1417 2946 For
1427 2926 1446 2947 a
1457 2915 1654 2947 somewhat
1662 2917 1762 2947 simi-

170 2960 233 2991 the
255 2960 341 2990 visit
362 2961 399 2991 to
420 2960 612 2991 Rochester
627 2970 634 2998 ;
669 2959 713 2992 cf.
739 2959 827 3000 Epp.
855 2959 927 2997 481.
998 2960 1052 2991 lar
1068 2959 1203 2990 feature
1219 2959 1260 2990 in
1277 2957 1406 2990 Colet’s
1421 2959 1606 2991 character
1622 2969 1678 2991 see
1694 2959 1760 3000 Ep.

175 3005 214 3034 16
231 3013 301 3043 seq.
321 3004 395 3034 and
415 3012 489 3043 520.
510 3013 603 3043 12-5.
998 3013 1072 3041 270.
1092 3013 1134 3042 29
1150 3012 1220 3042 seq.

1790 1533 1826 1553 10

1788 1859 1822 1889 15

1788 2187 1827 2207 20
