2010 3417
218 695 260 724 40

220 1021 259 1052 45

222 1350 262 1381 50

225 1678 263 1710 55

224 1995 266 2027 60

276 177 357 216 486
739 172 990 212 LETTERS
1028 172 1098 210 OF
1138 171 1404 211 ERASMUS
1750 169 1788 224 [1
1797 182 1819 219 5
1828 183 1843 208 1
1853 180 1873 219 7

278 298 580 336 nonnunquam
600 298 686 323 non
706 284 878 334 perinde
897 283 1028 321 bonos
1047 294 1188 320 secum
1208 281 1408 320 adferant.
1455 282 1511 320 Et
1529 282 1643 321 nosti
1660 280 1873 320 Praesulis

224 370 236 396 ς
277 351 571 401 integritatem.
629 349 775 399 Itaque
813 348 861 386 fit
891 350 948 395 vt,
982 348 1083 386 dum
1120 345 1362 396 dispicimus
1395 346 1489 397 quis
1521 346 1787 396 potissimum
1820 346 1874 385 sit

277 416 556 463 accersendus,
592 415 692 454 dum
730 414 778 452 de
819 412 1130 463 praestituendo
1168 411 1316 450 salario
1355 412 1452 450 hinc
1489 413 1611 462 atque
1649 412 1748 450 hinc
1785 424 1876 450 con·

278 482 468 528 sultatur,
499 481 601 519 dum
629 480 855 518 adornatur
882 478 971 526 iter,
1003 478 1112 516 bona
1140 490 1234 527 pars
1263 477 1462 526 temporis
1490 476 1638 516 effluat.

332 548 423 586 Scio
452 545 680 596 prudenter
706 558 752 583 ac
778 557 872 583 vere
901 544 1073 592 dictum,
1095 544 1322 592 antequam
1350 541 1533 592 incipias,
1556 541 1746 580 consulto
1773 554 1877 591 opus

278 625 391 660 esse;
418 611 489 650 vbi
515 610 783 658 consulueris,
809 610 970 647 mature
997 608 1234 651 faciendum
1255 607 1365 658 quod
1389 608 1595 646 statueris.
1657 607 1737 646 Sed
1756 607 1878 645 video

277 677 432 716 multos
446 676 554 714 nihil
569 676 680 714 aliud
697 688 823 725 quam
838 673 1080 722 consultare,
1097 674 1144 711 vt
1160 673 1244 710 iam
1265 686 1404 711 serum
1424 672 1480 711 sit
1499 672 1649 723 exequi
1664 672 1772 722 quod
1791 673 1878 710 tan-

278 743 372 781 dem
386 742 662 780 decreuerint:
693 739 1044 790 quemadmodum
1057 738 1315 789 quibusdam,
1331 738 1433 776 dum
1445 737 1876 777 consultantvelintne

278 821 448 847 vxorem
468 807 625 853 ducere,
648 806 796 844 deinde
815 817 940 856 quam
959 804 1092 844 velint
1111 817 1132 841 e
1153 803 1301 842 multis
1319 803 1510 853 deligere,
1532 803 1681 842 furtim
1705 802 1878 842 auolans

278 875 388 912 aetas
415 872 532 922 prius
560 872 609 910 fit
637 871 831 909 inidonea
861 869 1128 908 matrimonio
1155 882 1281 919 quam
1308 869 1470 919 possint
1497 868 1656 918 aliquid
1685 868 1786 907 certi
1815 868 1880 907 de-

280 951 456 978 cernere.
517 937 659 987 Neque
689 949 786 974 vero
823 935 1023 986 suspicari
1060 934 1163 973 libet
1202 936 1242 972 te
1279 934 1485 972 confinem
1524 947 1612 973 esse
1641 933 1879 984 vulgarium

281 1002 539 1053 quorundam
555 1002 730 1049 affectui,
751 1001 823 1052 qui
842 1000 951 1039 nihil
971 999 1179 1039 mirantur
1193 999 1277 1038 nisi
1291 1000 1398 1049 quod
1413 1013 1434 1037 e
1450 999 1679 1050 longinquo
1698 999 1879 1048 petitum

281 1070 346 1107 sit.
406 1067 510 1106 Mihi
537 1068 672 1106 Italus
699 1069 763 1105 est
791 1066 980 1116 quisquis
1012 1065 1138 1115 probe
1169 1065 1313 1103 doctus
1346 1066 1419 1112 est,
1450 1064 1576 1103 etiam
1607 1065 1642 1104 si
1676 1065 1731 1103 sit
1769 1064 1878 1115 apud

282 1133 482 1172 quernos
520 1134 655 1171 natus.
712 1132 817 1170 Mihi
851 1132 1031 1170 Graecus
1064 1132 1128 1169 est
1160 1130 1347 1181 quisquis
1384 1131 1429 1169 in
1464 1130 1631 1169 Graecis
1663 1130 1880 1168 autoribus

281 1199 499 1248 diligenter
518 1211 564 1236 ac
584 1197 758 1236 feliciter
772 1199 959 1236 versatus
980 1199 1052 1244 est,
1070 1195 1236 1235 etiamsi
1250 1195 1421 1234 barbam
1441 1209 1526 1234 non
1546 1196 1708 1234 habeat.
1753 1195 1881 1246 Equi-

281 1264 376 1302 dem
403 1264 521 1302 faueo
550 1263 704 1314 gloriae
730 1262 878 1301 Italiae
903 1262 972 1301 vel
1000 1262 1052 1300 ob
1080 1262 1158 1300 hoc
1187 1262 1337 1312 ipsum,
1368 1261 1478 1312 quod
1510 1261 1617 1300 hanc
1646 1261 1880 1312 aequiorem

281 1328 467 1379 experiar
494 1330 538 1367 in
566 1342 632 1367 me
653 1341 777 1378 quam
804 1328 939 1377 ipsam
966 1327 1155 1377 patriam.
1217 1327 1296 1366 Sed
1325 1328 1371 1366 vt
1400 1327 1580 1377 ingenue
1609 1327 1745 1366 dicam
1771 1327 1879 1377 quod

281 1393 426 1441 sentio,
450 1394 485 1432 si
504 1394 611 1432 mihi
631 1393 842 1443 contingat
862 1393 1062 1431 Linacrus
1087 1394 1159 1431 aut
1179 1391 1420 1431 Tonstallus
1438 1394 1677 1442 praeceptor
1696 1393 1808 1441 (nam
1828 1393 1878 1431 de

282 1461 322 1497 te
342 1458 449 1496 nihil
469 1459 629 1507 dicam),
646 1472 730 1497 non
750 1458 1018 1496 desiderarim
1033 1457 1213 1496 Italiam.
1264 1458 1446 1496 Proinde
1465 1458 1591 1496 etiam
1610 1459 1735 1507 atque
1754 1459 1880 1497 etiam

281 1523 383 1571 vide,
405 1525 591 1574 primum
617 1537 669 1562 ne
694 1536 842 1574 parum
872 1523 1110 1562 consultum
1136 1523 1190 1561 sit
1211 1523 1320 1572 quod
1351 1523 1466 1561 domi
1491 1525 1553 1561 est
1582 1523 1723 1573 rogare
1750 1523 1877 1571 foris;

284 1589 433 1627 deinde
452 1603 539 1628 rem
559 1589 808 1627 mediocrem
824 1601 904 1639 qua
923 1589 978 1627 sit
997 1601 1100 1638 opus
1119 1588 1338 1639 aspernari,
1354 1591 1568 1638 propterea
1587 1589 1696 1638 quod
1715 1602 1882 1628 summa

283 1667 366 1692 non
381 1655 520 1693 contin
525 1657 646 1704 gant;
677 1657 747 1693 aut
769 1656 925 1693 sortem
940 1653 1269 1704 qualemcunque
1285 1653 1462 1703 reiicere,
1481 1653 1525 1691 ni
1542 1654 1634 1704 quis
1649 1655 1698 1693 de
1713 1654 1881 1705 amplis-

284 1720 389 1758 sima
404 1732 527 1758 vsura
546 1720 626 1758 fide
645 1720 795 1758 iubeat.
842 1719 939 1769 Ipse
955 1719 1160 1758 Grocinus
1179 1720 1297 1758 cuius
1317 1719 1557 1768 exemplum
1576 1720 1723 1768 adfers,
1742 1733 1882 1759 nonne

283 1785 467 1835 primum
476 1785 525 1824 'in
537 1785 692 1836 Anglia
705 1786 882 1823 Graecae
896 1785 1062 1835 linguae
1076 1784 1314 1823 rudimenta
1331 1784 1476 1822 didicit
1488 1786 1509 1823 ἱ)
1537 1785 1641 1823 Post
1654 1785 1699 1824 in
1713 1786 1881 1824 Italiam

283 1851 492 1901 profectus
519 1851 682 1890 audiuit
709 1864 897 1890 summos
915 1851 1036 1899 viros,
1061 1850 1132 1889 sed
1160 1849 1330 1889 interim
1358 1851 1474 1890 lucro
1503 1851 1585 1890 fuit
1612 1851 1688 1890 illa
1715 1852 1830 1901 prius
1859 1865 1883 1890 a

285 1916 640 1967 qualibuscunque
661 1917 863 1955 didicisse.
923 1916 1101 1955 Eximiis
1121 1916 1300 1966 ingeniis
1317 1929 1437 1966 saepe
1458 1916 1526 1956 vel
1546 1917 1659 1956 viam
1679 1917 1883 1956 indicasse

285 1983 492 2021 maximus
509 1984 718 2032 profectus
737 1984 809 2021 est.

340 2048 453 2086 Illud
472 2048 581 2087 mihi
601 2050 738 2087 tecum
759 2048 967 2096 conuenit,
991 2047 1035 2085 in
1059 2047 1207 2097 primis
1236 2047 1465 2097 optandum
1487 2050 1532 2087 vt
1562 2049 1767 2088 elementa
1786 2063 1882 2100 quo-

287 2127 364 2164 que
382 2114 517 2164 prima
536 2114 749 2153 discantur
767 2113 818 2152 ab
838 2113 992 2151 artifice
1020 2126 1195 2162 summo,
1217 2113 1255 2151 si
1274 2114 1396 2152 modo
1416 2114 1547 2152 liceat.
1608 2114 1767 2153 Verum
1786 2117 1822 2154 si
1839 2115 1883 2155 id

286 2193 371 2218 non
399 2179 531 2226 datur,
562 2181 743 2229 praestat
770 2182 981 2229 vtcunque
1008 2179 1189 2228 coepisse
1218 2192 1340 2229 quam
1368 2178 1491 2229 plane
1520 2179 1667 2217 rudem
1699 2193 1881 2231 manere,

284 2244 527 2295 praesertim
547 2245 591 2282 in
610 2245 688 2283 hoc
714 2258 871 2294 genere.
931 2244 1135 2283 Nonnihil
1153 2246 1218 2282 est
1238 2244 1398 2293 negocii
1418 2246 1464 2283 vt
1482 2247 1675 2295 prompte
1701 2246 1880 2286 noscites

253 2332 263 2338 -
284 2310 584 2349 elementorum
604 2311 768 2360 figuras,
787 2312 833 2348 vt
852 2310 1042 2359 expedite
1061 2310 1319 2359 pronuncies,
1340 2312 1385 2349 vt
1406 2310 1593 2357 declines,
1611 2312 1656 2348 vt
1672 2311 1881 2362 coniuges.

285 2377 355 2414 An
385 2375 491 2413 nihil
520 2376 650 2425 egisse
668 2375 835 2414 videtur
853 2376 926 2425 qui
953 2376 1029 2413 hoc
1058 2375 1185 2414 taedii
1213 2375 1461 2414 deuorauit‘?
1515 2376 1655 2426 Atque
1684 2377 1743 2415 ita
1770 2390 1882 2415 men-

285 2444 443 2480 struam
462 2454 627 2491 operam
646 2442 719 2479 abs
739 2443 780 2479 te
799 2441 980 2490 petimus
994 2442 1041 2479 vt
1061 2440 1176 2479 taciti
1195 2454 1408 2491 speremus
1426 2441 1692 2490 trimestrem,
1716 2443 1880 2482 etiamsi

285 2507 418 2555 pudor
444 2509 505 2544 est
530 2506 727 2556 flagitare.
788 2506 905 2554 Quod
929 2506 965 2544 si
990 2506 1132 2544 minus
1158 2507 1378 2556 continget,
1404 2506 1510 2545 bona
1538 2520 1629 2556 spes
1658 2507 1781 2547 habet
1807 2521 1881 2547 nos

285 2571 454 2609 interim
472 2572 640 2610 aliunde
660 2571 917 2610 exoriturum
932 2571 1003 2622 qui
1018 2571 1301 2610 fundamentis
1321 2572 1393 2610 abs
1413 2574 1453 2610 te
1474 2572 1590 2610 iactis
1610 2575 1881 2621 superstruat.

230 2659 245 2667 -
286 2637 345 2675 Ea
374 2650 466 2687 spes
491 2637 526 2675 si
553 2637 733 2676 maxime
760 2649 838 2675 nos
862 2637 987 2676 falsos
1014 2636 1217 2684 habuerit,
1240 2638 1382 2676 tamen
1411 2650 1458 2676 ea
1482 2639 1544 2675 est
1571 2638 1729 2686 ingenii
1749 2639 1823 2687 vis,
1846 2639 1882 2677 is
1936 2688 1939 2690 -

286 2703 405 2740 ardor
424 2702 618 2751 discendi,
642 2705 688 2741 vt
711 2702 862 2740 fiducia
887 2702 943 2740 sit
967 2702 1090 2740 illum
1117 2702 1203 2740 suis
1227 2701 1445 2751 praesidiis
1472 2704 1579 2740 certe
1598 2703 1649 2741 ad
1668 2703 1883 2742 mediocri-

287 2769 416 2805 tatem
431 2767 721 2806 eluctaturum.
767 2768 822 2806 Et
833 2767 1018 2806 fortassis
1034 2767 1105 2806 ille
1119 2767 1398 2806 mediocritate
1409 2769 1629 2806 contentus
1641 2770 1715 2818 est,
1731 2769 1883 2820 quippe

288 2832 357 2881 qui
386 2846 469 2870 non
500 2833 551 2870 ob
580 2833 695 2871 aliud
724 2832 858 2871 ambit
877 2833 1052 2871 Graecas
1081 2832 1222 2870 literas
1253 2832 1334 2871 nisi
1361 2834 1407 2871 vt
1434 2833 1590 2872 maiore
1618 2847 1714 2872 cum
1744 2834 1881 2873 fructu

839 2919 893 2948 34.
917 2918 1181 2948 nonnunquam
1198 2912 1273 2940 add.
1289 2911 1332 2940 H.

331 2991 381 3026 38.
406 2991 612 3030 antequam]
637 2991 690 3022 Of.
707 2991 792 3021 Sall.
812 2992 874 3022 Cat.
895 3001 921 3023 1.
937 2993 968 3023 6.
1160 3001 1212 3029 57.
1238 2993 1277 3022 in
1292 2992 1440 3032 Anglia]
1458 2992 1564 3022 From
1581 2992 1686 3023 Corn.
1704 2992 1830 3023 Vitelli
1847 2993 1881 3021 at

333 3033 384 3069 48.
408 3034 569 3073 barbam]
587 3033 639 3065 Cf.
657 3037 760 3071 Adaq.
786 3044 877 3072 1795.
1117 3034 1249 3065 Oxford
1260 3045 1288 3066 c.
1300 3044 1402 3074 14753
1417 3045 1472 3066 see
1484 3035 1662 3067 OHS.xvi.
1675 3045 1731 3075 pp.
1742 3045 1817 3076 339,
1828 3046 1880 3073 40.
