2010 3417
235 210 314 248 572
704 209 955 248 LETTERS
994 207 1064 247 OF
1104 207 1373 248 ERASMUS
1715 207 1836 262 [1517

232 319 389 357 diutius
406 318 479 355 ille
503 330 570 354 me
593 317 913 367 stipendiarium
938 330 984 355 ac
1009 330 1113 367 pene
1140 331 1295 356 nexum
1317 331 1414 367 prae
1438 317 1639 357 auiditate
1659 318 1841 358 haberet.

232 383 416 421 Tandem
436 381 567 421 literis
587 382 697 432 apud
710 384 873 421 nostros
884 383 1026 433 paucis
1040 382 1165 421 annis
1183 382 1405 421 illustratis
1424 382 1573 422 Italiae
1591 384 1840 423 commercio

232 447 430 498 librisque
459 448 615 485 sensim
648 447 866 498 vtriusque
899 447 1067 498 linguae
1101 448 1182 486 huc
1212 448 1409 497 aduectis,
1446 461 1543 487 cum
1581 462 1656 499 ego
1690 449 1840 489 sarcire

149 532 214 563 410
233 513 431 551 damnum
444 513 737 552 contenderem
752 513 953 552 aetatulae
965 515 1199 553 transactae
1218 527 1291 564 per
1309 513 1533 563 inscitiam,
1550 527 1625 553 nec
1641 514 1840 564 pecuniae

230 579 273 615 in
308 578 550 616 coemundis
581 591 732 628 magno
765 578 884 617 libris
918 592 992 617 nec
1022 578 1156 617 labori
1188 579 1234 617 in
1269 579 1501 618 ediscendis
1533 592 1757 629 parcerem,
1794 593 1841 618 ac

231 643 491 692 quotidianas
541 644 822 694 sesquioperas
869 658 892 683 a
939 657 1007 682 me
1052 644 1177 694 plane
1214 644 1422 695 exigerem
1462 645 1578 683 omni
1621 644 1839 684 vacatione

230 710 431 759 adempta,
464 722 511 747 eo
542 710 727 759 primum
762 710 943 759 perueni,
977 711 1024 748 vt
1058 710 1265 749 dediscere
1298 711 1564 749 instituerem
1598 718 1700 761 quae
1729 709 1839 748 male

230 776 395 813 edoctus
415 788 690 825 eram—quae
709 775 817 813 mihi
834 775 1022 814 discendi
1036 775 1264 825 primordia
1275 775 1447 826 negocia
1469 775 1604 814 multa
1623 775 1838 814 exhibuer-

150 860 184 890 4¹
195 862 211 891 5
231 842 328 888 unt3
344 841 451 879 nihil
466 841 578 879 enixu
591 841 816 880 didiceranl
828 842 929 891 πλὴν
942 843 1179 893 γραμμάτων,
1196 842 1256 879 καὶ
1269 844 1386 880 ταῦτα
1400 842 1527 891 μέντοι
1541 843 1636 879 κακὰ
1651 843 1836 881 κακῶς-ε

232 906 380 945 deinde
410 909 458 946 vt
486 908 596 945 vltra
624 907 879 956 praeceptori
907 907 972 945 illi
1001 907 1157 946 Graeco
1187 920 1239 946 ne
1268 907 1543 946 auscultarem
1572 906 1836 957 praelegenti‚

229 972 355 1010 etiam
375 972 411 1010 si
431 973 481 1011 ad
502 986 568 1010 me
587 972 830 1019 ventitabat,
852 972 980 1011 libros
997 972 1271 1022 empturienti
1289 973 1512 1011 venditans
1530 985 1576 1011 ac
1596 971 1837 1022 scriptitans

229 1038 375 1087 quanti
403 1038 532 1076 semel
559 1038 794 1077 indicasset.
850 1038 958 1087 Quid
987 1041 1034 1076 tu
1064 1037 1142 1086 hic,
1174 1038 1239 1077 vir
1266 1038 1637 1088 ingeniosissime?
1665 1039 1837 1088 potesne

230 1103 383 1141 iterum
404 1104 512 1153 quod
526 1103 791 1142 incommodo
805 1103 910 1142 mihi
925 1105 1053 1151 verto,
1068 1104 1111 1142 id
1126 1105 1173 1142 tu
1192 1103 1237 1142 in
1250 1103 1408 1142 bonum
1424 1104 1594 1143 cessisse
1609 1115 1836 1142 cessurum-

147 1188 209 1216 420
228 1181 278 1206 ue
299 1169 513 1207 ostendere
526 1171 547 1207 ⁶?

280 1233 371 1271 Iam
387 1247 486 1273 vero
500 1234 716 1273 aduersam
736 1234 1018 1273 valetudinem
1034 1248 1116 1273 non
1137 1239 1223 1273 tam
1237 1233 1344 1272 mihi
1357 1236 1564 1286 agnatam,
1580 1236 1626 1273 vt
1641 1232 1832 1280 arbitror,

228 1312 352 1348 quam
382 1302 599 1350 cognatam
629 1304 670 1340 et
698 1301 927 1350 ingenitam
957 1305 1162 1351 quantum
1193 1301 1300 1339 mihi
1325 1301 1537 1340 facessisse
1567 1299 1834 1350 negociorum

227 1367 381 1413 putas?
410 1379 505 1404 cum
529 1366 635 1404 mihi
660 1380 702 1405 se
729 1380 891 1416 semper
913 1366 1110 1405 comitem
1131 1366 1414 1417 sequaciorem
1439 1367 1586 1405 vmbra
1604 1364 1834 1416 praeberet,

229 1444 473 1480 quocunque
502 1444 666 1482 agerem
704 1445 772 1470 me
816 1435 1032 1480 terrarum,
1075 1432 1271 1481 quiequid
1314 1432 1605 1470 instituerem:
1653 1444 1701 1470 eo
1749 1429 1831 1468 iam

145 1513 208 1543 425
227 1510 389 1546 quoque
419 1497 508 1546 ipsa
530 1497 759 1545 molestior,
778 1497 887 1547 quod
911 1497 1000 1535 eius
1026 1496 1200 1535 crimine
1228 1497 1446 1535 literarum
1469 1497 1669 1546 studium,
1693 1509 1789 1535 cum
1809 1509 1832 1533 a

228 1562 410 1611 medicis,
442 1564 534 1600 tum
563 1562 614 1601 ab
644 1562 837 1601 omnibus
863 1562 971 1600 mihi
1004 1561 1141 1600 obuiis
1167 1561 1414 1612 propinquis
1443 1562 1559 1601 iuxta
1589 1561 1827 1611 alienisque,

225 1627 320 1675 plus
349 1627 435 1665 iam
466 1641 599 1666 annos
630 1628 867 1677 quindecim
901 1627 1009 1666 male
1043 1627 1170 1676 audit,
1203 1629 1251 1667 vt
1282 1627 1476 1666 insanum
1514 1630 1556 1666 et
1594 1626 1830 1673 exitiabile3

226 1693 438 1731 literarum
468 1706 516 1731 eo
545 1693 723 1743 amplius
754 1693 1015 1741 Graecarum,
1038 1695 1085 1731 vt
1109 1705 1321 1741 vesanum,
1351 1695 1399 1732 vt
1429 1694 1578 1743 dirum,
1603 1695 1649 1732 vt
1668 1692 1830 1742 piaculo

226 1758 417 1807 dignum,
438 1758 563 1797 etiam
587 1759 624 1797 si
651 1771 782 1808 nuper
803 1758 938 1808 coepit
963 1771 1050 1796 esse
1077 1757 1300 1808 plausibile
1328 1760 1368 1797 et
1397 1758 1686 1808 expetendum.
1746 1757 1830 1795 Nec

143 1840 206 1870 430
225 1826 366 1862 tamen
386 1824 477 1863 ideo
497 1825 625 1863 velim
644 1827 691 1863 vt
712 1825 885 1862 omnino
911 1837 979 1862 me
1005 1837 1217 1874 expungas
1237 1838 1258 1862 e
1279 1824 1464 1863 numeris
1483 1823 1762 1871 classicorum,
1785 1825 1831 1861 vt

225 1889 448 1928 domestica
479 1892 603 1940 atque
640 1889 874 1929 vmbratica
910 1889 1144 1928 eruditione
1176 1889 1443 1929 institutum:
1473 1902 1593 1940 posse
1623 1889 1737 1927 enim
1771 1888 1830 1927 sic

224 1968 385 2005 quoque
415 1955 521 1994 mihi
549 1955 691 1994 videor
718 1956 829 1994 inter
857 1955 1042 1993 iuniores
1071 1955 1304 2003 centuriari,
1338 1968 1434 1994 cum
1462 1955 1573 1993 inter
1610 1953 1829 1993 munifices

226 2020 412 2068 profiteri
459 2021 661 2071 coeperim
710 2034 784 2059 nec
823 2033 1095 2071 praepropere
1132 2033 1208 2059 nec
1247 2020 1543 2070 infelicissime,
1582 2022 1630 2059 vt
1667 2021 1828 2060 vestrae

228 2086 446 2124 amborum
467 2087 680 2125 autoritati
699 2087 834 2125 libens
853 2085 1114 2136 aliorumque
1141 2087 1271 2126 credo.
1338 2086 1518 2125 Interim
1536 2085 1602 2125 bis
1620 2086 1828 2125 Rhomam

141 2157 202 2188 435
223 2150 305 2188 adii
324 2151 524 2202 vrbesque
544 2152 731 2202 insignes
751 2152 909 2201 Italiae,
935 2152 1077 2190 doctos
1097 2151 1168 2191 vbi
1184 2151 1378 2191 homines
1397 2165 1482 2191 non
1500 2152 1560 2191 ita
1577 2151 1736 2191 multos
1754 2165 1829 2202 per

222 2218 493 2255 transennam
525 2217 613 2256 vidi
648 2218 788 2268 potius
823 2231 946 2267 quam
977 2217 1132 2266 audiui,
1168 2219 1209 2256 et
1241 2217 1460 2256 literarum
1488 2216 1710 2256 meliorum
1740 2230 1828 2267 pro-

221 2282 398 2322 fessores
424 2285 623 2333 tanquam
642 2297 665 2322 a
690 2284 838 2322 limine
864 2283 1069 2331 salutaui3
1100 2285 1303 2333 quantum
1332 2283 1489 2322 scilicet
1517 2282 1681 2321 homini
1707 2282 1827 2321 licuit

223 2347 392 2386 Italiam
421 2349 573 2399 raptim
603 2349 839 2399 peragranti
868 2362 943 2387 nec
988 2349 1101 2387 ibera
1123 2348 1339 2398 legatione.
1401 2348 1482 2387 Sed
1513 2350 1555 2387 et
1580 2347 1693 2387 domi
1725 2361 1825 2386 non-

221 2427 437 2463 nunquam
486 2415 701 2453 doctorum
745 2414 967 2453 hominum
1005 2414 1290 2453 familiaritate
1329 2428 1428 2454 vsus
1467 2427 1584 2453 sum:
1640 2414 1685 2453 in
1732 2413 1826 2464 quis

136 2494 199 2523 440
220 2479 436 2529 praecipue
462 2480 571 2518 colui
600 2480 804 2518 Ioannem
830 2480 1051 2528 Lascarim,
1075 2479 1217 2519 virum
1246 2481 1461 2529 Graecum,
1484 2482 1657 2530 viraque
1681 2479 1825 2530 lingua

262 2620 336 2649 407.
361 2621 400 2641 ac
416 2621 507 2650 pene
524 2635 532 2642 .
552 2634 560 2642 .
581 2634 589 2642 .
607 2611 781 2642 auiditate
799 2614 873 2642 aad.
891 2612 925 2645 β.
1057 2612 1130 2649 408.
1156 2612 1279 2650 paucis
1295 2611 1401 2642 annis
1418 2614 1464 2642 D:
1489 2620 1631 2650 quoque
1649 2611 1771 2650 paucis
1786 2611 1820 2646 β.

219 2664 292 2693 409.
318 2654 389 2684 huc.
405 2656 478 2685 add.
495 2655 528 2688 β.
631 2664 705 2692 411.
732 2665 773 2686 ac
790 2655 1020 2693 quotidianas
1036 2657 1065 2685 D
1080 2666 1087 2685 :
1110 2655 1340 2694 quotidianas
1357 2655 1467 2685 etiam
1483 2656 1518 2689 β.
1624 2664 1699 2692 412.
1724 2655 1823 2685 omni

221 2720 227 2726 .
248 2720 255 2727 .
278 2721 284 2727 .
301 2707 374 2736 413.
393 2698 561 2738 adempta
579 2700 652 2728 add.
670 2699 704 2733 β.
849 2708 923 2737 414.
948 2708 1038 2738 quae
1057 2723 1064 2730 .
1081 2722 1089 2729 .
1110 2722 1117 2729 .
1134 2708 1210 2737 415.
1235 2698 1338 2728 κακῶς
1353 2701 1426 2729 add.
1445 2699 1478 2733 β.
1626 2698 1699 2736 416.
1723 2707 1823 2738 prae-

219 2740 348 2779 legenti
366 2743 440 2772 add.
457 2742 489 2775 β.
649 2742 722 2780 418.
747 2742 804 2772 vir
820 2742 1108 2781 ingeniosissime
1124 2745 1197 2772 add.
1215 2743 1249 2776 β.
1404 2751 1478 2781 423.
1506 2740 1675 2772 comitem
1693 2744 1768 2772 add.
1786 2742 1820 2776 β.

221 2793 292 2821 424.
317 2785 487 2823 quicquid
505 2785 734 2816 instituerem
751 2788 826 2816 aad.
844 2786 877 2819 β.
1004 2795 1077 2824 425.
1105 2795 1245 2825 quoque
1261 2787 1336 2816 add.
1353 2786 1384 2819 β.
1508 2786 1583 2823 426.
1609 2785 1823 2825 propinquis

223 2827 320 2857 iuxta
336 2828 533 2866 alienisque
553 2831 625 2859 add.
643 2830 677 2863 β.
835 2829 909 2867 428.
934 2831 973 2859 vt
991 2829 1110 2859 dirum
1128 2831 1166 2859 vt
1180 2831 1204 2863 β
1219 2840 1227 2859 z
1249 2830 1285 2858 et
1300 2831 1339 2859 D.
1510 2838 1583 2868 429.
1609 2828 1760 2867 dignum
1778 2830 1820 2863 B:

222 2870 337 2899 simile
354 2873 392 2902 D.
527 2874 562 2902 et
578 2872 820 2911 expetendum
839 2876 911 2904 add.
929 2874 962 2906 β.
1095 2883 1169 2911 434.
1197 2872 1315 2903 libens
1337 2874 1413 2903 add.
1430 2873 1463 2906 β.
1598 2881 1672 2911 435.
1697 2873 1757 2903 vbi
1772 2875 1823 2904 D:

221 2912 267 2941 ibi
296 2914 329 2946 β.
470 2925 544 2945 11011
575 2916 627 2945 ita
658 2916 793 2946 multos
819 2918 892 2947 add.
917 2917 949 2950 β.
1126 2926 1201 2955 437.
1237 2917 1416 2954 quantum
1447 2915 1585 2946 scilicet
1613 2918 1659 2948 D:
1695 2917 1820 2956 vtique

219 2957 395 2992 quantum
424 2958 457 2991 β.
591 2969 666 2996 440.
694 2958 758 2989 [ν’-ἰ
783 2960 998 3000 praecipuae
1014 2959 1067 2990 Dl.
1157 2960 1343 2990 Lascarem
1361 2960 1397 2993 β.

261 3083 334 3112 434.
360 3075 552 3116 lx‘homam]
576 3077 626 3108 Cf.
645 3078 706 3117 Ep.
726 3088 790 3116 403
810 3079 940 3109 Introd.
1096 3089 1170 3116 440.
1196 3078 1392 3118 Lascarim]
1417 3078 1468 3110 Cf.
1489 3079 1552 3118 Ep.
1571 3079 1644 3118 269.
1663 3088 1703 3118 51
1722 3088 1760 3109 11.
