2010 3417
330 138 409 176 228
791 134 1042 174 LETTERS
1078 134 1148 173 OF
1185 133 1448 174 ERASMUS
1788 133 1827 186 [ι
1837 145 1858 183 5
1866 148 1882 173 1
1892 137 1914 173 6

372 246 440 277 His
463 245 635 276 relations
654 243 745 274 with
769 243 938 274 Erasmus
959 253 1051 274 were
1073 242 1216 273 marred
1239 243 1286 282 by
1306 243 1504 274 occasional
1527 243 1915 284 misunderstandings,

329 289 391 319 the
415 290 576 318 outcome
599 288 639 318 of
667 287 725 317 his
748 287 1018 317 over-sensitiva
1045 287 1328 326 temperament3
1362 286 1425 317 but
1453 296 1499 316 on
1525 287 1588 318 the
1611 286 1729 318 whole
1755 286 1817 318 the
1844 289 1917 318 two

329 331 486 362 scholars
501 331 571 361 had
588 341 609 360 a
620 330 696 370 just
711 331 953 370 appreciation
971 329 1010 361 of
1021 329 1106 360 each
1124 329 1236 360 other.

375 374 444 405 His
459 374 557 404 work
573 375 604 404 is
621 375 656 404 at
679 373 804 413 length
821 374 1000 413 receiving
1022 373 1091 403 due
1107 373 1329 412 recognition
1353 373 1393 403 in
1408 372 1471 403 the
1487 372 1550 403 life
1570 373 1617 412 by
1638 372 1684 403 M.
1704 372 1917 412 Delaruelle,

329 418 367 448 of
378 417 499 447 which
517 427 583 448 one
596 416 739 448 volume
757 417 821 448 has
837 418 927 448 been
940 416 1144 457 published‚
1158 416 1267 456 Paris,
1283 426 1376 456 1907.
1421 416 1485 447 See
1495 416 1568 446 also
1579 416 1641 446 the
1652 426 1748 447 same
1758 415 1918 448 author's

329 463 501 498 Re‘pertoire
534 461 572 491 of
607 461 664 491 his
702 460 1014 500 correspondence,
1040 459 1224 499 Toulouse,
1261 469 1342 499 1907
1360 471 1368 498 ς
1406 469 1426 490 a
1457 461 1730 499 contemporary
1769 459 1834 490 life
1870 460 1918 499 by

329 504 529 535 Ludovicus
552 504 690 544 Regius,
718 504 827 543 Paris,
853 504 886 536 J.
910 504 1060 544 Roigny‚
1088 512 1195 542 1540;
1226 503 1325 542 BE.;
1348 503 1420 534 and
1445 501 1636 543 Legrand]

536 596 794 627 GVLIELMVS
824 595 1032 626 BVDAEVS
1061 595 1240 626 ERASMO
1272 595 1579 626 ROTERODAMO
1609 595 1643 626 S.
1669 595 1711 627 D.

386 678 507 716 ‘D101
527 691 611 716 non
634 678 799 727 potest,'
818 677 966 727 inquis,
996 678 1005 696 ‘
1019 677 1078 715 mi
1103 677 1278 726 Budaee,
1300 679 1552 728 quantopere
1577 679 1618 715 et
1642 679 1736 715 tuae
1756 677 1918 716 faueam

327 743 478 794 gloriae
493 744 536 781 et
553 743 832 781 eruditionem
853 742 1059 781 admirer?
1108 742 1243 781 ‘Istue
1259 756 1420 792 quoque
1435 742 1638 792 posterius
1658 742 1766 780 bona
1785 741 1864 780 fide
1876 743 1897 781 ’ἓ
1910 742 1919 757 ’

331 808 474 847 ‘Bona
511 808 641 846 certe'
677 808 831 857 inquis.
899 808 1061 857 ‘Egone
1098 808 1140 846 id
1179 808 1398 846 credam?'
1458 807 1586 855 ‘Quid
1626 807 1726 846 ni‘?’
1763 806 1914 857 inquis.

333 873 563 923 ‘Equidem
589 872 694 911 mihi
719 873 797 911 hoc
823 872 972 911 lubens
999 872 1297 923 persuaserim3
1326 876 1403 913 πῶς
1425 874 1498 925 γὰρ
1524 874 1576 920 οὔ,
1601 873 1640 913 ὅς
1667 889 1710 924 γε
1737 872 1849 922 ἄνδρα
1874 889 1920 911 σε

290 952 308 983 5
330 939 420 978 εἶναι
440 941 580 988 ἐπιεικῆ
605 938 809 988 πέπεισμαι
821 956 833 982 ,·
872 940 914 976 οὗ
933 939 1005 990 ’γὰρ
1031 938 1128 979 ὅπως
1155 938 1335 990 θεολόγον
1361 955 1418 985 σε,
1441 939 1543 976 ἀλλὰ
1569 938 1629 975 καὶ
1653 937 1721 986 τὴν
1743 937 1921 987 ἀλήθειαν

328 1005 538 1055 σεβόμενον
556 1005 729 1055 ἡγοῦμαι,
749 1004 881 1042 τούτου
907 1002 993 1053 παρ’
1013 1003 1093 1053 ἐμοὶ
1117 1004 1246 1041 πίστιν
1269 1004 1525 1053 ποιησαμένης
1546 1004 1612 1051 Τῆς
1631 1003 1830 1052 Στρατείας
1855 1004 1921 1040 τοῦ

328 1072 564 1120 Χριστιανοῦ,
586 1071 651 1118 τῆς
676 1070 748 1107 ὑπό
775 1086 845 1106 σου
871 1069 989 1106 πάλαι
1014 1070 1105 1107 ποτὲ
1135 1068 1356 1118 ἐκδοθείσης.
1414 1068 1502 1118 Ego
1530 1080 1628 1106 vero
1656 1080 1732 1105 nec
1761 1066 1921 1105 dicere’

327 1134 509 1185 inquam,
536 1136 631 1172 ‘nec
645 1133 782 1184 eloqui
800 1147 845 1172 ac
866 1147 918 1172 ne
933 1133 1123 1184 proloqui
1143 1133 1312 1183 quidem
1332 1133 1501 1183 possim,
1519 1133 1552 1171 O
1569 1134 1709 1171 noster
1728 1132 1899 1171 Erasme
1913 1133 1922 1149 ’

331 1200 477 1249 (maior
509 1199 622 1237 enim
654 1212 743 1238 esse
775 1199 881 1237 mihi
915 1199 1053 1237 videre
1088 1212 1212 1249 quam
1245 1200 1292 1236 vt
1325 1211 1465 1237 meum
1501 1200 1541 1236 te
1571 1196 1791 1246 appellem,
1825 1209 1922 1235 cum

271 1278 310 1301 xo
327 1265 521 1305 omnibus
539 1264 693 1303 nostris
712 1277 820 1303 vnus
846 1263 946 1302 satis
969 1277 1057 1302 esse
1082 1263 1239 1314 possis3
1270 1264 1372 1314 quin
1392 1265 1434 1301 et
1453 1276 1582 1312 vsque
1609 1262 1709 1300 adeo
1728 1261 1923 1312 publicus

327 1330 492 1380 scriptis
523 1329 608 1368 tuis
637 1329 771 1368 factus
805 1342 848 1367 es
874 1331 921 1367 vt
950 1341 1073 1367 nemo
1104 1328 1186 1367 sibi
1215 1328 1415 1378 priuatim
1443 1327 1652 1366 vindicare
1683 1328 1724 1365 te
1754 1326 1921 1377 possit):

327 1407 484 1442 verum,
522 1396 568 1433 vt
603 1394 699 1443 dixi,
735 1394 962 1444 exprimere
996 1407 1154 1444 nequeo
1188 1406 1314 1443 quam
1348 1395 1471 1432 tuum
1504 1406 1571 1431 me
1603 1405 1735 1442 nuper
1764 1391 1919 1439 feceris,

328 1461 596 1510 posteaquam
629 1459 846 1509 epistolam
879 1460 996 1497 tuam
1029 1459 1177 1508 accepi.
1253 1458 1504 1497 Reddiderat
1535 1457 1653 1497 illam
1687 1457 1851 1496 iuuenis
1883 1458 1922 1495 is

328 1539 452 1576 quem
489 1525 594 1564 mihi
632 1524 947 1571 commendasti,
978 1523 1188 1563 Sorbonae
1224 1537 1336 1562 nunc
1373 1525 1577 1573 agentem,
1619 1525 1770 1572 μᾶλλον
1808 1522 1847 1560 δὲ
1885 1525 1923 1560 ἐν

272 1603 309 1636 15
329 1590 563 1641 σερβωνιτίδι
588 1591 702 1640 λίμνῃ
723 1589 972 1639 διατρίβοντα·
1004 1590 1097 1627 οὕτω
1122 1591 1195 1641 γὰρ
1222 1589 1266 1627 ἂν
1293 1589 1437 1629 εἰκότως
1462 1589 1741 1637 ἀποκαλοίημεν
1764 1587 1833 1636 τὴν
1850 1590 1923 1626 τῶν

328 1658 525 1705 σοφιστῶν
546 1655 697 1694 τουτωνὶ
722 1655 926 1704 διατριβήν,
957 1655 1003 1694 ὥς
1028 1672 1071 1706 γε
1095 1657 1158 1693 νῦν
1187 1654 1403 1703 καθέστηκε.
1463 1652 1639 1692 Reddita
1662 1652 1791 1702 igitur
1814 1651 1922 1690 mihi

328 1720 501 1770 epistola
535 1722 607 1758 tua
643 1722 685 1759 et
723 1719 851 1759 semel
889 1720 1108 1770 iterunque
1146 1719 1265 1763 lecta,
1298 1721 1527 1770 παραχρῆμα
1559 1721 1631 1756 τῶν
1667 1720 1762 1767 μετὰ
1798 1719 1923 1768 χεῖρας

328 1787 511 1836 ἀφέμενος
530 1787 732 1836 σχολάζειν
751 1802 814 1823 σοι
833 1785 933 1837 μόνῳ
953 1785 1083 1835 αὐτίκα
1103 1784 1146 1834 δὴ
1172 1785 1277 1834 μάλα
1297 1785 1476 1836 ἐγνώκειν.
1537 1783 1597 1821 καὶ
1617 1783 1661 1832 δὴ
1680 1786 1727 1834 τῇ
1746 1783 1922 1833 ὑστεραίᾳ

327 1853 392 1900 τῆς
424 1851 637 1892 ἀποδόσεως
664 1849 688 1900 ἦ
716 1852 762 1901 τῇ
789 1867 833 1902 γε
862 1850 926 1888 οὖν
952 1851 1087 1899 ταύτης
1115 1851 1199 1899 ἑξῆς
1229 1851 1294 1888 τὸν
1327 1850 1486 1890 Σενέκαν
1518 1851 1590 1887 σοῦ
1624 1849 1728 1887 ἕνεκα
1756 1847 1923 1894 διεξιέναι

271 1929 313 1953 20
329 1917 507 1966 ἠρξάμην·
549 1916 641 1953 οὕτω
674 1916 747 1968 γάρ
780 1933 829 1953 συ
863 1915 1024 1953 κελεύειν
1057 1915 1201 1963 ἐδόκεις,
1236 1917 1266 1953 εἰ
1300 1915 1338 1953 δὲ
1370 1915 1432 1964 μή,
1466 1917 1542 1954 πῶς
1575 1913 1619 1952 ἂν
1648 1915 1845 1963 μαρτυρεῖν
1876 1913 1922 1952 ἂν

329 1981 506 2031 δυναίμην
532 1984 581 2032 τῷ
611 1982 800 2032 ε’ντυπωτῇ
826 1983 877 2032 τῷ
905 1983 984 2031 σῷ,·
1012 1983 1062 2032 τῷ
1087 1997 1209 2018 τοινυν
1238 1981 1374 2031 Σενέκα
1401 1979 1637 2028 ἐπικεκυφότι
1664 1995 1739 2029 μοι,
1771 1979 1850 2017 ἰδοὺ
1877 1978 1922 2028 δὴ

373 2068 402 2088 2.
426 2057 525 2087 Istuc
548 2059 629 2087 Ba:
659 2056 763 2087 Istud
787 2059 826 2086 N.
901 2056 992 2086 bona
1015 2058 1092 2087 Ba:
1125 2056 1244 2087 bonan
1270 2058 1310 2086 C:
1343 2053 1472 2086 bonan'
1495 2056 1564 2089 FB.
1657 2065 1687 2093 4.
1721 2053 1808 2086 πῶς.
1852 2063 1917 2093 ..7

328 2099 508 2140 ἐκδοθείσης
523 2101 601 2134 Ββς
627 2109 690 2130 cur
710 2100 809 2130 enim
831 2109 903 2130 non
926 2100 963 2130 id
980 2100 1098 2139 velim,
1118 2099 1181 2138 qui
1197 2099 1342 2138 quidem
1364 2108 1574 2139 persuasum
1593 2097 1746 2128 habeam
1768 2098 1803 2127 te
1826 2097 1869 2138 (δι
1883 2098 1918 2137 α)

330 2144 449 2174 virum
465 2152 539 2174 esse
555 2144 738 2182 aequum?
782 2143 862 2173 Non
879 2143 977 2173 enim
994 2143 1200 2181 theologum
1221 2143 1327 2173 modo
1343 2151 1420 2173 esse
1436 2152 1471 2172 te
1487 2142 1653 2179 arbitror,
1673 2141 1735 2171 sed
1756 2150 1839 2171 eum
1855 2141 1919 2179 qui

329 2197 455 2218 verum
479 2186 583 2217 colat.
639 2187 757 2225 Atque
783 2186 893 2216 huius
920 2187 972 2216 rei
999 2185 1107 2216 fidem
1130 2185 1222 2226 apud
1246 2195 1303 2216 me
1329 2185 1414 2216 fecit
1437 2185 1571 2217 Militia
1595 2184 1802 2215 Christiana
1832 2183 1918 2214 olim

330 2231 392 2261 abs
416 2232 451 2261 te
474 2230 573 2261 edita
596 2241 628 2261 α.
774 2231 804 2260 6.
829 2229 887 2259 τοῦ
902 2232 951 2260 B:
974 2229 1029 2267 τῆς
1044 2231 1078 2263 β.
1229 2239 1256 2268 7.
1279 2229 1335 2267 τῆς
1358 2230 1435 2263 RB:
1460 2228 1518 2259 τοῦ
1533 2230 1575 2259 Ν.
1711 2236 1760 2258 10.
1788 2227 1920 2257 nostris

332 2276 380 2305 Ca
395 2276 531 2304 secunda
546 2284 667 2303 manu.
659 2284 667 2291 ·
690 2272 793 2303 nobis
808 2275 864 2304 Ba
876 2276 981 2310 prima
998 2282 1108 2303 manu.
1238 2282 1289 2311 13.
1310 2275 1339 2302 B
1347 2274 1390 2306 β
1383 2283 1390 2291 ·
1414 2274 1601 2312 postquam
1617 2282 1646 2300 α.
1740 2270 1834 2301 mihi
1850 2273 1922 2301 ante

331 2317 475 2348 iuuenis
494 2319 568 2348 add.
589 2327 634 2347 a:
663 2327 724 2347 om.
741 2318 774 2350 β.
957 2326 1004 2355 14.
1029 2315 1157 2353 μᾶλλον
1180 2338 1189 2346 .
1215 2338 1223 2347 .
1248 2339 1256 2347 .
1287 2317 1336 2346 16.
1361 2314 1623 2354 διατριβὴνΒΒ;
1648 2315 1736 2353 quin
1751 2313 1864 2353 magis
1881 2314 1921 2344 in

330 2361 521 2392 Sorbonica
541 2359 671 2400 palude
693 2361 913 2397 vei-3santem
938 2359 988 2390 sic
1011 2360 1108 2390 enim
1130 2359 1259 2389 merito
1279 2359 1482 2389 voeauerim
1505 2358 1747 2432 sophistzrum
1768 2357 1920 2389 istorum

331 2404 490 2435 scholam
505 2415 533 2434 α.
649 2412 700 2442 15.
724 2403 921 2443 σερβωνιτὶδι
938 2404 1132 2440 BFCorriq.
1150 2413 1158 2433 ε
1181 2401 1347 2442 σερβωνίδι
1365 2404 1439 2437 OB:
1462 2401 1681 2441 σορβωνίδιΗ
1679 2425 1686 2431 .
1811 2402 1860 2432 16.
1882 2399 1922 2431 ὥς

331 2459 370 2488 γε
388 2448 443 2478 νῦν
457 2446 634 2486 καθέστηκε
652 2449 724 2478 add.
740 2448 773 2481 β.
937 2456 986 2485 17.
1011 2445 1205 2486 παραχρῆμα
1231 2470 1239 2477 .
1263 2469 1270 2477 .
1295 2468 1303 2476 .
1328 2455 1381 2485 23.
1406 2444 1548 2484 ἐπίδοξον
1564 2446 1646 2478 BB:
1670 2444 1886 2475 confestim'
1876 2443 1922 2474 iis

331 2501 419 2530 quae
436 2491 475 2521 in
492 2490 656 2521 manibus
673 2500 710 2521 e1
713 2492 775 2520 ant
791 2490 940 2529 omissis,
960 2490 1027 2520 tibi
1043 2490 1107 2520 vni
1122 2498 1246 2520 vacare
1261 2489 1393 2520 deinde
1409 2498 1571 2528 prorsum
1591 2488 1829 2519 decreueram.
1875 2487 1921 2518 Et

332 2545 415 2565 sane
445 2533 618 2574 postridie
648 2543 756 2572 quam
786 2535 870 2564 tuae
899 2533 992 2564 mihi
1022 2533 1181 2564 redditae
1212 2533 1356 2563 fuerant
1384 2531 1537 2570 litterae,
1564 2534 1626 2563 aut
1657 2534 1752 2562 certe
1780 2531 1823 2562 ab
1854 2529 1922 2560 hoc

330 2578 501 2618 pmximo,
527 2577 698 2608 Senecam
725 2579 789 2608 tua
815 2586 918 2607 causa
943 2586 1125 2616 coeperam
1148 2576 1335 2615 euoluere3
1366 2576 1414 2606 sic
1437 2576 1530 2606 enim
1554 2575 1742 2606 mandasse
1764 2576 1806 2605 tu
1828 2573 1919 2604 mihi

333 2622 429 2652 visus
453 2631 512 2651 es:
543 2620 679 2660 alioqui
706 2621 768 2660 qui
795 2620 926 2660 possim
958 2620 1205 2651 testimonium
1237 2620 1330 2650 ferre
1356 2622 1418 2650 tuo
1445 2619 1634 2650 excusori‘?
1695 2618 1784 2649 Cum
1811 2617 1922 2656 igitur
1951 2654 1953 2656 Ι

333 2665 483 2696 Senecae
500 2665 755 2703 incumberem,
774 2673 852 2694 ecce
868 2664 939 2694 iam
955 2663 1074 2694 adesse
1091 2664 1238 2703 pietatis
1259 2663 1551 2694 Instrumentum
1572 2661 1834 2693 annunciatum
1854 2661 1918 2698 est,

332 2708 426 2738 illud
442 2708 484 2738 ab
501 2707 648 2738 Erasmo
662 2707 870 2747 profectum,
891 2707 985 2740 iUud
1002 2707 1172 2746 bilingue,
1188 2707 1280 2737 illud
1297 2706 1432 2737 celebre
1447 2717 1477 2737 a.

376 2809 407 2837 6.
425 2805 608 2847 Στρατείας]
619 2806 692 2836 The
703 2804 1091 2845 Emlziv·i(li0n(Ep.164).
1160 2803 1306 2834 Froben·
1309 2813 1325 2834 s
1341 2803 1438 2834 work
1454 2805 1491 2834 to
1508 2801 1683 2834 Budaeus·
1703 2801 1798 2832 noti
1791 2811 1829 2840 e,
1847 2798 1921 2831 and

382 2859 430 2887 15.
457 2848 671 2891 σερβῳνιτίδι]
704 2849 757 2880 Of.
784 2850 862 2879 crit.
891 2851 974 2880 note
1002 2848 1092 2878 with
1159 2848 1213 2878 for
1237 2847 1310 2878 this
1335 2857 1485 2887 pulpose
1509 2849 1547 2878 to
1573 2846 1663 2876 have
1691 2846 1769 2876 sent
1796 2844 1873 2874 him
1901 2851 1922 2873 a

332 2892 509 2932 Thuasne,
528 2894 643 2923 Etucles
657 2903 711 2923 sur
730 2894 883 2931 Rabezais,
903 2901 960 2931 pp.
979 2892 1033 2931 65,
1051 2892 1080 2922 6.
1159 2900 1250 2930 copy
1273 2891 1311 2921 of
1332 2891 1389 2921 his
1413 2891 1544 2921 Seneca
1569 2890 1648 2929 (Ep.
1675 2888 1767 2927 325),
1786 2886 1920 2925 which,

379 2945 431 2966 21.
469 2934 647 2976 ἐντυπωτῂ]
695 2936 863 2966 Erasmus
900 2945 1013 2965 seems
1057 2936 1093 2964 to
1159 2934 1296 2973 though
1321 2933 1534 2972 inadequate
1554 2943 1593 2963 as
1615 2942 1661 2962 an
1683 2931 1832 2970 edition,
1852 2930 1883 2961 is
1899 2938 1921 2960 a

336 2977 425 3007 have
442 2977 581 3009 desired
596 2980 632 3009 to
648 2979 753 3018 bring
768 2978 831 3009 the
844 2978 1044 3009 excellence
1058 2978 1096 3008 of
1160 2977 1270 3016 finely
1288 2977 1433 3017 printed
1449 2977 1602 3008 volume.
