2010 3464
283 954 301 986 5

263 1278 302 1302 10

263 1603 300 1636 15

263 1929 303 1952 20

780 189 1030 229 LETTERS
1067 188 1136 227 OF
1176 187 1438 228 ERASMUS
1785 186 1823 241 [1
1834 200 1877 238 51
1888 202 1909 234 4

757 329 853 368 319.
916 327 1048 368 FROM
1080 326 1267 368 ULRmH
1299 326 1474 368 ZAstus.

367 421 554 455 Deventer
572 419 648 453 MS.
668 428 722 463 91,
743 418 768 453 f.
788 427 867 454 201.

368 477 407 512 E.
427 489 462 522 p.
482 477 572 522 386:
602 477 639 512 F.
659 489 694 522 p.
714 486 803 519 471:
830 475 922 511 HN:
950 475 1065 511 Lond.
1084 474 1147 510 xii.
1166 476 1211 511 6:
1237 475 1308 510 LB.
1331 484 1407 521 152.

365 557 466 598 [1515
483 557 514 588 is
528 556 660 596 hardly
675 556 840 596 possible,
860 557 957 587 since
973 556 1048 587 this
1063 556 1169 587 letter
1186 557 1215 587 is
1230 565 1267 587 so
1285 555 1453 587 different
1469 557 1508 587 in
1524 558 1608 588 tone
1631 556 1725 588 from
1740 555 1828 596 Epp.
1847 557 1914 596 376

319 600 390 631 and
405 601 471 640 380
485 611 493 631 :
517 610 554 632 so
569 601 649 632 that
667 609 750 640 1514
766 609 850 639 may
865 599 1002 640 stand]

1576 417 1766 463 Freiburg.

1470 486 1513 510 22
1535 475 1741 511 December
1761 484 1865 521 1514.

373 678 476 717 SESE
495 676 764 716 commendat.
815 677 911 716 Noli
929 677 1082 725 mirari,
1104 677 1275 716 Erasme
1295 679 1357 716 ter
1375 677 1557 717 maxime
1574 677 1706 725 heros,
1727 677 1763 716 si
1782 676 1916 715 rarius

319 744 369 782 ad
389 745 431 782 te
451 743 593 782 literas
612 743 785 790 dedero;
814 743 899 782 imo
925 742 1059 792 magis
1084 743 1285 782 mirabere
1305 743 1412 793 quod
1433 743 1592 793 aliquas
1610 755 1786 793 vsquam
1805 742 1910 789 dedi,

320 809 378 848 ita
408 808 458 847 ad
491 811 665 858 augusta
695 808 767 847 illa
798 811 868 847 tua
901 808 1068 847 nomina
1098 810 1139 846 et
1169 808 1308 847 oculos
1335 809 1617 859 praestringor
1643 810 1686 846 et
1717 809 1913 846 mentem.

321 875 453 923 Quem
467 874 579 912 enim
595 873 794 913 Platones
807 874 896 923 ipsi,
913 873 1141 921 Cicerones,
1159 873 1277 912 Fabii
1292 886 1461 912 suorum
1476 873 1613 912 ordini
1628 872 1909 920 inseruissent,

321 940 409 978 suis
427 939 605 977 fuissent
624 938 790 978 sedibus
810 939 981 988 dignati,
1002 951 1078 977 nos
1097 938 1294 988 elingues,
1313 939 1504 986 infantes,
1523 938 1696 986 barbari,
1714 951 1796 988 quo
1810 938 1914 986 loco,

320 1018 401 1055 quo
431 1004 597 1053 honore,
633 1017 713 1054 qua
743 1004 981 1043 venerantia
1009 1005 1339 1054 prosequemur?
1405 1003 1596 1043 Profecto
1629 1003 1712 1042 nisi
1743 1006 1816 1042 tua.
1848 1016 1914 1042 me

319 1070 543 1109 animasset
563 1069 820 1108 admirabilis
838 1069 1088 1116 humanitas,
1112 1081 1238 1118 quam
1257 1071 1399 1108 noster
1420 1069 1491 1107 ille
1514 1067 1753 1107 Bonifacius
1771 1069 1915 1107 Amer-

319 1135 522 1183 bacchius,
546 1134 781 1173 adulescens
799 1134 957 1173 virtute
981 1135 1023 1172 et
1042 1133 1227 1173 doctrina
1247 1134 1391 1183 clarus,
1413 1133 1642 1184 praedicare
1664 1146 1750 1171 non
1769 1134 1910 1180 cessat,

321 1200 401 1238 nisi
430 1199 676 1250 optatissimi
698 1199 763 1238 tui
790 1199 987 1247 muneris,
1015 1213 1096 1250 quo
1125 1212 1191 1238 me
1215 1200 1382 1248 ornasti,
1410 1199 1679 1238 beneficentia
1697 1198 1908 1246 inuitaret,

320 1265 421 1314 quin
440 1265 578 1315 potius
602 1267 848 1315 perurgeret,
872 1277 1046 1303 manum
1070 1264 1227 1304 calamo
1249 1265 1373 1316 (quod
1399 1265 1496 1304 boni
1521 1264 1726 1314 consulas)
1748 1275 1915 1314 prorsus

319 1330 620 1369 abstinuissem.
690 1329 909 1369 Mediocris
946 1330 1060 1368 enim
1102 1330 1182 1369 ista
1220 1343 1313 1369 mea
1351 1330 1543 1379 literatio,
1586 1330 1620 1369 si
1659 1330 1704 1368 in
1742 1329 1913 1379 optimis

320 1395 519 1434 doctrinis
552 1408 749 1445 perquam
785 1395 931 1445 exigua
964 1395 1071 1434 mihi
1109 1396 1295 1443 contulit,
1334 1409 1380 1435 ea
1417 1397 1524 1434 certe
1561 1409 1628 1434 me
1667 1394 1913 1434 discretione

318 1460 530 1509 instruxit,
549 1462 594 1498 vt
614 1473 781 1499 noscam
801 1460 926 1499 homo
945 1460 1083 1499 infans
1102 1473 1188 1499 non
1206 1461 1266 1499 ita
1284 1474 1532 1511 magnorum
1551 1461 1724 1499 heroum
1743 1459 1914 1498 auribus

319 1538 406 1564 esse
426 1538 566 1564 coram
586 1525 917 1575 obstrependum,
942 1525 1047 1564 sicut
1067 1525 1304 1565 absentium
1323 1528 1422 1565 sunt
1446 1523 1589 1565 laudes
1608 1525 1910 1576 praedicandae,

319 1590 430 1640 quod
457 1590 563 1629 illud
583 1603 667 1629 non
686 1590 768 1629 nisi
792 1591 1002 1629 doctrinae
1027 1591 1232 1640 politioris
1252 1592 1381 1642 gradu
1407 1592 1591 1642 receptis,
1613 1592 1691 1630 hoc
1718 1590 1913 1630 omnibus

319 1654 495 1695 licuerit.
555 1655 735 1694 Proinde
761 1656 797 1694 si
823 1655 932 1704 sileo,
954 1656 1162 1695 veneratio
1189 1670 1254 1696 me
1280 1657 1343 1695 tui
1370 1656 1566 1708 elinguat,
1591 1656 1706 1695 nulla
1732 1656 1913 1695 abflectit

319 1721 583 1771 ingratitudo.
656 1721 861 1771 Equidem
890 1720 1032 1759 vbivbi
1061 1721 1250 1770 gentium
1277 1722 1435 1772 degam,
1467 1736 1630 1773 quoquo
1663 1722 1911 1772 proficiscar,

319 1786 480 1825 multus
522 1786 629 1824 mihi
672 1786 717 1824 in
758 1799 837 1833 ore,
883 1785 1044 1825 multus
1084 1787 1209 1826 fando
1256 1787 1455 1827 Erasmus
1500 1788 1696 1826 versatur.
1772 1786 1913 1826 Huius

320 1851 589 1890 eminentiam
617 1850 873 1898 circunfero;
912 1851 1023 1890 hunc
1051 1864 1143 1890 mea
1171 1852 1401 1902 quamlibet
1430 1853 1579 1903 exigua
1611 1851 1912 1903 praedicatione

321 1917 505 1964 celebr03
546 1929 638 1955 eam
675 1916 951 1955 venerandam
990 1919 1031 1956 et
1065 1917 1181 1956 omni
1213 1918 1338 1956 aetati
1365 1917 1652 1956 admirabilem
1685 1917 1914 1957 doctrinam

321 1981 485 2029 extollo,
507 1995 581 2031 pro
604 1982 776 2020 numine
796 1982 1046 2021 adorandam
1069 1982 1215 2030 iubeo;
1252 1996 1338 2022 non
1357 1982 1571 2022 hominem
1598 1995 1684 2022 esse
1702 1984 1913 2021 terrenum

320 2046 390 2085 sed
411 2046 550 2096 ignem
570 2046 620 2084 de
641 2046 752 2084 coelo
771 2049 988 2096 sumptum
1008 2047 1194 2086 defendo.

376 2112 469 2150 Hoc
503 2111 767 2150 doctissimus
796 2114 938 2150 nostra
974 2114 1105 2151 aetate
1136 2112 1452 2152 iurisconsultus
1490 2112 1593 2151 Pius
1627 2113 1912 2163 Hieronymus

320 2176 572 2226 Baldagnus‚
603 2176 817 2216 Caesareae
850 2177 1079 2216 maiestatis
1111 2178 1379 2224 consiliarius,
1412 2177 1652 2228 principalis
1682 2177 1913 2216 consistorii

367 2296 394 2317 1.
419 2286 501 2317 Sese
515 2285 743 2317 commendat
756 2288 791 2316 Μ
792 2288 822 2317 S
838 2297 844 2317 :
860 2295 1055 2317 YDALRICVS
1066 2295 1182 2318 znsxvs
1194 2295 1332 2318 ERAsmo
1345 2295 1576 2318 ROTERODAMO
1588 2296 1614 2319 s.
1625 2290 1662 2318 E.
1783 2297 1815 2327 3.
1838 2290 1908 2319 MS.

321 2333 369 2361 F:
393 2330 612 2370 perstringor
627 2331 666 2360 E.
793 2339 820 2367 7.
843 2329 1103 2361 Amorbachius
1120 2332 1160 2361 Ε.
1273 2340 1321 2369 14.
1347 2332 1431 2361 sunt
1447 2340 1505 2361 om.
1526 2333 1564 2361 E.
1700 2333 1750 2363 16.
1774 2332 1807 2362 si
1821 2331 1908 2362 sileo

321 2376 396 2405 add.
412 2376 442 2403 E
457 2384 464 2403 :
485 2376 545 2403 stat
557 2374 671 2403 lacuna
688 2375 722 2402 in
739 2375 820 2412 MS„
839 2376 1025 2404 amanuensi
1038 2375 1171 2410 sortasse
1186 2375 1278 2404 Zasc‘z·
1297 2383 1440 2412 ottanum,
1458 2376 1544 2404 valde
1564 2375 1728 2414 difficilem,
1748 2385 1811 2406 non
1833 2378 1908 2405 rati-

321 2420 452 2448 cinanre.
571 2425 620 2455 19.
643 2418 673 2446 E
689 2427 697 2446 ε
721 2416 964 2456 praedicatum
979 2419 1048 2447 MS.
1166 2426 1218 2448 20.
1242 2426 1321 2448 eam
1337 2419 1406 2449 MS.
1425 2428 1432 2447 :
1456 2417 1532 2448 eius
1547 2420 1586 2449 E.
1697 2427 1749 2455 24.
1775 2417 1908 2450 Baldu-

320 2461 429 2501 ginus
444 2462 481 2491 E.

318 2559 442 2599 joined
479 2560 520 2590 in
557 2560 697 2598 August
740 2569 819 2600 1511
868 2560 914 2599 by
950 2560 1083 2592 Beatus

322 2605 517 2635 Rhenanus
533 2603 591 2644 (cf.
606 2603 721 2634 MHE.
736 2604 773 2634 ii.
788 2604 834 2642 7).
861 2603 918 2635 He
930 2603 1083 2644 brought

322 2657 341 2678 a
363 2647 517 2678 number
531 2646 569 2677 of
592 2647 707 2678 Greek
735 2646 832 2678 MSS.
856 2647 946 2677 from
971 2647 1080 2687 Italy,

322 2690 394 2721 and
410 2690 602 2730 published
613 2700 633 2721 a
646 2690 862 2721 translation
876 2690 914 2721 of
927 2690 1083 2730 Gregory

323 2735 361 2764 of
381 2734 522 2773 Nyssa’s
538 2733 798 2774 philosophical
814 2734 930 2764 works
956 2734 1082 2774 (Stras-

322 2777 422 2816 burg,
440 2776 605 2817 Schiirer,
624 2777 706 2818 May
725 2776 824 2818 1512)
843 2776 1028 2808 dedicated
1045 2779 1082 2808 to

322 2819 453 2850 Beatus
479 2820 596 2861 (BRE.
625 2821 693 2860 25),
719 2821 791 2852 and
814 2830 859 2851 an
884 2821 1024 2852 oration
1048 2821 1086 2852 of

323 2862 481 2902 Gregory
540 2864 740 2895 Nazianzen
801 2863 987 2895 dedicated
1046 2866 1083 2895 to

321 2905 475 2936 Thomas
498 2905 693 2946 Truchses3
721 2907 862 2939 besides
883 2917 929 2938 an
944 2908 1084 2947 unpub-

316 2948 442 2987 lished
479 2949 693 2981 translation
730 2951 823 2982 from
854 2950 1084 2990 chrysostom

323 2991 453 3032 (MHE.
481 2992 518 3022 ii.
540 2992 589 3031 6).
639 2993 742 3024 Some
766 2994 863 3025 MSS.
894 2994 1016 3034 copied
1039 2994 1085 3033 by

323 3035 514 3066 him—one
538 3035 645 3066 dated
673 3046 766 3076 1509,
783 3037 914 3075 Padua,
933 3037 1085 3068 another

1150 2569 1335 2599 1510—are
1373 2570 1455 2591 now
1494 2561 1533 2590 in
1571 2560 1633 2591 the
1671 2559 1908 2591 Schlettstadt

1147 2603 1322 2643 Library3
1358 2603 1494 2644 having
1528 2604 1617 2635 been
1650 2603 1832 2634 inherited
1863 2604 1910 2644 by

1146 2647 1279 2678 Beatus
1291 2646 1350 2687 (cf.
1362 2647 1466 2679 BRE.
1479 2647 1547 2688 45),
1557 2647 1638 2678 who
1644 2656 1717 2678 was
1726 2656 1747 2677 a
1757 2646 1909 2678 devoted

1146 2691 1262 2731 pupss,
1285 2690 1357 2721 and
1380 2690 1569 2730 composed
1596 2690 1659 2722 the
1683 2690 1830 2730 epitaph
1853 2690 1908 2721 for

1146 2735 1204 2765 his
1220 2734 1319 2765 tomb
1342 2735 1381 2765 in
1398 2734 1460 2765 the
1483 2734 1696 2765 Dominican
1712 2733 1848 2764 church
1870 2735 1907 2764 at

1146 2777 1262 2809 Basle.
1307 2777 1371 2809 See
1394 2787 1443 2810 IV.
1467 2778 1585 2818 261-8,
1617 2776 1725 2808 ADB.
1752 2776 1909 2816 (Conon)

1147 2821 1218 2852 and
1251 2821 1351 2853 BRE.
1401 2821 1570 2852 Erasmus
1597 2820 1754 2860 suggests
1780 2820 1818 2850 in
1845 2820 1907 2850 the

1146 2864 1282 2895 scholia
1308 2874 1355 2896 on
1379 2864 1521 2895 Jerome
1549 2864 1632 2906 (vol.
1659 2864 1681 2894 i.
1705 2862 1729 2893 f.
1756 2872 1826 2902 139,
1850 2863 1906 2894 ed.

1150 2909 1249 2948 1516)
1268 2908 1346 2939 that
1370 2908 1428 2939 his
1444 2907 1554 2939 death
1571 2917 1643 2938 was
1662 2906 1836 2937 hastened
1859 2907 1908 2946 by

1148 2951 1345 2982 straitened
1362 2951 1644 2982 circumstances.

1193 3004 1223 3033 7.
1249 2994 1474 3035 humanitas]
1499 2994 1550 3026 cf.
1570 2994 1632 3033 Ep.
1652 3002 1726 3032 303.
1745 3002 1774 3030 7.

1191 3048 1222 3077 9.
1245 3037 1419 3078 muneris]
1446 3038 1496 3069 Cf.
1517 3038 1578 3077 Ep.
1599 3046 1672 3076 317.
1694 3046 1723 3074 7.
