2010 3417
98 140 194 195 320]
373 142 527 182 FROM
565 141 716 182 JOHN
755 142 946 183 BECAR
984 142 1053 182 OF
1092 142 1417 184 BORSSELEN
1637 144 1688 182 45

95 249 277 298 simum;
318 249 437 300 cupio
470 250 585 288 enim
617 263 760 289 omnes
792 263 939 298 emere,
974 252 1018 289 vt
1050 251 1172 289 modo
1203 250 1300 298 dixi,
1336 252 1539 301 quotquot
1570 251 1691 290 isthic

95 315 275 354 emisisti
302 314 347 354 in
374 314 598 366 publicum.
659 315 776 364 Quod
805 316 840 355 si
870 315 969 366 quid
998 315 1199 354 aedideris
1226 316 1432 366 exiguum,
1454 316 1561 366 quod
1591 317 1692 354 citra

96 380 482 420 incommoditatem
508 380 577 419 hic
600 380 707 419 ferre
733 393 872 420 secum
901 380 1003 419 velit
1028 382 1069 419 et
1096 381 1235 431 possit,
1260 381 1302 420 id
1332 381 1451 431 cupio
1480 381 1593 420 mitti
1623 395 1694 431 per
1711 395 1751 428 45

96 446 221 485 1111110.
276 445 387 494 Vale,
411 445 715 496 Bursalumque
741 448 862 485 tuum
891 445 1045 484 credito
1075 459 1236 496 semper
1264 446 1452 485 futurum
1480 446 1542 485 tui
1568 447 1693 485 etiam

97 511 282 550 absentis
310 511 648 550 amantissimum
676 513 718 549 et
747 511 1175 550 obseruantissimum.

152 577 217 616 Ex
244 575 433 615 Areluno
462 575 537 621 vel,
569 577 616 613 vt
643 575 907 625 antiquitatis
934 576 1252 626 inuestigatores
1280 579 1460 625 censent,
1493 576 1691 625 Araluno,

99 641 249 692 oppido
269 643 375 679 terre
395 639 760 690 Lucenbergensis‚
783 640 912 690 pridie
933 653 1063 679 nonas
1084 641 1298 680 Ianuarias
1323 653 1434 690 1515.

951 706 1065 744 Tuus
1085 706 1263 744 Ioannes
1283 707 1412 746 Becar
1431 708 1636 747 Borsalus.
1716 723 1756 755 50

154 771 198 810 Si
218 770 312 821 quis
329 769 437 809 alius
456 769 631 808 Erasmo
657 769 836 817 absente,
860 769 976 809 illius
1001 770 1184 810 nominis
1203 773 1244 809 et
1270 772 1513 811 eruditionis
1539 775 1697 812 amator

99 837 222 885 atque
246 834 494 882 obseruator,
525 834 629 873 hanc
654 834 873 884 epistolam
899 836 1187 886 resignauerit,
1215 836 1257 874 id
1284 837 1394 887 quod
1418 837 1522 876 iussi
1542 838 1632 876 fieri
1651 838 1697 877 in

98 899 455 950 superscriptione,
487 899 600 938 hunc
638 912 710 938 oro
744 901 790 938 vt
824 900 875 939 ob
914 913 1181 940 communem
1215 901 1322 940 mihi
1356 915 1496 941 secum
1535 903 1697 942 Erasmi

99 978 285 1005 amorem
310 964 451 1016 paucis
476 964 686 1012 rescribat,
708 965 986 1016 fungaturque
1011 966 1057 1005 in
1082 966 1160 1005 hoc
1189 967 1358 1018 negocio
1384 968 1547 1007 Erasmi
1567 968 1698 1007 nostri

100 1030 234 1070 officio
251 1045 260 1079 ;
294 1030 360 1069 cui
380 1030 416 1069 si
434 1030 601 1081 ignotus
620 1032 661 1069 et
680 1030 805 1082 longe
824 1031 972 1070 absens
990 1031 1152 1070 nullam
1175 1032 1353 1082 gratiam
1373 1033 1523 1072 referre
1544 1035 1696 1083 potero,
1719 1044 1758 1077 55

103 1096 329 1136 maximam
348 1098 490 1136 tamen
510 1109 674 1147 semper
693 1096 849 1136 habebo
868 1098 910 1136 et
929 1109 1061 1147 agam.

556 1251 652 1292 321.
715 1250 846 1293 FROM
879 1251 1050 1293 HENRY
1083 1252 1246 1293 BEBEL.

150 1342 340 1378 Deventer
358 1341 433 1376 MS.
453 1351 507 1386 91,
528 1342 553 1377 f.
575 1351 651 1385 172.
1373 1343 1579 1389 Tfibingen.

151 1396 224 1435 LB.
241 1399 337 1446 App.
361 1409 413 1444 19.
1303 1411 1348 1436 20
1365 1401 1532 1447 January
1553 1411 1654 1448 1515.

149 1480 240 1522 [The
252 1481 470 1520 manuscript
484 1479 566 1512 date
582 1490 666 1520 may
683 1482 723 1512 be
740 1481 918 1522 accepted,
931 1482 1030 1513 since
1045 1481 1107 1513 the
1123 1484 1206 1513 tone
1223 1482 1261 1513 of
1271 1482 1332 1513 the
1349 1482 1457 1514 letter
1469 1483 1610 1515 accords
1620 1484 1703 1515 well

104 1524 197 1555 with
212 1524 392 1555 Erasmus’
408 1523 486 1555 first
502 1525 589 1556 visit
604 1526 640 1556 to
658 1524 763 1556 Basle
778 1536 786 1565 3
813 1525 884 1556 and
903 1526 986 1564 1516
1001 1525 1120 1557 would
1145 1525 1187 1556 be
1205 1526 1444 1566 lengthening
1470 1527 1532 1558 the
1548 1527 1703 1559 interval

107 1567 259 1600 denoted
275 1568 323 1607 by
337 1577 436 1605 nuper
454 1567 491 1609 (l.
512 1568 545 1608 1)
561 1569 598 1599 to
615 1569 777 1600 between
791 1570 863 1600 two
879 1569 951 1600 and
968 1569 1071 1600 three
1087 1579 1199 1608 years.

150 1612 280 1651 Henry
303 1611 411 1643 Bebel
437 1611 663 1653 (1472-1518)
689 1612 727 1643 of
755 1613 957 1652 Justingen,
985 1622 1072 1644 near
1095 1613 1190 1652 Ulm,
1214 1613 1357 1644 studied
1381 1616 1417 1645 at
1460 1614 1603 1646 Cracow
1630 1615 1702 1645 and

107 1655 212 1687 Basle
230 1655 383 1696 (matric.
402 1657 511 1696 1495),
529 1655 601 1686 and
618 1656 657 1686 in
677 1666 758 1695 1497
776 1666 849 1687 was
864 1657 1057 1696 appointed
1073 1658 1109 1687 to
1126 1666 1145 1687 a
1163 1657 1417 1698 Lecturership
1434 1658 1473 1688 in
1489 1661 1617 1698 poetry
1632 1658 1704 1689 and

108 1698 268 1730 rhetoric
283 1700 320 1729 at
341 1699 539 1739 Tfibingen,
566 1699 688 1731 where
711 1699 757 1731 he
774 1698 959 1731 remained
983 1699 1037 1730 for
1060 1699 1122 1731 the
1139 1702 1212 1731 rest
1238 1700 1277 1731 of
1295 1701 1353 1731 his
1377 1701 1449 1732 life.
1498 1702 1553 1732 He
1570 1711 1641 1732 was
1657 1711 1703 1732 an

107 1742 345 1773 enthusiastic
372 1743 517 1782 patriot‚
539 1742 611 1773 and
638 1742 819 1774 delivered
848 1743 967 1774 before
996 1743 1221 1774 Maximilian
1238 1753 1285 1775 an
1308 1745 1447 1776 oration
1471 1744 1511 1774 in
1536 1746 1653 1784 praise
1669 1745 1709 1776 of

108 1785 302 1825 Germany,
327 1786 450 1816 which
473 1786 514 1816 in
542 1795 624 1825 1504
652 1786 699 1817 he
719 1786 909 1826 expanded
934 1788 1011 1818 into
1039 1796 1058 1816 a
1082 1787 1184 1818 book.
1234 1787 1290 1818 He
1317 1797 1389 1819 was
1412 1798 1431 1819 a
1459 1788 1704 1819 considerable

110 1829 218 1860 Latin
245 1828 394 1869 scholar,
425 1828 498 1860 and
525 1829 617 1860 after
643 1830 824 1869 receiving
850 1829 914 1860 the
941 1831 1053 1870 poet's
1081 1830 1194 1861 laur-el
1225 1831 1264 1861 in
1294 1839 1375 1870 1501
1405 1831 1450 1862 he
1477 1833 1587 1862 wrote
1614 1831 1705 1864 Com-

117 1875 273 1903 mentaria
299 1874 497 1909 epistolarum
520 1875 791 1911 conficiendarum,
821 1882 916 1912 1503,
939 1876 1003 1904 Ars
1031 1875 1247 1913 Versificaozdi,
1270 1875 1364 1914 1506,
1394 1877 1544 1905 Latinum
1574 1877 1704 1913 idioma,

114 1923 206 1955 1509,
226 1918 271 1947 De
293 1918 484 1947 institutione
508 1926 690 1956 puerorum,
712 1926 805 1956 1513,
824 1916 897 1947 and
921 1916 1024 1947 other
1039 1918 1175 1955 works3
1202 1917 1248 1948 he
1266 1927 1338 1948 was
1359 1917 1548 1958 popularly
1572 1919 1705 1950 known

110 1959 268 1998 through
285 1969 305 1989 a
319 1959 463 1990 volume
480 1959 518 1990 of
530 1962 683 1998 Fac-etiae,
701 1959 894 2000 published
909 1961 947 1991 in
968 1961 1051 1999 1506
1067 1961 1113 2000 by
1129 1961 1337 2001 Griininger
1353 1963 1390 1992 at
1405 1962 1606 2002 Strasburg.

154 2003 218 2034 See
235 2003 330 2034 alife
346 2003 394 2043 by
410 2003 500 2044 Zapf
514 2003 630 2044 (1802)
644 2014 652 2042 ;
678 2003 791 2036 MHE.
806 2016 814 2044 3
838 2003 942 2035 Trith
958 2002 980 2030 ⁴²
995 2002 1007 2020 ⁵
1021 2015 1029 2043 ς
1046 2004 1153 2035 ADB.
1170 2016 1178 2043 3
1202 2004 1272 2036 and
1288 2004 1459 2046 Bocking.

245 2090 476 2121 HENRICVS
508 2090 728 2121 BEBELIVS
760 2090 1078 2122 IVSTINGENSIS
1110 2091 1289 2122 DOMINO
1321 2092 1447 2123 ERAS.
1473 2094 1505 2123 S.
1531 2093 1572 2123 D.

165 2170 266 2212 CVM?
278 2184 408 2221 nuper
426 2170 530 2210 falso
550 2184 726 2220 rumore,
744 2171 808 2210 vir
828 2171 1078 2220 doctissime,
1098 2172 1292 2223 deceptus
1306 2173 1461 2212 Beatus
1482 2173 1709 2220 Rhenanus

111 2239 152 2276 te
171 2250 193 2275 e
213 2236 348 2275 medio
371 2236 606 2275 viuentium
632 2237 842 2276 sublatum
861 2237 907 2275 111
927 2237 1104 2288 quadam
1123 2237 1296 2288 epistola
1321 2239 1564 2289 euulgasset,
1594 2238 1709 2277 dolui

110 2302 294 2352 profecto
312 2301 447 2341 vicem
461 2304 587 2351 tuam,
609 2301 723 2341 dolui
744 2300 833 2355 [ob]
851 2315 1117 2342 communem
1136 2303 1370 2343 litterarum
1384 2306 1426 2343 et
1441 2304 1708 2343 Germanicae

112 2367 247 2406 laudis
279 2366 492 2407 iacturam.
551 2367 711 2407 Verum
745 2381 840 2406 cum
873 2381 985 2406 nunc
1019 2368 1207 2419 intelligo
1241 2371 1281 2408 te
1313 2382 1399 2408 esse
1432 2369 1618 2408 Basileae
1650 2368 1709 2406 in-

115 2432 321 2471 columem
340 2434 382 2471 et
400 2432 529 2472 bonas
554 2431 714 2471 litteras
738 2433 928 2482 gnauiter
952 2435 1278 2483 promouentem,
1301 2434 1456 2484 gaudeo
1483 2435 1639 2472 mirum
1664 2433 1710 2471 in
1728 2446 1745 2477 5

115 2496 286 2535 modum
302 2511 312 2545 ;
359 2510 434 2536 nec
475 2500 704 2548 temperare
746 2498 855 2536 mihi
894 2498 1014 2549 potui
1056 2499 1156 2549 quin
1198 2500 1237 2537 te
1280 2498 1432 2538 litteris
1474 2498 1577 2536 meis
1614 2497 1709 2536 licet

115 2559 360 2601 subrusticis
386 2561 620 2611 salutarem,
654 2576 789 2612 quem,
823 2565 870 2602 vt
898 2559 1042 2613 loquar
1068 2577 1118 2602 ex
1143 2563 1273 2602 animi
1301 2563 1506 2602 sententia
1535 2564 1575 2601 et
1605 2575 1710 2601 com-

117 2625 235 2665 muni
248 2625 294 2664 in
308 2626 460 2666 Sueuia
474 2627 688 2667 doctorum
707 2641 922 2673 consensu,
937 2628 1108 2667 vnicum
1127 2628 1321 2667 existimo
1341 2628 1407 2666 cui
1425 2628 1469 2666 in
1491 2626 1711 2677 multiiuga

116 2690 359 2739 eruditione,
378 2691 578 2741 singulari
593 2705 754 2743 quoque
773 2692 987 2742 Vtriusque
1001 2693 1169 2743 linguae
1185 2694 1342 2743 peritia,
1360 2692 1508 2731 cedant
1523 2692 1712 2731 omnium

118 2769 230 2796 nunc
244 2755 479 2795 viuentium
499 2756 665 2806 ingenia
681 2771 691 2804 3
719 2758 778 2805 vt,
796 2770 880 2796 non
897 2757 1125 2796 Germanos
1139 2757 1261 2797 modo
1281 2757 1554 2797 verumetiam
1571 2757 1710 2797 Gallos
1734 2771 1771 2793 10

164 2853 241 2885 321.
264 2862 326 2885 nr.
358 2861 568 2885 msnemsxs
583 2855 652 2884 MS.
787 2863 817 2884 2.
841 2853 1040 2893 euulgasset
1057 2864 1132 2885 corr,
1150 2856 1303 2885 Erasmus
1318 2856 1391 2894 ipse,
1406 2864 1464 2892 pro
1480 2854 1657 2885 emisisset
1673 2855 1712 2884 ab

119 2900 309 2928 amanuensi
323 2899 442 2935 scripto.
575 2905 606 2936 3.
631 2896 674 2928 ob
691 2898 808 2928 deleuit
821 2899 985 2928 Erasmus.
1082 2907 1130 2930 10.
1156 2907 1252 2929 nunc
1267 2908 1341 2929 corr.
1358 2900 1511 2929 Erasmus
1521 2908 1579 2937 pro
1596 2897 1710 2929 modo.

470 2996 544 3028 321.
563 3005 593 3028 2.
610 2994 774 3037 epistola]
801 2995 902 3028 BRE.
923 3004 964 3036 35
981 3006 989 3034 ;
1012 2996 1054 3027 cf.
1073 2995 1133 3036 Ep.
1154 3005 1217 3034 270
1232 2995 1366 3029 introd.
