2010 3417
101 186 198 240 554]
427 187 581 227 FROM
618 187 842 226 JEROME
881 184 1366 225 DUNGHERSHEYM
1611 183 1691 221 507

101 298 248 338 deiecit
281 297 398 337 sese.'
454 298 542 336 Hec
571 297 641 336 ibi.
697 297 757 335 At
786 298 929 335 contra
958 297 1133 335 maiores
1161 295 1304 344 nostri,
1335 295 1457 334 Greci
1486 294 1688 334 sermonis

100 377 185 403 non
214 363 358 414 ignari,
381 363 492 402 inter
517 376 619 412 quos
647 362 780 401 sancti
804 364 942 411 patres
964 375 1010 400 ac
1035 360 1117 400 viri
1142 361 1326 400 doctrina
1349 359 1689 399 excellentissimi

100 429 398 479 Hieronymus,
440 427 700 474 Ambrosius,
747 426 948 472 Hilarius,
988 426 1262 476 Augustinus,
1305 426 1387 465 Leo
1432 428 1474 464 et
1517 425 1599 472 alii,
1639 425 1690 463 de
1712 435 1748 467 15

100 493 322 533 diuinitate
341 492 498 534 Christi
516 492 767 543 Apostolum
794 492 838 530 in
863 492 940 530 hac
966 491 1148 530 clausula
1167 492 1352 532 locutum
1378 503 1465 530 esse
1486 490 1686 537 asserunt,

99 561 140 598 et
173 571 222 598 ea
253 559 434 597 maxime
463 558 686 596 autoritate
716 571 795 607 qua
827 559 969 596 contra
999 557 1178 596 Arianos
1208 559 1393 604 vtuntur,
1429 556 1501 606 qui
1534 554 1689 595 Christi

100 622 390 673 aequalitatem
421 635 517 661 cum
540 622 664 662 Patre
693 622 921 661 secundum
945 622 1133 661 diuinam
1162 635 1325 672 quoque
1353 624 1546 661 naturam
1572 632 1689 670 nega*

101 688 213 734 bant,
234 687 385 738 gradus
404 687 448 726 in
470 687 624 726 diuinis
643 688 705 738 (vt
724 687 850 736 nosti)
868 700 937 726 ore
957 687 1198 737 plasphemo
1220 689 1431 737 ponentes.
1494 686 1533 724 Ii
1552 687 1690 724 autem

101 752 181 791 viri
211 753 345 791 sancti
374 752 526 803 aliique
557 753 790 803 complures
823 752 1036 792 intendere
1069 752 1276 802 accipiunt
1310 751 1571 801 Apostolum,
1606 763 1690 789 non
1713 762 1754 783 20

100 817 288 867 rapinam
317 818 565 857 arbitratum
587 831 674 858 esse
701 818 914 858 Christum
941 831 1030 857 esse
1058 831 1101 857 se
1130 817 1317 869 equalem
1346 818 1432 856 Deo
1461 816 1689 854 secundum

100 882 278 922 formam
298 883 472 932 deitatis,
496 884 540 922 in
567 896 646 934 qua
671 883 784 922 idem
809 885 872 922 est
898 896 993 922 cum
1020 883 1107 922 Deo
1133 883 1257 922 Patre
1279 882 1506 921 secundum
1527 879 1693 919 deitatis

102 949 334 996 essentiam,
365 951 406 988 et
439 949 620 1000 aequalis
652 949 789 987 eidem
820 949 1048 987 secundum
1079 947 1339 999 personalem
1367 947 1690 990 distinctionem,

101 1026 196 1053 cum
217 1027 291 1052 nec
312 1014 394 1052 nisi
413 1027 496 1053 vna
522 1014 688 1053 deitatis
712 1015 847 1053 forma
874 1027 961 1053 esse
986 1014 1127 1064 possit,
1150 1027 1251 1063 quae
1279 1016 1340 1052 est
1368 1013 1455 1063 ipse
1482 1012 1594 1050 Deus
1619 1023 1691 1049 seu

101 1079 265 1119 deitatis
284 1081 472 1119 essentia.
533 1080 587 1118 Et
608 1080 652 1118 in
676 1081 753 1119 hoc
773 1079 971 1118 catholice
991 1080 1151 1129 loquuti
1169 1092 1258 1119 esse
1277 1093 1362 1118 non
1381 1078 1639 1117 dubitantur.
1715 1091 1728 1111 2
1735 1089 1754 1120 5

156 1143 241 1183 Nec
261 1145 336 1184 hec
354 1146 445 1184 ideo
466 1146 555 1184 dico
581 1145 689 1195 quod
716 1158 800 1184 non
827 1145 1077 1184 aduerterim
1103 1148 1144 1184 te
1168 1145 1478 1195 praemonuisse
1498 1144 1693 1182 lectorem

101 1209 146 1249 in
166 1210 415 1260 quibusdam
436 1224 459 1249 a
478 1211 637 1260 vulgari
656 1210 750 1260 (te)
768 1210 950 1249 editione
965 1213 1006 1249 et
1021 1224 1044 1249 a
1059 1210 1328 1260 sequentibus
1346 1223 1437 1249 eam
1458 1207 1693 1248 doctoribus

102 1287 184 1314 non
215 1276 367 1326 absque
398 1289 519 1315 causa
552 1276 799 1323 discessisse,
830 1276 901 1314 sed
932 1277 1027 1326 quia
1054 1276 1098 1314 in
1128 1276 1206 1315 hoc
1235 1277 1324 1316 loco
1353 1275 1493 1327 (quem
1522 1272 1692 1312 interim

101 1340 274 1391 aduerti)
304 1354 455 1391 magna
483 1341 590 1379 mihi
618 1340 715 1380 fidei
743 1342 847 1379 ratio
876 1342 1096 1380 consistere
1125 1342 1302 1390 videtur,
1329 1342 1429 1380 adeo
1457 1343 1501 1378 vt
1532 1338 1692 1384 multis,

100 1406 317 1456 praecipue
335 1406 576 1456 Augustino
594 1419 679 1456 cap.
706 1413 749 1454 70
768 1407 892 1456 primi
911 1407 1008 1445 libri
1033 1407 1082 1445 de
1102 1407 1315 1455 Trinitate,
1339 1406 1530 1446 videatur
1549 1406 1584 1443 is
1603 1416 1693 1442 esse
1717 1417 1755 1447 30

100 1471 216 1522 quasi
256 1471 416 1522 ‘regula
454 1471 654 1522 quaedam
692 1485 765 1522 per
803 1485 947 1511 omnes
977 1485 1110 1512 sacras
1140 1474 1364 1523 scripturas
1403 1469 1691 1510 dissoluendae

101 1535 295 1576 videlicet
334 1537 598 1587 quaestionis,
637 1550 718 1587 quo
752 1537 840 1588 ipse
877 1538 1084 1577 Dominus
1122 1537 1177 1576 sit
1215 1538 1353 1576 minor
1392 1537 1516 1576 Patre
1557 1547 1692 1585 quoue

101 1602 313 1652 aequalis,'
344 1605 414 1641 &c.
435 1616 444 1650 ;
473 1603 580 1641 hanc
607 1603 721 1641 enim
748 1602 1055 1642 distinctionem
1075 1603 1327 1653 Apostolum
1352 1602 1411 1641 ibi
1430 1599 1693 1640 manifestius

102 1667 413 1707 commendasse
450 1667 636 1706 insinuat
673 1668 761 1717 ipse
802 1669 1082 1719 Augustinus.
1157 1669 1444 1719 Hieronymus
1484 1667 1610 1705 etiam
1647 1665 1693 1703 in

102 1732 283 1772 editione
321 1744 448 1782 quam
491 1734 798 1771 commentatus
841 1735 914 1781 est,
956 1747 1060 1784 quae
1103 1735 1144 1772 et
1192 1747 1242 1772 ex
1286 1732 1581 1772 emendatione
1623 1732 1695 1768 tua
1715 1742 1753 1773 35

103 1798 303 1847 impressa
331 1798 631 1846 circumfertur,
662 1800 824 1837 textum
852 1799 964 1838 hunc
995 1798 1187 1848 Apostoli
1216 1798 1335 1848 ponit
1364 1798 1441 1836 sub
1470 1797 1530 1835 eis
1559 1795 1696 1835 verbis

104 1863 256 1914 quibus
275 1861 406 1910 vtitur
426 1862 616 1912 Ecclesia,
639 1865 678 1901 et
705 1864 750 1902 in
776 1863 1074 1902 commentario
1100 1864 1222 1903 dicit:
1254 1863 1398 1901 ‘Multi
1421 1863 1533 1901 hunc
1553 1861 1693 1900 locum

106 1929 165 1968 ita
184 1927 430 1977 intelligunt
450 1928 559 1977 quod
579 1928 808 1967 secundum
835 1929 1101 1968 diuinitatem
1121 1942 1164 1968 se
1184 1928 1468 1968 humiliauerit
1489 1927 1690 1973 Christus,

105 1993 333 2033 secundum
366 1991 543 2031 formam
571 1994 764 2032 videlicet
793 1995 1019 2033 secundum
1050 2007 1173 2045 quam
1201 2006 1372 2044 aequam
1403 1992 1695 2043 aequalitatem

104 2058 182 2098 Dei
214 2071 300 2097 non
332 2057 572 2107 (rapinam)
603 2059 873 2109 vsurpauerit,
907 2073 1031 2110 quam
1064 2059 1308 2098 naturaliter
1338 2057 1581 2109 possidebat.
1641 2057 1696 2096 Et
1716 2064 1758 2096 40

105 2124 336 2164 exinaniuit
368 2136 422 2170 se,
458 2137 543 2162 non
577 2125 856 2164 substantiam
893 2138 1098 2164 euacuans
1132 2125 1201 2164 sed
1236 2125 1436 2163 honorem
1469 2123 1693 2169 declinans,

106 2191 282 2230 formam
303 2189 422 2237 serui,
445 2189 523 2228 hoc
550 2194 613 2229 est
638 2192 831 2229 naturam
856 2190 1050 2234 hominis,
1073 2190 1311 2229 induendo.'
1368 2190 1477 2228 Item
1506 2188 1696 2228 Hilarius

106 2255 191 2306 qui,
207 2260 254 2294 vt
269 2255 551 2304 Hieronymus
572 2258 713 2294 contra
734 2255 948 2295 Ruffinum
968 2256 1078 2303 dicit,
1097 2258 1106 2276 ⁴
1118 2255 1326 2295 Homilias
1345 2254 1535 2304 Origenis
1554 2254 1599 2291 in
1620 2252 1697 2291 Iob

104 2321 260 2370 vertit‚’
281 2323 378 2358 &c.:
415 2320 487 2369 qui
515 2322 556 2358 et
585 2320 710 2359 latius
738 2321 782 2359 in
812 2321 1003 2370 operibus
1033 2321 1119 2359 suis
1141 2321 1302 2360 Latinis
1331 2321 1484 2360 Grecas
1512 2318 1695 2357 miscuit.

106 2387 159 2425 In
197 2385 302 2424 libro
346 2386 489 2423 contra
532 2385 822 2424 Constantium
861 2386 1171 2437 Imperatorem,
1211 2386 1440 2424 hereticum
1479 2384 1693 2429 Arianum,
1717 2390 1756 2422 45

106 2453 217 2490 inter
245 2450 334 2497 alia,
360 2449 554 2502 ⁴<Vetas>
585 2451 734 2501 igitur'
760 2452 899 2502 inquit
927 2453 1034 2490 ‘non
1061 2451 1211 2501 scripta
1240 2448 1395 2502 dici[s],
1428 2451 1470 2488 et
1498 2448 1584 2498 ipse
1611 2461 1697 2486 11011

107 2517 272 2566 scriptis
300 2519 443 2555 tamen
470 2516 609 2564 vteris,
643 2529 775 2566 neque
804 2529 905 2566 quae
933 2516 1084 2566 scripta
1112 2518 1211 2555 sunt
1239 2515 1430 2565 loqueris.
1506 2512 1697 2551 Similem

109 2582 173 2620 vis
207 2581 323 2621 Patri
356 2581 512 2620 Filium
543 2580 779 2631 praedicari,
810 2594 861 2619 ne
890 2580 941 2619 ab
965 2581 1167 2631 Apostolo
1201 2580 1356 2628 audias,
1380 2578 1501 2628 “Qui
1531 2590 1625 2616 cum
1653 2577 1698 2615 in

154 2689 203 2719 19.
223 2679 431 2720 blasphemo
443 2681 510 2711 LB:
529 2679 737 2720 plasphema
749 2682 818 2711 MS.
907 2689 958 2718 27.
976 2681 1011 2710 te
1024 2682 1136 2710 addidi
1149 2681 1183 2709 in
1188 2681 1253 2715 fine
1263 2680 1373 2709 lineae.
1463 2687 1516 2715 40.
1534 2675 1697 2715 rapinam

107 2725 336 2760 Hieronymus:
360 2733 418 2754 om.
437 2725 506 2754 MS.
596 2733 650 2761 41.
676 2732 711 2753 se
727 2725 958 2760 Hieronymus:
981 2723 1012 2754 si
1028 2725 1098 2754 MS.
1149 2725 1303 2760 Vsu-unque
1318 2732 1394 2752 corr.
1410 2722 1472 2751 ΕΒ.
1562 2728 1614 2757 43.
1637 2720 1698 2748 Pro

108 2769 233 2798 contra
261 2766 444 2797 Ruffinum
469 2776 521 2803 pr.
546 2776 634 2797 man.
660 2775 729 2804 qua
757 2765 940 2797 Ruffinum
963 2766 1153 2796 verberans
1177 2767 1308 2804 scn‘psit,
1335 2768 1361 2795 ct
1383 2768 1489 2802 postea
1512 2764 1696 2794 emendauit.

108 2809 286 2843 Homilias
302 2812 523 2849 Hieronymus,
539 2813 566 2840 et
584 2813 621 2840 in
639 2812 770 2840 editione
789 2812 987 2840 Erasmiana
1003 2813 1031 2840 et
1043 2811 1077 2842 in
1092 2811 1306 2840 recentioribus
1320 2818 1327 2838 ε
1351 2818 1394 2846 40
1410 2807 1512 2838 milia
1527 2814 1696 2837 versuum

108 2856 176 2886 MS.
331 2853 384 2891 46.
409 2853 518 2883 Vetas
534 2855 608 2883 add.
626 2854 704 2893 αβγ.
816 2852 887 2883 dici
903 2854 981 2892 αβγ.
1093 2862 1164 2884 11011
1180 2852 1325 2892 scriptis
1338 2852 1379 2882 tr]
1396 2852 1438 2885 B:
1464 2859 1538 2881 non
1554 2848 1698 2888 scriptis

108 2898 161 2927 tm
177 2899 246 2928 MS.
264 2907 302 2928 a:
326 2898 448 2927 tamen
465 2905 537 2927 non
555 2896 696 2936 scriptis
711 2907 744 2935 γ.

151 3016 204 3047 35.
230 3007 303 3047 tua]
320 3007 388 3039 vol.
410 3008 456 3038 ix,
471 3006 496 3039 f.
519 3016 578 3046 179
594 3008 643 3037 v0.
941 3003 1086 3043 lautius,
1099 3003 1180 3034 who
1190 3012 1263 3034 was
1278 3011 1298 3033 a
1314 3002 1472 3033 follower
1483 2999 1699 3032 ofRuffinus.

152 3060 205 3090 43.
231 3050 493 3091 Hieronymus]
524 3053 582 3087 Ep.
606 3050 645 3080 61
665 3059 672 3087 ;
710 3050 746 3079 to
775 3046 873 3087 Vigi—
984 3047 1035 3084 48.
1058 3048 1102 3078 ab
1118 3046 1301 3088 Apostolo]
1327 3048 1408 3077 Phil.
1425 3055 1455 3077 2.
1473 3046 1540 3086 6,7.
