2010 3417
288 172 367 209 310
750 165 1000 205 LETTERS
1039 166 1108 204 OF
1146 165 1412 205 ERASMUS
1753 165 1844 220 [151
1855 168 1875 202 6

288 278 436 316 cadens
458 277 502 313 in
524 276 782 314 constantem
802 274 953 313 virum.
1013 274 1159 312 Potius
1180 274 1328 311 citetur
1353 273 1472 312 fucus
1498 275 1539 311 et
1566 276 1706 322 terror,
1731 276 1881 314 cadens

208 348 270 388 670
288 344 330 380 in
363 341 595 390 simplicem
630 353 675 378 ac
708 353 846 378 rerum
879 339 1122 388 imperitum
1154 339 1469 378 adolescentem.
1542 338 1661 377 Adde
1695 341 1802 390 quod
1836 341 1880 378 in

287 405 433 444 multis
451 406 632 455 genuina
652 404 898 454 simplicitas
918 406 991 452 est,
1010 404 1156 443 aetatis
1177 406 1217 442 et
1236 403 1457 454 peculiaris
1477 404 1658 442 naturae.
1707 404 1882 443 Nullum

288 471 354 510 hic
384 471 619 519 discrimen,
658 470 693 509 si
722 469 851 519 pubes
882 469 1007 508 habet
1041 469 1295 519 lanuginem.
1366 469 1486 508 Valet
1520 469 1677 517 votum,
1711 471 1753 507 et
1784 469 1884 508 adeo

288 536 400 575 valet
418 537 463 574 vt
482 535 608 574 huius
628 534 759 584 gratia
779 534 991 572 deseratur
1009 547 1159 583 sponsa
1180 534 1368 572 nondum
1390 533 1564 584 cognita.
1622 533 1656 571 O
1676 532 1812 582 leges!

344 600 524 639 Proinde
553 598 805 647 Florentius,
836 599 1002 649 quando
1035 600 1097 637 tot
1131 598 1340 637 machinis
1370 601 1567 648 perpetuo
1600 598 1811 636 reluctans
1839 610 1886 636 ac

208 673 270 713 675
291 666 519 705 reclamans
538 666 618 704 huc
638 667 854 714 protrusus
881 666 953 712 est,
978 678 1052 703 nec
1077 677 1261 715 vnquam
1288 663 1508 714 quicquam
1528 663 1708 714 gestauit
1727 664 1887 713 praeter

289 732 458 778 vestem,
482 731 552 769 sed
579 730 872 769 conscientiam
901 729 1051 768 habuit
1076 730 1262 778 liberam,
1286 729 1393 767 mihi
1418 729 1584 768 videtur
1613 728 1729 767 nullo
1754 727 1888 766 teneri

290 799 398 844 voto,
441 810 524 834 non
570 796 704 846 magis
749 809 871 845 quam
918 795 953 833 si
997 795 1095 846 quid
1141 797 1261 844 turpe
1304 795 1479 833 iurasset
1522 794 1667 844 pitatis
1707 795 1887 833 mortem

291 861 608 900 intentantibus.
671 861 754 899 Nec
792 861 937 899 dubito
976 861 1078 911 quin
1117 861 1296 899 Romani
1335 860 1555 899 Pontificis
1587 860 1718 909 pietas
1754 858 1890 897 nihilo

292 928 435 966 minus
461 927 515 965 sit
542 927 806 976 indigna-tura
833 926 1042 976 plagiariis
1068 926 1162 964 istis
1189 939 1314 975 quam
1340 925 1524 964 hominis
1543 938 1687 963 causae
1706 925 1883 963 sautura.

211 999 274 1031 680
293 992 424 1040 Dices,
449 992 644 1030 Pontifex
663 991 813 1040 poterit
833 992 955 1029 illum
982 1004 1081 1029 suae
1104 991 1285 1029 libertati
1304 991 1529 1035 restituere,
1552 990 1660 1040 quod
1680 989 1731 1028 ad
1750 989 1889 1027 forum

293 1058 528 1096 humanum
562 1057 726 1104 attinet,
763 1057 926 1107 quando
961 1056 1256 1095 conscientiam
1291 1056 1415 1094 habet
1449 1069 1497 1094 ex
1531 1069 1574 1094 se
1607 1055 1806 1102 liberam3
1846 1055 1889 1092 at

293 1122 512 1161 hominum
533 1121 700 1171 linguas
715 1135 799 1159 non
814 1124 949 1171 potest
968 1135 1236 1171 compescere.
1286 1121 1419 1170 Atqui
1439 1134 1570 1170 quum
1584 1133 1679 1159 vere
1699 1131 1891 1157 summus

293 1188 365 1226 ille
398 1188 593 1227 Pontifex
627 1187 819 1226 ecclesiae
854 1188 1044 1227 Christus
1078 1190 1119 1226 et
1151 1188 1276 1226 huius
1309 1188 1419 1226 haud
1454 1188 1629 1237 degener
1662 1185 1890 1236 discipulus

294 1253 450 1293 Paulus
474 1254 645 1292 doceant
673 1253 885 1291 neminem
913 1267 1003 1292 esse
1029 1253 1309 1297 iudicandum,
1330 1253 1573 1302 praesertim
1602 1253 1647 1290 in
1675 1252 1741 1290 his
1767 1251 1890 1290 rebus

212 1326 274 1367 685
294 1333 399 1370 quae
423 1332 495 1368 per
520 1332 562 1357 se
591 1331 666 1356 nec
695 1318 811 1367 pium
838 1318 996 1357 faciunt
1020 1332 1095 1356 nec
1120 1318 1325 1368 impium;
1360 1320 1468 1356 certe
1494 1319 1661 1356 tantum
1686 1317 1891 1356 momenti

294 1384 461 1422 deberet
487 1384 635 1422 habere
660 1383 815 1421 summi
842 1383 1058 1421 Pontificis
1085 1384 1296 1431 autoritas,
1320 1385 1365 1421 vt
1390 1383 1612 1421 hominum
1641 1382 1893 1432 suspitiones

294 1450 339 1486 in
359 1449 511 1487 bonam
534 1450 693 1497 partem
714 1447 772 1485 ibi
793 1448 1034 1495 deflecteret,
1056 1448 1127 1486 vbi
1150 1449 1257 1486 male
1284 1447 1482 1498 suspicari
1501 1448 1657 1486 vicium
1678 1449 1752 1486 est.
1811 1446 1890 1484 Sed

295 1515 394 1564 quid
426 1514 597 1553 tandem
628 1513 817 1551 futurum
852 1514 914 1551 est
944 1514 993 1552 de
1026 1514 1149 1552 rebus
1179 1513 1386 1561 humanis,
1422 1514 1457 1552 si
1491 1513 1639 1552 talium
1671 1512 1890 1551 hominum

295 1579 465 1618 insulsis
484 1578 647 1617 iudiciis
662 1580 702 1616 et
721 1578 966 1617 scurrilibus
986 1579 1356 1618 obtrectationibus
1371 1582 1567 1628 perpetuo
1584 1578 1893 1627 obsequemur?

213 1652 276 1693 690
295 1644 541 1683 Infirmitati
566 1657 637 1681 seu
663 1643 917 1693 persuasioni
943 1644 1179 1682 inuincibili
1199 1658 1276 1682 nos
1301 1644 1395 1683 vult
1422 1644 1701 1682 obsecundare
1723 1644 1889 1690 Paulus,

295 1710 364 1748 sed
396 1709 445 1747 ad
480 1711 670 1758 tempus:
713 1708 854 1747 stultis
887 1711 1027 1748 autem
1057 1722 1102 1747 ac
1132 1709 1358 1748 maliciosis
1387 1710 1551 1748 iudiciis
1581 1709 1761 1758 obsequi,
1793 1708 1892 1758 quid

293 1775 403 1813 aliud
443 1777 505 1813 est
543 1787 667 1824 quam
709 1774 968 1813 Christianae
1000 1775 1166 1824 pietatis·
1204 1775 1391 1825 vigorem
1431 1776 1634 1813 obruere?
1701 1773 1893 1812 Christus

294 1841 494 1880 hactenus
514 1840 769 1890 obsequutus
789 1841 851 1878 est
871 1841 1044 1888 Caesari,
1067 1840 1174 1890 quod
1200 1840 1325 1879 soluit
1346 1840 1637 1879 didrachmum
1655 1854 1663 1886 ;
1693 1840 1893 1878 hactenus

295 1905 469 1954 Iudaeis,
494 1905 601 1955 quod
622 1904 825 1943 abstinuit
844 1920 866 1944 a
887 1905 988 1944 cibis
1008 1906 1098 1956 lege
1116 1906 1270 1945 vetitis
1330 1906 1389 1944 At
1409 1905 1452 1943 in
1473 1905 1654 1944 sananda
1674 1906 1890 1951 contracta,

216 1978 277 2019 695
295 1971 339 2009 in
361 1970 640 2009 illuminando
660 1983 787 2018 caeco,
812 1971 856 2008 in
876 1971 1132 2010 restituendo
1152 1984 1309 2016 manco,
1326 1972 1370 2009 in
1389 1970 1596 2010 vellendis
1616 1970 1738 2020 spicis
1757 1970 1893 2019 palam

296 2036 490 2086 neglexit,
506 2036 592 2074 imo
606 2036 743 2073 studio
756 2036 993 2085 prouocauit
1006 2036 1248 2075 scandalum
1261 2036 1491 2075 scribarum
1505 2038 1545 2074 et
1559 2036 1893 2074 Pharisaeorum:

296 2101 404 2151 quod
426 2101 470 2139 ni
489 2101 601 2139 idem
620 2100 784 2139 fecisset
806 2101 949 2140 beatus
970 2102 1137 2150 Paulus,
1161 2101 1233 2139 vbi
1256 2114 1365 2140 nunc
1391 2103 1499 2139 esset
1519 2101 1893 2139 Christianismus'?

352 2166 459 2214 Quid
494 2167 633 2204 autem
668 2166 868 2204 obiiciunt
906 2167 1099 2205 homines
1135 2167 1431 2205 stolidissimi?
1498 2166 1697 2215 Deposuit
1734 2167 1892 2203 vestem

297 2230 483 2268 lineam?
539 2230 618 2278 Qui
648 2230 785 2268 sciunt
814 2244 868 2269 an
897 2231 1010 2269 intus
1039 2233 1187 2281 gerat‘?
1244 2232 1299 2269 Et
1329 2231 1365 2269 si
1392 2230 1593 2279 deposuit,
1622 2230 1731 2268 vnde
1757 2231 1893 2268 sciunt

220 2313 282 2345 700
299 2309 398 2345 quas
419 2295 470 2334 ob
491 2308 632 2333 causas
652 2295 916 2344 deposuerit?
945 2296 1055 2334 vnde
1075 2297 1213 2335 sciunt
1240 2309 1419 2346 quorum
1438 2295 1654 2334 autoritate
1674 2295 1715 2333 id
1736 2296 1893 2333 factum

299 2361 352 2399 sit
366 2362 386 2399 ⁶?
442 2361 486 2399 Si
505 2360 708 2407 nesciunt,
729 2374 836 2410 quur
855 2361 1072 2400 iudicant?
1100 2363 1141 2399 et
1168 2361 1204 2399 si
1230 2363 1387 2400 norunt
1405 2361 1483 2398 hoc
1503 2361 1658 2399 summi
1678 2360 1895 2399 Pontificis

298 2425 517 2464 autoritate
536 2425 701 2473 factum,
725 2439 832 2475 quur
857 2438 940 2464 non
967 2428 1162 2464 verentur
1186 2427 1383 2464 damnare
1405 2425 1519 2464 illius
1544 2426 1759 2474 iudicium,
1784 2426 1893 2476 quod

298 2491 398 2529 alibi
418 2490 567 2530 volunt
585 2490 727 2529 haberi
747 2491 1030 2530 inuiolatum?
1086 2491 1167 2530 Vbi
1194 2493 1254 2530 est
1281 2491 1346 2529 hic
1373 2491 1445 2529 illa
1470 2491 1673 2530 mirabilis
1692 2492 1897 2541 totiesque

299 2557 447 2594 iactata
461 2555 704 2604 obedientia,
723 2570 852 2606 quum
865 2570 938 2595 nec
950 2556 1187 2595 auscultant
1200 2557 1379 2604 Christo,
1394 2559 1435 2595 et
1451 2557 1640 2595 ecclesiae
1655 2557 1896 2607 Principem

222 2638 280 2671 705
299 2621 532 2671 Christique
547 2621 749 2659 vicarium
764 2622 979 2660 lacerant?
1018 2623 1101 2660 Vbi
1115 2625 1177 2660 est
1196 2622 1270 2660 illa
1283 2622 1526 2672 simplicitas
1541 2635 1666 2672 quam
1682 2622 1896 2660 incuruata

300 2686 457 2724 ceruice
494 2699 592 2736 prae
630 2700 672 2724 se
710 2686 882 2726 ferunt‘?
946 2687 1031 2725 Vbi
1069 2689 1131 2726 est
1168 2687 1239 2725 ille
1277 2687 1448 2736 spiritus
1480 2688 1639 2726 mundo
1673 2689 1895 2726 mortuus?

301 2752 519 2789 Mittamus
538 2751 648 2790 haec.
707 2751 789 2790 Vbi
815 2755 875 2791 est
902 2752 1149 2801 humanitas,
1173 2752 1243 2791 vbi
1263 2766 1410 2791 sensus
1433 2753 1700 2792 communis?
1756 2753 1894 2802 Quum

301 2817 363 2853 tot
392 2816 476 2854 sint
505 2816 658 2855 scelera
686 2830 771 2855 non
798 2817 866 2855 hic
902 2817 1116 2856 referenda
1142 2831 1244 2868 quae
1274 2818 1375 2867 ipsis
1407 2820 1582 2868 possunt
1611 2818 1742 2864 obiici,
1774 2819 1819 2855 vt
1848 2817 1894 2854 in

302 2880 452 2930 quibus
472 2882 653 2931 quotidie
673 2895 777 2932 pene
796 2882 931 2931 palam
956 2883 1332 2932 deprehenduntur,
1354 2897 1407 2922 ne
1430 2896 1620 2921 moueam
1640 2885 1686 2920 τὰ
1705 2882 1894 2930 ἀπόρρητα

225 2960 285 2993 710
305 2945 363 2981 καὶ
384 2946 548 2995 ἀκίνητα,
565 2949 705 2986 tamen
727 2948 815 2985 sine
836 2948 918 2986 fine
938 2950 1142 2987 mutatam
1158 2951 1316 2987 vestem
1336 2948 1450 2987 velut
1470 2947 1718 2997 inexpiabile
1737 2947 1894 2984 crimen

735 3024 809 3060 674.
836 3023 1039 3054 Florentius
1055 3026 1187 3061 scripsi:
1213 3024 1397 3054 Florentia
1414 3026 1454 3053 H.
