2010 3417
302 134 380 172 196
767 130 1015 170 LETTERS
1054 129 1123 169 OF
1159 129 1428 169 ERASMUS
1770 127 1808 182 [1
1817 138 1839 178 5
1848 141 1862 166 1
1872 130 1899 166 6

298 242 408 280 triui.
481 240 638 279 Verum
663 239 833 288 longam
870 238 1042 276 tandem
1072 249 1233 276 moram
1262 236 1400 276 exitus
1432 237 1534 276 satis
1571 239 1714 287 gratus
1746 239 1810 276 est
1837 238 1898 276 in·

298 307 509 355 sequutus.
568 303 679 353 Ergo
698 302 770 342 vbi
790 302 1021 352 negocium,
1046 301 1315 352 quamobrem
1345 300 1435 352 ipse
1456 313 1663 349 veneram,
1689 302 1739 340 ad
1767 301 1896 341 finem

218 383 279 406 100
298 370 384 410 vidi
413 369 661 419 perductum
689 370 731 406 et
758 367 839 407 alia
871 369 1014 406 tamen
1045 379 1187 405 rursus
1215 379 1267 405 ex
1295 365 1390 406 aliis
1418 366 1542 415 nasci,
1565 379 1668 416 quae
1697 366 1896 416 longioris

296 448 433 473 morae
451 433 691 472 viderentur
710 433 831 472 initia
849 432 999 483 (neque
1018 431 1133 471 enim
1152 444 1338 481 vnquam
1361 431 1472 470 inter
1489 430 1699 482 principes
1718 431 1892 483 desunt),

294 499 403 539 datis
428 499 478 537 ad
506 498 771 537 Cardinalem
799 498 932 537 literis
959 497 1159 536 redeundi
1186 497 1355 536 veniam
1383 496 1605 547 impetraui
1632 496 1767 544 mihi3
1797 509 1900 537 vsus

295 565 345 603 ad
375 577 466 603 eam
494 576 582 601 rem
601 576 693 602 cum
715 565 967 602 caeterorum
987 562 1216 601 amicorum
1239 574 1360 613 opera
1387 563 1481 601 tum
1508 561 1726 612 praecipue
1746 561 1896 602 Paeei:

295 643 430 680 neque
462 628 576 667 enim
605 628 740 667 adhuc
769 628 937 667 abierat.
998 627 1078 667 Sed
1107 628 1209 666 dum
1240 627 1370 675 redeo,
1407 626 1639 667 Grauelinii
1666 626 1806 666 subito
1836 640 1897 666 oc·

216 708 274 739 105
293 695 416 742 curri,
439 694 565 744 idque
584 695 671 732 tam
690 706 861 744 propere
880 692 1100 733 festinanti
1119 695 1166 733 vt
1185 693 1256 732 vix
1275 693 1314 731 ei
1338 693 1488 742 liceret,
1514 693 1614 732 dum
1643 705 1719 731 nos
1747 693 1895 732 mutuo

292 760 578 807 salutaremus,
599 758 836 798 subsistere.
895 759 1123 797 Tunstalus
1139 758 1225 797 iam
1245 758 1481 808 nuperrime
1500 771 1691 797 reuersus
1717 757 1804 797 dies
1823 758 1895 797 vix

293 825 435 864 decem
455 824 524 863 hic
551 826 747 871 moratus,
772 837 846 862 nec
866 823 952 863 vllo
978 826 1119 863 tamen
1142 836 1287 862 eorum
1315 837 1390 873 pro
1416 835 1492 862 suo
1514 822 1685 862 arbitrio
1713 822 1897 861 suauiter

292 892 394 939 acto,
423 890 494 929 sed
513 889 630 927 omni
648 902 696 927 eo
721 891 906 938 tempore
933 889 1053 927 anxie
1081 891 1204 938 atque
1233 889 1372 927 odiose
1400 890 1648 938 consumpto
1676 888 1722 927 in
1749 900 1893 927 earum

292 955 551 1005 expositione
581 967 719 993 rerum
745 967 845 1005 quas
874 954 1034 1004 legatus
1064 954 1109 993 in
1138 953 1347 992 mandatis
1377 953 1585 1001 habuerat,
1621 966 1713 992 ecce
1750 966 1896 993 rursus

215 1036 275 1058 110
294 1021 439 1060 eodem
468 1020 607 1058 subito
634 1033 742 1058 noua
771 1019 978 1070 legatione
1007 1018 1248 1067 retruditur,
1270 1019 1394 1069 idque
1423 1020 1532 1057 certe
1561 1019 1656 1067 scio,
1679 1018 1715 1058 si
1743 1031 1892 1069 negare

291 1086 444 1135 liceret,
468 1085 757 1124 inuitissimus.

347 1151 452 1190 Mihi
485 1163 702 1200 nunquam
728 1150 955 1188 admodum
991 1149 1115 1199 legati
1150 1162 1305 1189 munus
1337 1149 1488 1188 arrisit.
1561 1149 1705 1199 Neque
1729 1148 1897 1187 videtur

290 1217 462 1267 perinde
484 1216 604 1255 nobis
630 1215 745 1255 laicis
764 1228 890 1266 quam
916 1215 1199 1254 sacerdotibus
1219 1215 1440 1254 conuenire
1459 1214 1589 1263 vobis,
1614 1215 1687 1265 qui
1709 1213 1894 1264 primum

289 1295 437 1320 vxores
470 1294 516 1320 ac
544 1281 695 1320 liberos
728 1283 799 1319 aut
828 1280 943 1319 domi
972 1294 1056 1319 non
1085 1280 1245 1319 habetis
1273 1283 1344 1319 aut
1372 1281 1527 1331 vbique
1555 1279 1758 1330 reperitis.
1806 1279 1896 1318 Nos

213 1361 271 1392 115
290 1347 422 1386 sicubi
446 1346 568 1396 paulo
593 1347 802 1396 absumus,
825 1346 1048 1396 coniugum
1071 1346 1262 1396 protinus
1288 1359 1334 1384 ac
1361 1345 1516 1384 sobolis
1540 1345 1753 1395 desyderio
1779 1358 1891 1384 reuo-

291 1425 444 1450 camur.
484 1412 644 1451 Deinde
676 1411 864 1450 sacerdos
884 1425 1016 1461 quum
1037 1411 1256 1459 emittitur,
1280 1413 1411 1449 totam
1431 1411 1638 1449 familiam
1657 1411 1795 1461 potest
1818 1410 1891 1448 vbi

289 1478 392 1516 velit
421 1477 725 1516 circumducere
752 1479 793 1515 et
822 1477 946 1526 regiis
975 1477 1146 1515 interim
1165 1476 1356 1526 expensis
1376 1489 1540 1526 pascere
1560 1489 1663 1526 quos
1682 1476 1797 1514 domi
1824 1489 1893 1525 pa-

287 1545 431 1582 sturus
450 1544 536 1581 erat
556 1542 652 1581 suis.
695 1543 755 1580 At
775 1541 882 1580 mihi
901 1541 1063 1580 absenti
1082 1541 1235 1591 duplex
1254 1541 1400 1580 alenda
1419 1541 1589 1590 familia,
1611 1541 1740 1579 altera
1760 1541 1886 1588 domi,

287 1608 416 1646 altera
434 1621 614 1657 peregre.
684 1606 951 1645 commeatus
981 1607 1085 1645 mihi
1104 1607 1204 1645 satis
1230 1607 1408 1656 benigne
1429 1606 1606 1645 dabatur
1631 1619 1655 1644 a
1679 1606 1787 1657 Rege
1814 1620 1890 1656 pro

210 1688 270 1711 120
288 1686 433 1711 eorum
454 1685 629 1710 numero
649 1684 750 1722 quos
770 1671 895 1711 eduxi
914 1684 1104 1720 mecum;
1143 1685 1290 1710 verum
1314 1684 1459 1710 eorum
1485 1684 1590 1721 quos
1619 1671 1791 1709 interim
1820 1685 1887 1710 ne-

288 1751 397 1777 cesse
417 1738 498 1776 fuit
519 1737 634 1775 domi
653 1737 887 1786 relinquere
907 1736 1024 1775 nulla
1043 1738 1104 1775 est
1123 1737 1264 1776 habita
1282 1737 1412 1775 ratio:
1442 1750 1465 1775 a
1484 1737 1637 1787 quibus
1657 1749 1741 1785 ego,
1765 1750 1890 1786 quan·

287 1816 412 1853 quam
432 1803 514 1841 scis
534 1815 658 1852 quam
679 1802 860 1841 clemens
879 1802 1064 1849 maritus,
1090 1815 1215 1853 quam
1236 1801 1459 1851 indulgens
1479 1803 1604 1851 pater,
1624 1815 1748 1851 quam
1768 1802 1886 1840 mitis

287 1869 493 1916 dominus,
516 1870 655 1906 tamen
686 1881 738 1906 ne
764 1868 975 1906 tantulum
1001 1867 1172 1918 quidem
1198 1867 1315 1917 quiui
1340 1867 1562 1917 impetrare
1582 1869 1628 1906 vt
1647 1879 1740 1905 mea
1769 1880 1887 1907 causa

285 1933 489 1983 tantisper
527 1933 660 1982 quoad
707 1933 878 1971 domum
923 1932 1102 1971 redirem
1135 1932 1264 1970 ieiuni
1301 1932 1585 1982 persisterent.
1665 1933 1886 1971 Postremo

209 2014 244 2035 12
252 2014 267 2045 5
284 1998 565 2038 sacerdotibus
611 1998 799 2037 laborum
837 2000 960 2048 atque
1006 1997 1293 2048 impensarum
1341 1999 1521 2046 gratiam
1564 1998 1886 2037 auctoramentis

284 2063 567 2103 ecclesiasticis
586 2063 764 2112 procliue
778 2065 841 2101 est
861 2063 1120 2113 principibus
1134 2063 1223 2101 sine
1240 2063 1326 2101 vllo
1346 2065 1517 2113 sumptu
1538 2075 1613 2101 suo
1633 2063 1883 2113 rependere;

287 2129 407 2168 nobis
427 2141 560 2179 neque
580 2129 668 2167 tam
688 2128 797 2166 laute
818 2142 952 2178 neque
970 2130 1057 2166 tam
1077 2128 1196 2167 facile
1216 2127 1488 2177 prospicitur:
1519 2141 1757 2177 quanquam
1777 2128 1884 2167 mihi

285 2195 511 2233 reuertenti
536 2195 680 2244 pensio
704 2207 841 2232 annua
870 2193 920 2232 ab
947 2193 1058 2242 Rege
1088 2193 1248 2231 decreta
1277 2194 1349 2241 est,
1373 2205 1500 2242 eaque
1524 2192 1656 2242 plane,
1690 2205 1759 2231 seu
1790 2193 1885 2242 quis

284 2260 484 2298 honorem
514 2261 669 2310 spectet
691 2271 764 2297 seu
784 2259 975 2306 fructum,
1000 2258 1243 2308 neutiquam
1273 2257 1586 2296 contemnenda.
1646 2257 1780 2306 Quam
1808 2271 1884 2308 ego

207 2340 268 2371 130
284 2327 424 2364 tamen
444 2325 645 2364 hactenus
664 2324 861 2369 recusam,
879 2324 1101 2373 videorque
1120 2323 1228 2362 mihi
1248 2325 1444 2373 perpetuo
1460 2325 1724 2361 recusaturus
1744 2337 1753 2369 ;
1773 2323 1881 2373 quod

285 2403 332 2429 ea
352 2392 541 2440 suscepta
561 2403 751 2440 praesens
771 2389 870 2427 haec
890 2402 982 2427 mea
1000 2389 1045 2427 in
1064 2389 1166 2427 vrbe
1186 2389 1379 2436 conditio,
1405 2401 1530 2438 quam
1551 2401 1626 2438 ego
1645 2388 1772 2426 etiam
1801 2402 1881 2427 me-

283 2456 379 2494 liori
398 2457 617 2505 antepono,
638 2457 709 2493 aut
729 2454 836 2492 mihi
857 2454 962 2492 foret
982 2453 1253 2504 relinquenda
1279 2455 1360 2502 aut,
1385 2454 1492 2504 quod
1512 2454 1686 2492 minime
1713 2453 1877 2503 vellem,

283 2534 379 2559 cum
399 2521 537 2570 aliqua
552 2521 708 2559 ciuium
730 2519 955 2558 offensione
976 2519 1209 2558 retinenda:
1241 2519 1394 2568 quibus
1413 2520 1449 2557 si
1469 2532 1550 2568 qua
1565 2532 1660 2557 cum
1673 2519 1876 2570 Principe,

284 2586 392 2636 quod
412 2599 714 2636 nonnunquam
734 2584 892 2633 accidit,
917 2585 1095 2623 oriretur
1118 2584 1167 2622 de
1196 2583 1424 2634 priuilegiis
1450 2584 1620 2634 questio,
1643 2584 1785 2622 minus
1813 2598 1879 2623 me

330 2686 399 2714 104.
425 2677 478 2705 N:
503 2675 702 2706 Granelmii
722 2677 768 2705 B:
791 2674 995 2705 Granelinii
1011 2677 1047 2705 F.
1208 2682 1278 2712 115.
1306 2674 1452 2713 paulum
1468 2675 1509 2704 H.
1669 2683 1739 2713 119.
1766 2675 1876 2704 BLB:

282 2718 426 2749 dabitur
442 2722 537 2749 Loncl.
629 2720 701 2750 126.
726 2728 786 2749 suo
801 2721 875 2749 add.
892 2721 934 2749 H.

328 2809 399 2837 106.
421 2807 631 2846 Tunstalus]
653 2807 708 2837 He
730 2807 793 2837 left
811 2806 974 2837 Brussels
991 2805 1047 2836 for
1114 2806 1152 2846 ii,
1171 2815 1203 2846 p.
1222 2807 1295 2844 875.
1343 2805 1440 2836 More
1458 2815 1530 2837 was
1546 2807 1610 2837 not
1633 2806 1687 2836 for
1703 2805 1786 2844 long
1802 2815 1875 2835 suc-

284 2849 446 2888 England
471 2861 497 2881 c.
520 2861 561 2890 29
577 2851 660 2881 Jan.
680 2851 785 2889 15163
805 2851 868 2880 but
885 2849 1046 2880 received
1115 2849 1244 2880 cessful
1266 2850 1306 2879 in
1324 2850 1494 2889 resisting
1515 2849 1578 2880 the
1595 2848 1692 2889 royal
1717 2849 1874 2887 bounty;

284 2902 303 2922 a
330 2892 426 2923 fresh
456 2895 684 2924 commission
714 2904 759 2924 on
792 2903 831 2932 19
855 2893 934 2924 Feb.
983 2894 1046 2923 See
1115 2893 1158 2923 cf.
1178 2893 1323 2923 Brewer
1338 2893 1376 2923 ii.
1392 2903 1488 2931 4247.

283 2935 428 2966 Brewer
444 2937 480 2965 ii.
502 2938 593 2974 1458,
615 2946 707 2976 1459,
731 2947 823 2975 1574.
1161 2945 1233 2974 131.
1257 2936 1433 2976 conditio]
1480 2935 1576 2966 More
1621 2943 1692 2964 was
1737 2933 1877 2965 Under-

330 2979 400 3009 128.
422 2980 544 3017 pensio
562 2980 697 3020 annua]
717 2981 754 3010 of
766 2981 857 3011 AEroo
872 2991 879 3018 ;
904 2980 1047 3010 Brewer
1115 2979 1249 3010 Sheriff
1263 2979 1300 3010 of
1312 2979 1373 3010 the
1390 2979 1473 3018 city
1489 2979 1527 3010 of
1540 2977 1699 3015 London,
1717 2986 1872 3017 1510-19.
