2010 3417
184 418 240 448 195

183 743 242 765 200

184 1071 243 1101 205

187 1398 246 1420 210

258 166 337 204 298
726 166 977 205 LETTERS
1015 166 1086 206 OF
1124 167 1390 207 ERASMUS
1731 165 1855 219 [1516

259 289 395 314 rerum
415 275 693 313 humanarum
714 274 913 325 imperiti,
938 277 1070 314 semet
1095 275 1335 314 addicerent
1360 276 1483 314 alicui
1503 276 1613 314 vitae
1639 276 1857 323 institut03

259 354 333 378 nec
353 340 433 389 ipsi
452 339 586 378 adhuc
607 340 708 379 satis
729 340 819 378 noti
839 340 920 378 sibi
940 353 986 379 ac
1013 354 1182 390 prorsus
1200 341 1334 391 ignari
1354 341 1474 391 quale
1494 341 1603 379 foret
1623 340 1730 378 illud
1750 341 1859 390 quod

258 405 590 454 aggrederentur.
635 405 850 454 (Nondum
869 406 985 444 enim
999 406 1137 445 vllum
1155 406 1455 445 monasterium
1474 406 1639 444 fuerant
1657 405 1835 454 ingressi
1850 420 1859 453 ;

258 482 333 507 nec
363 470 561 520 suspicari
590 472 782 520 poterant
811 471 1020 520 quodnam
1048 472 1279 511 animantis
1306 485 1438 522 genus
1465 473 1574 510 esset
1602 470 1856 520 monachus).

258 535 393 573 Multo
424 535 557 574 videri
587 536 716 574 satius
746 538 793 575 vt
824 538 917 586 post
947 537 1106 586 aliquot
1135 551 1267 576 annos
1296 538 1341 576 in
1372 537 1521 575 studiis
1554 535 1860 575 honestissimis

258 602 371 638 actos
391 601 682 651 tempestiuius
708 602 786 640 hoc
813 602 1032 651 negocium
1058 604 1259 652 ageretur.
1320 603 1387 641 Ita
1410 615 1498 641 rem
1517 601 1681 640 felicius
1705 613 1859 639 succes-

259 678 410 703 suram.

314 730 435 769 Hanc
455 731 573 781 pueri
592 733 679 770 tam
707 745 791 770 non
818 732 1023 782 puerilem
1049 732 1363 782 responsionem
1389 745 1521 783 quum
1540 733 1654 779 tutor
1674 731 1861 769 debuerit

259 796 499 844 exosculari,
522 797 560 835 si
579 797 644 836 vir
661 798 810 836 fuisset
828 811 922 836 vere
942 797 1035 847 pius
1055 801 1097 837 et
1117 797 1370 848 Euangelica
1389 797 1610 847 prudentia
1627 796 1861 847 praeditus:

260 861 391 900 immo
430 876 561 911 quum
599 863 892 911 adolescentes,
929 863 965 902 si
1001 863 1106 902 forte
1141 863 1421 913 conspexisset
1454 876 1502 902 eo
1539 861 1691 913 puerili
1728 861 1862 900 calore

260 927 561 977 propensiores,
605 928 805 967 remorari
850 928 1050 977 debuerit,
1093 942 1170 967 nec
1214 929 1357 967 statim
1401 929 1569 968 affectui
1612 926 1862 977 temporario

260 992 412 1041 fidere;
450 995 593 1032 tamen
625 994 736 1032 haud
769 995 891 1033 aliter
924 994 1142 1033 incanduit
1174 1008 1300 1044 quam
1330 994 1366 1033 si
1396 1008 1538 1045 pugno
1569 1006 1711 1032 caesus
1739 994 1859 1038 esset,

262 1059 304 1095 et
333 1058 460 1096 homo
490 1059 647 1108 alioqui
675 1059 794 1108 lenis,
817 1062 864 1098 vt
890 1059 1122 1108 videbatur,
1147 1059 1317 1110 ingenii,
1340 1060 1410 1098 hic
1437 1060 1647 1109 impotens
1671 1059 1766 1106 irae,
1790 1057 1863 1097 vix

262 1136 410 1161 manus
439 1123 596 1173 pudore
620 1125 842 1173 continuit,
866 1126 937 1164 sed
962 1125 1068 1164 miro
1097 1125 1317 1175 supercilio
1346 1125 1606 1164 Florentium
1634 1122 1864 1174 appellauit

261 1188 524 1236 nebulonem,
548 1190 718 1239 negauit
738 1190 888 1228 habere
914 1190 1111 1240 spiritum
1139 1191 1342 1240 (agnoscis
1367 1190 1671 1229 monachorum
1691 1188 1859 1238 vocem).

263 1253 489 1292 Abdicauit
508 1254 696 1303 tutelam,
719 1255 925 1294 recusauit
946 1269 1035 1294 esse
1055 1256 1274 1295 fideiussor
1297 1257 1405 1306 apud
1431 1269 1500 1294 eos
1526 1256 1635 1306 apud
1657 1268 1758 1305 quos
1777 1253 1864 1292 illis

261 1319 421 1356 victum
454 1322 620 1367 emerat,
657 1322 834 1359 testatus
867 1323 930 1359 est
964 1321 1072 1360 nihil
1110 1334 1346 1371 superesse:
1389 1321 1471 1372 ipsi
1510 1321 1759 1370 dispicerent
1790 1318 1864 1359 vbi

264 1386 456 1433 caperent
489 1385 641 1424 cibum.
709 1386 790 1425 His
822 1387 998 1436 aliisque
1031 1387 1181 1426 multis
1212 1387 1346 1425 saeuis
1378 1401 1424 1426 ac
1456 1387 1637 1437 plagosis
1667 1385 1864 1424 conuiciis

262 1449 506 1489 verberabat
524 1451 733 1490 minorem
749 1467 758 1499 3
790 1466 893 1502 quae
913 1454 1006 1490 tum
1025 1465 1152 1501 puero
1173 1452 1343 1502 quidem
1362 1452 1627 1491 excutiebant
1647 1452 1862 1502 lacrymas,

263 1514 523 1564 propositum
544 1518 690 1555 tamen
712 1517 861 1556 iudicio
881 1520 1122 1567 susceptum
1141 1531 1226 1556 non
1247 1518 1520 1557 excutiebant.
1575 1518 1585 1537 ‘
1598 1517 1863 1567 Accipimus‘*

264 1579 412 1628 inquit,
442 1581 621 1620 ‘tutelae
641 1582 956 1631 abdicationem,
980 1586 1102 1633 teque
1123 1583 1255 1621 nostri
1275 1596 1371 1622 cura
1391 1583 1642 1621 liberamus.’

319 1644 386 1682 Ita
415 1648 506 1683 tum
536 1646 766 1686 discessum
795 1650 868 1687 est.
929 1649 1058 1686 Tutor
1085 1648 1159 1687 vbi
1188 1649 1385 1699 perspicit
1416 1662 1459 1687 se
1490 1648 1618 1687 minis
1646 1650 1686 1686 et
1715 1647 1864 1697 iurgiis

264 1709 372 1747 nihil
398 1711 607 1760 proficere,
633 1713 803 1751 adhibet
826 1714 997 1752 fratrem
1025 1727 1148 1752 suum
1174 1714 1490 1764 negociatorem,
1521 1715 1570 1752 de
1598 1727 1678 1763 quo
1704 1713 1863 1751 dictum

263 1776 338 1823 est,
370 1776 510 1814 virum
546 1778 649 1816 mire
683 1792 843 1817 comem
877 1781 919 1817 et
949 1778 1345 1829 blandiloquentem.
1402 1778 1660 1817 Conuenitur
1690 1778 1736 1816 in
1768 1777 1864 1817 viri-

268 1840 441 1890 darium,
473 1842 674 1882 iubentur
702 1845 913 1883 considere
946 1845 1075 1894 pueri,
1106 1846 1375 1895 proferuntur
1402 1845 1558 1894 pocula,
1590 1846 1684 1894 post
1712 1843 1865 1882 amicas

265 1906 427 1945 fabulas
447 1911 638 1958 coeptum
658 1911 720 1948 est
740 1910 973 1948 accuratius
999 1910 1128 1949 etiam
1154 1911 1221 1961 agi
1246 1910 1475 1960 negocium,
1497 1910 1568 1948 sed
1588 1910 1669 1948 alia
1688 1909 1859 1948 ratione.

265 1970 426 2010 Blanda
470 1974 619 2023 omnia,
662 1975 798 2013 multa
841 1975 1154 2014 mentiebantur
1195 1976 1245 2014 de
1288 1975 1463 2014 mirifica
1507 1974 1705 2013 felicitate
1748 1974 1864 2012 illius

210 2056 222 2076 ε
265 2035 461 2086 instituti,
498 2039 771 2079 ostendebant
803 2054 1050 2090 magnarum
1084 2055 1224 2079 rerum
1255 2040 1484 2091 praeclaras
1516 2053 1619 2090 spes,
1657 2040 1865 2078 addebant

265 2115 415 2151 preces.
478 2104 586 2152 Quid
607 2107 725 2144 non‘?
782 2106 863 2144 His
889 2106 1090 2145 delinitus
1115 2107 1249 2145 maior
1275 2106 1408 2156 coepit
1432 2106 1647 2151 labascere‚
1667 2105 1863 2144 videlicet

265 2167 421 2206 oblitus
440 2182 526 2207 non
545 2170 673 2208 semel
696 2171 895 2210 deieratae
915 2172 1185 2211 constantiae.
1245 2172 1381 2210 Minor
1401 2171 1537 2209 nihilo
1557 2170 1689 2209 secius
1707 2172 1864 2220 perstat

263 2233 309 2270 in
339 2235 558 2273 sententia.
615 2236 817 2283 Breuiter,
849 2237 1032 2286 perfidus
1062 2237 1132 2275 ille
1161 2237 1325 2286 prodito
1359 2236 1487 2274 fratre
1520 2236 1672 2285 accepit
1703 2236 1860 2285 iugum,

265 2298 335 2336 sed
355 2299 463 2338 clam
483 2301 712 2340 suffuratus
732 2302 767 2340 si
788 2302 887 2351 quid
915 2305 1003 2341 erat
1025 2302 1085 2340 rei
1108 2304 1275 2352 paratae
1291 2318 1300 2350 3
1330 2302 1439 2351 quod
1460 2303 1602 2340 tamen
1621 2301 1687 2339 illi
1706 2314 1864 2340 nouum

266 2377 352 2402 non
384 2368 482 2404 erat.
550 2368 691 2416 Atque
724 2367 788 2405 illi
826 2367 993 2417 quidem
1027 2367 1200 2417 pulchre
1235 2367 1358 2405 cessit
1391 2379 1467 2405 res.
1539 2367 1639 2405 Erat
1671 2367 1785 2405 enim
1817 2369 1864 2406 vt

266 2429 432 2480 ingenio
460 2431 616 2480 tardus,
651 2432 709 2470 ita
738 2446 905 2482 corpore
934 2433 1138 2481 robustus,
1168 2434 1356 2471 attentus
1383 2432 1434 2470 ad
1464 2445 1564 2481 rem,
1597 2432 1655 2470 ibi
1683 2433 1796 2471 vafer
1822 2435 1862 2471 et

266 2495 456 2544 callidus,
503 2497 774 2545 pecuniarum
821 2498 952 2547 furax,
1003 2500 1228 2536 strennuus
1275 2500 1496 2547 compotor,
1543 2511 1618 2536 nec
1665 2499 1864 2537 scortator

266 2561 444 2610 ignauus
460 2576 468 2609 3
507 2562 551 2599 in
580 2576 756 2611 summa,
787 2563 887 2602 adeo
916 2563 1069 2602 minori
1098 2562 1313 2601 dissimilis
1340 2564 1386 2601 vt
1415 2562 1705 2612 supposititius
1732 2563 1864 2602 videri

266 2629 415 2674 posset.
478 2627 561 2665 Nec
581 2628 696 2666 enim
720 2642 907 2679 vnquam
932 2629 1044 2667 aliud
1072 2628 1153 2667 fuit
1177 2641 1375 2678 germano
1402 2641 1526 2677 quam
1548 2629 1684 2666 malus
1703 2628 1859 2678 genius.

189 2706 226 2735 ες,
268 2691 361 2729 Non
400 2692 460 2730 ita
496 2693 632 2731 multo
670 2697 772 2742 post,
808 2695 886 2732 hoc
925 2708 1080 2733 munus
1118 2694 1245 2744 gessit
1283 2694 1391 2732 inter
1424 2706 1519 2732 suos
1555 2694 1716 2733 sodales
1754 2693 1860 2744 quod

191 3028 249 3059 235

268 2756 485 2796 Iscariotes
522 2759 635 2796 inter
671 2760 905 2809 Apostolos.
980 2760 1024 2798 Is
1066 2763 1207 2798 tamen
1245 2759 1318 2798 vbi
1359 2759 1466 2797 vidit
1501 2760 1672 2797 fratrem
1713 2759 1861 2797 misere

268 2822 550 2872 illaqueatum,
584 2826 720 2863 tactus
753 2826 1026 2864 conscientiae
1059 2826 1243 2865 stimulis
1276 2825 1516 2875 deplorabat
1546 2825 1655 2875 quod
1689 2838 1785 2863 eum
1817 2823 1858 2861 in

270 2900 432 2926 nassum
476 2891 732 2938 protractum
771 2892 1030 2940 perdidisset.
1109 2891 1244 2930 Audis
1284 2891 1415 2929 Iudae
1452 2890 1775 2936 confessionem3
1821 2891 1861 2926 et

268 2952 431 2989 vtinam
451 2954 500 2991 ad
521 2955 636 2993 illius
661 2956 896 3006 exemplum
923 2970 1011 2995 sese
1037 2956 1319 3006 suspendisset
1343 2958 1439 2993 ante
1465 2967 1589 3004 quam
1608 2954 1766 2992 facinus
1785 2953 1860 2991 hoc

268 3016 354 3052 tam
374 3015 552 3065 impium
571 3019 822 3058 admitteret.
