2010 3417
103 181 200 236 583]
447 183 600 222 FROM
637 183 909 224 BUDAEUS
944 182 1015 222 ΤΟ
1051 182 1348 222 TUNSTALL
1617 184 1697 221 567

101 291 311 332 doctrinae
356 295 404 332 vt
448 295 645 343 patronos
688 295 729 331 et
775 294 1006 339 assertores,
1047 292 1105 331 sic
1152 292 1362 343 improbos
1407 290 1696 330 obtrectatores

101 357 338 409 elegantiae,
361 358 433 408 qui
458 358 567 397 nihil
592 371 680 397 esse
705 360 894 397 sanctum
918 360 1078 408 putant,
1102 357 1185 396 nisi
1211 357 1399 408 squalore
1422 356 1694 408 sordibusque

101 423 308 461 sermonis
325 423 490 461 horreat
506 439 515 471 3
535 423 686 474 quique
705 423 990 473 philosophiae
1002 423 1092 473 ipsi,
1108 423 1298 461 omnium
1317 422 1520 461 bonarum
1539 421 1693 461 artium
1715 437 1775 468 235

100 488 258 526 auctori
278 490 319 526 et
335 488 642 537 locupletatrici,
659 488 891 526 honestatis
902 488 1197 538 grauitatisque
1213 487 1391 526 antistiti
1405 489 1445 526 et
1461 486 1689 537 interpreti,

102 553 218 591 omni
239 553 372 591 nitore
391 555 513 603 atque
539 552 745 603 elegantia
768 552 990 592 verborum
1017 553 1396 603 sententiarumque
1423 551 1692 591 interdictum

101 631 190 657 esse
210 618 468 657 contendunt
486 620 656 657 senatus
683 617 902 656 orthodoxi
926 618 1148 657 consultis:
1176 619 1247 669 qui
1271 631 1322 656 ex
1347 618 1561 664 maiorum,
1584 617 1692 668 quod

101 683 182 721 dici
212 682 327 729 solet,
357 683 545 733 gentium
570 683 756 732 patribus
779 683 1103 733 conscriptisque
1126 683 1358 732 cogebatur.
1418 683 1502 722 Ceu
1526 695 1635 730 vero,
1657 681 1694 720 si

102 748 265 797 quando
293 760 371 786 vsu
399 748 558 786 venerit
587 749 633 786 vt
668 747 933 798 philosophia
969 747 1013 786 in
1052 761 1241 787 scaenam
1272 760 1345 797 per
1381 746 1692 798 prosopopoeias

100 811 324 850 theatrales
343 812 504 851 exitura
523 813 576 851 sit
606 813 666 862 (vt
684 813 834 851 assolet
862 813 970 862 apud
995 826 1071 851 nos
1096 827 1170 863 per
1195 812 1408 851 licentiam
1435 811 1693 851 scholasticis

99 877 272 916 antehac
297 877 380 915 fere
406 877 613 916 indultam
637 877 888 928 regaliorum
914 878 1040 926 festis,
1064 891 1166 928 quae
1193 877 1446 928 theophania
1464 876 1691 926 vocantur),

101 955 185 980 non
212 943 411 992 tragicam
436 942 503 980 illi
527 955 746 992 personam
771 942 972 993 choragus
1001 946 1072 981 aut
1097 944 1394 993 praetextatam
1422 942 1602 987 induere,
1623 941 1693 980 sed

99 1009 283 1058 togatam
302 1010 343 1046 et
361 1007 620 1058 planipedem
641 1010 763 1058 atque
782 1008 882 1047 adeo
902 1008 1179 1047 tabernariam
1200 1007 1356 1047 debeat.

154 1071 281 1111 quat
317 1072 444 1123 igitur
480 1072 580 1111 haec
618 1085 685 1111 me
722 1072 927 1122 legentem
963 1073 1295 1112 animaduertere
1325 1073 1571 1112 Stoicastros
1599 1071 1694 1110 illos

101 1137 357 1176 barbaricam
428 1138 722 1187 loquacitatem
795 1140 917 1177 antea
980 1137 1236 1188 populariter
1299 1137 1693 1187 clamitatricemque

99 1202 314 1252 professos,
355 1202 414 1240 ita
452 1215 564 1241 nunc
601 1216 697 1241 cum
736 1202 821 1241 suis
855 1203 1160 1242 cauillamentis
1193 1216 1215 1241 e
1244 1203 1459 1242 doctorum
1497 1202 1694 1241 classibus

99 1269 287 1319 explosos
325 1269 446 1318 atque
475 1268 575 1306 adeo
608 1268 658 1306 de
691 1270 815 1318 ponte
844 1268 976 1308 literis
1007 1269 1324 1319 suffragantium
1362 1281 1449 1307 esse
1487 1267 1693 1315 deiect0s3

100 1337 145 1372 vt
174 1334 245 1384 qui
273 1334 389 1384 prius
420 1346 556 1372 arcem
580 1335 721 1371 tenere
742 1333 1028 1384 philosophiae
1056 1334 1306 1384 putabantur
1336 1335 1377 1371 et
1399 1333 1692 1383 suffragiorum

98 1398 429 1450 praerogatiuam
456 1397 502 1435 in
532 1397 761 1446 disciplinis
788 1398 948 1447 habere,
981 1411 1094 1437 nunc
1132 1398 1336 1437 Saturniis
1373 1397 1494 1436 lemis
1523 1397 1695 1447 caligare
1738 1412 1753 1441 5

98 1464 161 1512 (vt
187 1462 405 1513 prouerbio
430 1462 629 1511 alludam)
647 1463 699 1501 ab
719 1462 915 1501 omnibus
936 1463 1205 1511 dictitentur3
1235 1463 1288 1501 iis
1307 1462 1476 1512 quidem
1496 1464 1605 1500 certe
1625 1463 1695 1511 qui

97 1527 236 1577 aliquo
257 1541 344 1566 sese
365 1540 538 1566 numero
557 1527 692 1566 videri
716 1527 825 1566 inter
852 1527 1038 1567 literatos
1058 1529 1218 1567 volunt.
1296 1527 1449 1577 Ecquis
1473 1528 1535 1565 est
1555 1529 1694 1565 autem

97 1596 185 1632 tam
203 1592 389 1632 aduersis
408 1592 563 1632 Gratiis
582 1594 714 1639 natus,
741 1593 807 1630 cui
825 1593 910 1632 iam
929 1607 1015 1632 non
1041 1594 1203 1632 sordeat
1226 1593 1393 1643 pinguis
1418 1592 1491 1630 illa
1515 1605 1560 1630 ac
1583 1594 1693 1630 tene-

96 1659 258 1698 bricosa
276 1658 473 1707 Minerua,
497 1671 548 1696 ex
567 1671 647 1708 quo
666 1658 808 1697 literae
827 1672 987 1709 quoque
1007 1671 1140 1697 sacrae
1155 1658 1321 1697 Erasmi
1331 1657 1538 1696 industria
1552 1657 1692 1705 tersae,

1714 763 1775 793 240

1714 1087 1773 1118 245

99 1723 355 1762 mundiciem
373 1723 552 1773 priscam
572 1722 914 1773 splendoremque
927 1724 1200 1772 receperunt?
1255 1723 1499 1772 Quanquam
1513 1721 1555 1760 id
1569 1721 1693 1771 longe
1735 1734 1773 1766 55

98 1788 235 1827 maius
253 1790 316 1827 est
335 1788 444 1838 quod
461 1788 572 1826 idem
584 1787 727 1826 eadem
740 1800 860 1837 opera
873 1788 1091 1838 praestitit,
1106 1790 1152 1827 vt
1164 1788 1315 1826 veritas
1333 1787 1422 1837 ipsa
1440 1788 1693 1826 sacrosancta

99 1866 150 1892 ex
198 1852 436 1903 Cimmeriis
479 1852 565 1890 illis
610 1852 792 1891 tenebris
832 1854 1083 1903 emergeret3
1130 1852 1292 1892 etiamsi
1341 1851 1527 1891 nondum
1570 1851 1694 1901 plane

97 1918 305 1968 theologia
341 1931 363 1956 e
404 1916 565 1956 scholae
601 1916 846 1967 sophisticae
883 1917 1031 1968 pedore
1068 1917 1232 1956 enituit.
1300 1917 1418 1966 Quod
1456 1916 1492 1955 si
1530 1915 1692 1966 quando

98 1984 255 2022 factum
292 1982 430 2031 fuerit,
471 1982 597 2020 seculi
633 1982 776 2033 vtique
817 1982 950 2021 nostri
989 1982 1228 2032 primordiis
1266 1982 1492 2021 debebitur.
1575 1983 1693 2021 Certe

98 2049 298 2088 hactenus
316 2048 401 2086 iam
421 2047 651 2098 profectum
671 2050 745 2097 est,
770 2048 817 2086 vt
834 2060 977 2086 eorum
994 2048 1149 2097 partim
1171 2048 1327 2086 fastum
1345 2047 1467 2086 illum
1487 2047 1696 2097 supercilii

97 2126 248 2164 ponere
265 2112 484 2152 videantur
498 2125 759 2162 erroremque
769 2112 887 2150 taciti
898 2125 1115 2162 agnoscere
1130 2127 1140 2152 :
1158 2112 1311 2163 partim
1322 2112 1473 2163 quibus
1483 2112 1695 2163 integrum

98 2181 160 2218 est
187 2191 261 2229 per
288 2179 464 2216 aetatem
491 2179 532 2215 et
560 2177 672 2215 vitae
709 2176 964 2225 institutum,
997 2177 1122 2216 sortis
1159 2190 1254 2216 suae
1290 2177 1551 2226 poenitentes
1580 2190 1690 2215 nunc

99 2244 240 2283 literas
267 2242 458 2281 meliores
487 2254 692 2292 capessere
725 2244 766 2280 et
794 2242 987 2292 amplecti
1017 2242 1148 2292 iisque
1185 2242 1441 2292 patrocinari.
1502 2242 1689 2281 Eandem

98 2322 122 2347 a
140 2321 208 2347 me
227 2320 392 2357 operam
411 2307 456 2345 in
469 2306 601 2345 literis
615 2306 751 2345 ciuilis
765 2307 1004 2356 prudentiae
1017 2307 1161 2346 eodem
1177 2320 1271 2345 cum
1286 2320 1476 2346 successu
1495 2308 1692 2345 nauatam

100 2385 198 2421 esse,
231 2375 410 2418 tuarum,
443 2374 489 2410 vt
522 2385 650 2421 spero,
686 2372 901 2410 literarum
931 2371 1063 2422 elogio
1093 2371 1138 2410 in
1170 2374 1383 2422 posterum
1420 2371 1617 2419 credetur,
1657 2371 1693 2410 si

99 2437 263 2487 quando
280 2437 326 2475 in
345 2436 559 2487 publicum
577 2436 763 2475 exierint.

153 2504 216 2540 Ac
253 2501 359 2539 mihi
387 2501 555 2551 quidem
592 2502 692 2539 haec
729 2501 934 2549 scribenti,
970 2501 1100 2540 ridere
1133 2514 1275 2540 eorum
1308 2501 1535 2540 vanitatem
1568 2501 1689 2551 atque

101 2567 280 2616 ineptias
298 2566 420 2613 subit,
442 2566 513 2616 qui
533 2566 656 2604 obuio
675 2566 821 2616 cuique
846 2566 897 2604 ab
919 2568 1085 2616 aspectu
1105 2568 1176 2604 aut
1194 2566 1385 2615 ingressu
1405 2566 1584 2605 statuere
1604 2578 1690 2615 pre-

100 2633 212 2671 cium
241 2633 283 2670 et
309 2631 640 2670 aestimationem
668 2630 814 2670 solent.
873 2631 955 2670 Hic
983 2631 1108 2670 verba
1137 2632 1177 2669 et
1204 2631 1456 2669 sententiam
1486 2630 1688 2680 vsurpabo

100 2697 313 2736 cuiusdam
341 2695 421 2734 viri
449 2696 597 2746 grauis,
629 2695 792 2734 solertis
819 2695 1039 2734 hominum
1067 2695 1356 2743 aestimat-oris,
1388 2695 1458 2745 qui
1491 2695 1600 2733 haud
1633 2694 1690 2733 ita

144 2790 219 2819 244.
246 2781 282 2810 et
296 2778 521 2820 planipedem
537 2781 612 2809 add.
629 2780 664 2813 β.
752 2779 827 2817 246.
854 2778 1201 2817 clamitatricemque
1217 2781 1290 2809 add.
1305 2780 1339 2813 β.
1430 2778 1504 2816 248.
1530 2777 1691 2817 explosos

100 2827 175 2855 add.
208 2824 241 2858 β.
376 2822 493 2853 literis
526 2821 800 2861 suffragantium
830 2831 888 2852 om.
922 2822 955 2855 β.
1137 2830 1210 2860 252.
1236 2821 1361 2852 volunt
1394 2823 1422 2851 D
1439 2831 1447 2851 :
1481 2821 1631 2860 cupiunt
1653 2822 1686 2854 β.

101 2876 176 2906 255.
200 2866 422 2897 munditiam
438 2867 472 2900 β.
627 2865 701 2903 263.
728 2865 846 2904 iisque
861 2865 1081 2905 patrocinari
1097 2867 1171 2895 add.
1189 2865 1224 2899 β.
1384 2865 1458 2895 266.
1482 2864 1627 2904 quando
1640 2865 1669 2895 D
1685 2875 1692 2894 :

101 2911 185 2941 illae
201 2909 393 2948 aliquando
409 2910 443 2943 β.
578 2909 650 2939 268.
675 2908 787 2940 subiit
802 2909 836 2942 β.

144 2996 218 3025 250.
243 2985 438 3026 Saturniis]
464 2984 516 3016 Cf.
534 2985 598 3024 Ep.
618 2993 691 3023 522.
715 2993 774 3022 124
790 2994 826 3015 n.
934 2984 977 3015 cf.
996 2984 1083 3024 Epp.
1099 2993 1172 3023 522.
1190 2992 1252 3023 109
1263 2993 1346 3023 seq.,
1361 2992 1436 3022 531.
1452 2983 1517 3023 556
1533 2992 1602 3022 seq.
1620 2983 1692 3014 and

145 3040 220 3069 270.
241 3030 312 3060 viri
335 3027 469 3069 grauis]
503 3028 660 3069 Perhaps
684 3027 869 3067 Poncher;
934 3029 1008 3067 569.
1023 3036 1065 3066 34
1079 3036 1152 3067 seq.

1716 2050 1778 2081 260

1715 2370 1774 2411 265
