2010 3417
95 148 192 204 493]
511 150 664 189 FRoM
701 149 969 189 WILLIAM
1006 150 1277 189 BUDAEUS
1605 151 1684 188 397

92 261 134 298 te
172 273 317 299 omnes
350 272 437 299 esse
469 259 686 307 mirantur.
724 271 939 309 nunquam
973 258 1190 298 fatiscente
1222 258 1388 306 animo;
1428 259 1580 309 quippe
1612 260 1684 309 qui

93 339 308 376 nunquam
336 325 544 376 specimen
569 325 634 363 sui
660 338 683 363 a
705 337 795 363 sese
824 323 1006 374 exegerit
1032 325 1074 362 et
1097 324 1170 375 qui
1193 323 1357 362 assiduo
1382 323 1521 363 labore
1544 325 1683 374 potius

93 404 217 442 quam
256 391 420 429 intenso
460 391 758 429 documentum
791 390 858 428 sui
886 389 1093 439 praebeat,
1124 389 1202 428 etsi
1239 389 1280 428 id
1315 389 1422 428 alius
1454 391 1615 439 praeter
1642 392 1684 429 te

93 469 216 494 nemo
236 456 389 495 efficere
407 456 577 505 perinde
604 457 735 505 queat.
796 455 999 504 Equidem
1028 454 1233 492 calamum
1254 455 1452 493 deducere
1474 467 1615 493 meum
1633 455 1682 494 ad

92 521 209 571 vulgi
227 520 511 560 humilitatem
532 533 618 559 non
643 522 732 559 tam
758 519 876 558 facile
902 519 1010 558 mihi
1034 519 1320 570 persuaserim,
1345 532 1442 558 cum
1461 519 1560 559 haec
1581 521 1685 566 ἀξιω-

93 587 229 636 ματικὰ
262 585 405 633 scribo,
436 598 520 624 non
555 599 577 623 e
607 585 745 624 medio
777 586 953 634 sumpta,
986 597 1110 634 quam
1145 585 1195 622 ad
1228 597 1372 623 eorum
1405 585 1685 624 imitationem

94 651 341 691 concinnare
370 650 442 700 qui
470 650 787 689 admirationem
818 649 883 688 sui
913 650 1088 699 posteris
1115 648 1386 698 reliquerunt.
1448 650 1492 688 Si
1520 652 1685 689 annota-

92 717 228 757 tiones
246 715 330 754 iam
350 715 420 753 diu
441 715 594 754 desitas
612 714 832 765 aliquando
853 726 1119 764 resumpsere,
1137 713 1372 752 deductiore
1389 714 1460 752 filo
1479 715 1685 754 Vtendum
1728 730 1745 761 3

95 795 182 821 esse
193 781 432 829 meminero,
450 781 492 819 in
507 794 553 820 ea
564 782 727 819 textura
744 792 848 830 quae
859 778 1047 829 populari
1060 778 1219 817 trutina
1234 778 1406 817 omnino
1420 781 1687 829 expendenda

94 848 158 886 est
174 863 183 895 3
212 845 328 895 copia
348 845 538 884 neutrobi
558 845 734 893 deficior,
756 847 803 883 vt
823 843 1007 883 arbitror.

149 912 227 952 Sed
249 912 349 949 haec
367 911 447 949 tibi
465 910 680 949 fastidium
706 910 912 960 peperisse
929 908 1110 956 videtur,
1130 908 1256 946 etiam
1277 908 1312 946 si
1337 908 1444 946 mihi
1463 909 1686 960 indulgens

93 977 276 1016 alienum
313 976 447 1027 magis
484 975 684 1015 iudicium
727 987 852 1025 quam
897 977 1019 1012 tuum
1057 973 1301 1023 interponis.
1379 973 1537 1012 Eodem
1580 977 1686 1014 certe

93 1043 316 1090 tendimus,
352 1041 434 1080 nisi
467 1041 703 1080 coniectura
735 1053 802 1078 me
837 1038 957 1078 fallit.
1030 1038 1106 1076 Καὶ
1138 1039 1211 1091 γάρ
1243 1056 1300 1076 τοι
1335 1038 1444 1083 δόξαν
1477 1040 1590 1089 ἄμφω
1623 1042 1688 1077 οὔκ

95 1108 243 1155 εἰκαίαν,
268 1109 310 1145 οὗ
328 1107 395 1155 τὴν
412 1109 609 1158 τυχοῦσαν,
632 1104 705 1143 οὐδ’
724 1107 771 1146 ὡς
794 1104 838 1143 ἂν
861 1105 969 1156 τύχοι
994 1104 1156 1154 μέτιμεν.
1218 1104 1270 1145 Σὺ
1293 1104 1331 1141 δὲ
1357 1104 1402 1153 δὴ
1428 1105 1488 1142 καὶ
1506 1105 1685 1154 μεταθεῖς,

95 1174 165 1224 qui
197 1185 413 1222 nunquam
445 1170 742 1221 interquieseis.
810 1168 964 1219 Ἀμέλει
998 1170 1212 1219 ἐφάμιλλον
1240 1170 1305 1207 τὸν
1342 1171 1466 1221 ἀγῶνα
1493 1171 1638 1208 τουτονὶ
1665 1172 1688 1219 ἦ

94 1241 166 1277 τῶν
185 1238 224 1277 ἐν
242 1238 419 1287 ἀξιώματι
437 1240 487 1288 τῷ
505 1238 571 1286 τῆς
588 1236 752 1276 παιδείας
771 1236 929 1284 μίμησις
947 1236 1036 1284 ἡμῖν
1055 1252 1095 1272 τε
1115 1235 1175 1272 καὶ
1200 1237 1296 1272 πᾶσι
1315 1237 1392 1275 τοῖς
1416 1252 1460 1286 γε
1487 1238 1552 1273 τοῦ
1573 1238 1688 1273 καλοῖΙ

96 1305 327 1357 ὀρεγομένοις
349 1303 527 1352 ἀπέφηνε·
571 1302 648 1350 κᾶν,
686 1302 713 1339 ὦ
741 1301 1033 1351 φιλοσώκρατες,
1066 1300 1114 1338 σὺ
1144 1299 1325 1349 redigere
1357 1302 1397 1338 te
1425 1300 1471 1338 in
1501 1301 1688 1339 ordinenl

96 1383 182 1408 non
210 1368 377 1419 illepide
406 1368 565 1406 dudum
595 1367 788 1416 coeperis,
825 1380 905 1416 quo
937 1365 1178 1416 theologum
1206 1365 1338 1415 magis
1367 1378 1464 1415 agas
1497 1368 1568 1404 aut
1599 1366 1690 1405 istis

94 1434 300 1484 theologis
327 1435 444 1472 tuam
468 1433 616 1483 probes
644 1431 907 1470 industriam.
968 1431 1019 1470 Id
1038 1431 1167 1469 etiam
1185 1432 1244 1478 tu⁷
1271 1430 1307 1469 si
1331 1430 1412 1468 diis
1430 1430 1573 1480 placet,
1596 1444 1691 1469 cum

95 1500 146 1539 ad
165 1512 233 1537 me
251 1499 436 1538 scribens
454 1497 615 1548 placere
634 1510 701 1536 me
721 1496 828 1535 mihi
845 1497 974 1535 iubes.

150 1564 268 1614 Quod
294 1565 435 1602 autem
460 1564 503 1602 τὸ
529 1563 785 1613 φιλοσόφημα
809 1562 946 1612 τούμὸν
974 1563 1016 1599 τὸ
1047 1562 1139 1599 κατὰ
1164 1562 1206 1599 τὸ
1231 1562 1340 1601 τέλος
1359 1559 1525 1612 ἐσχάτης
1544 1561 1690 1610 βίβλου

97 1630 201 1668 οὐδὲν
228 1630 433 1679 προσήκειν
456 1629 548 1678 πρὸς
572 1628 640 1677 τὴν
665 1628 845 1666 ὑπόθεσιν
870 1630 935 1666 τοῦ
960 1627 1148 1676 ἀσσαρίου
1173 1627 1274 1665 δοκεῖ
1293 1625 1366 1675 (Sic
1395 1627 1511 1664 enim
1539 1626 1691 1665 sentire

96 1695 264 1745 videre),
301 1694 373 1744 qui
412 1694 553 1733 minus
591 1694 699 1732 mihi
738 1706 862 1743 quam
900 1692 980 1731 tibi
1018 1694 1257 1731 connectere
1290 1705 1355 1730 res
1388 1691 1692 1730 diuersissimas
1712 1697 1746 1727 2:

96 1760 248 1799 licuit?
302 1759 365 1797 Tu
394 1758 556 1797 Silenos
581 1761 622 1797 et
646 1758 810 1808 Paulos⁷
837 1770 1033 1808 personas
1060 1758 1170 1796 inter
1198 1770 1242 1795 se
1271 1756 1530 1804 dissidentes,
1563 1756 1691 1806 plani-

96 1826 304 1877 pedesque
319 1824 555 1874 petulantes
574 1837 670 1862 cum
684 1823 849 1862 heroica
865 1823 1079 1874 grauitate,
1097 1824 1136 1860 et
1150 1821 1356 1860 Liberalia
1376 1834 1472 1859 cum
1491 1820 1692 1860 Elusiniis

97 1891 220 1930 istius
252 1889 467 1928 facundiae
501 1890 665 1939 glutino
699 1888 912 1938 copulasti,
947 1888 998 1926 ad
1031 1900 1214 1937 vnguem
1247 1887 1387 1925 exacta
1424 1886 1693 1925 commissura

98 1956 319 2006 oculosque
340 1955 535 2002 fallente;
564 1954 880 2003 versatilemque
906 1952 1063 1991 ibidem
1089 1965 1256 1991 scenam
1284 1951 1433 1990 mundi
1460 1952 1691 1999 ostendens⁷

99 2034 230 2060 nouas
258 2034 398 2059 rerum
428 2020 553 2058 facies
586 2022 628 2058 et
660 2021 780 2058 antea
814 2018 1024 2058 inauditas
1060 2017 1329 2067 stupentibus
1358 2017 1479 2056 nobis
1512 2017 1690 2056 edidisti.

99 2087 147 2125 Τι’
168 2089 283 2125 ταῦτα
310 2086 402 2135 πρὸς
429 2086 493 2124 τὸν
521 2085 702 2134 Σειληνὸν
726 2083 750 2134 ἢ
778 2084 870 2134 πρὸς
897 2085 1007 2122 αὐτὸν
1030 2085 1094 2122 τὸν
1122 2083 1307 2121 Διόνυσον
1320 2099 1332 2125 ,·
1363 2082 1480 2121 Adeo
1506 2095 1583 2132 pro
1611 2082 1694 2121 aris

99 2151 374 2191 sanctissimis
398 2151 639 2189 concionem
662 2149 882 2188 habiturus
908 2162 994 2188 non
1019 2148 1222 2187 dubitasti
1247 2148 1315 2196 τὴν
1341 2148 1516 2198 ἀφορμὴν
1541 2147 1695 2186 thema-

100 2231 195 2267 que,
227 2218 275 2256 vt
307 2216 437 2263 aiunt,
475 2215 614 2266 ipsum
651 2215 702 2253 ab
734 2213 1067 2264 ithyphallorum
1105 2213 1406 2264 propemodum
1443 2212 1695 2251 carminibus

100 2282 309 2330 mutuari;
338 2281 462 2334 idque
486 2281 532 2318 in
558 2293 648 2319 rem
667 2281 786 2318 tuam
811 2279 922 2318 haud
951 2279 1073 2318 dubie
1100 2278 1303 2328 singulari
1328 2277 1495 2316 solertia
1517 2277 1690 2316 vertisti.

102 2345 210 2395 Quid
240 2346 367 2384 huius
399 2346 536 2384 simile
568 2346 613 2383 in
645 2358 738 2383 meo
771 2345 878 2383 Asse
908 2344 1081 2394 legisti?
1119 2344 1234 2382 cuius
1264 2343 1377 2381 hunc
1407 2356 1494 2381 esse
1526 2355 1694 2392 scopum

102 2410 335 2460 intelligere
363 2413 403 2449 te
432 2410 539 2460 volo,
560 2412 608 2450 vt
636 2409 852 2460 patefactis
879 2409 1004 2460 prisci
1032 2408 1125 2447 aeui
1155 2408 1396 2447 conditoriis
1426 2406 1696 2456 claustrisque

104 2475 300 2514 omnibus
320 2476 507 2514 reseratis
524 2475 828 2525 Aegyptiorum
848 2486 945 2523 opes
964 2476 1005 2512 et
1026 2473 1314 2520 Chaldeorum,
1337 2474 1383 2510 vt
1410 2472 1541 2521 elogia
1559 2472 1697 2509 vestra

105 2540 344 2590 loquuntur,
377 2540 499 2590 longo
532 2539 752 2579 interuallo
782 2541 997 2589 promptas
1031 2539 1077 2577 in
1109 2538 1405 2588 publicumque
1438 2535 1620 2586 prolatas
1651 2548 1696 2574 ac

106 2618 199 2644 aere
227 2605 347 2643 nobis
370 2605 531 2655 aequali
558 2605 796 2644 aestimatas
823 2604 874 2642 ab
903 2617 986 2642 vno
1012 2616 1081 2642 me
1111 2602 1330 2652 collybista
1357 2600 1491 2639 multo
1520 2600 1698 2638 maiores

106 2670 234 2709 fuisse
271 2669 534 2708 ostenderem
570 2669 793 2708 hominum
839 2668 1058 2718 opinione3
1105 2670 1146 2706 et
1191 2680 1259 2705 eas
1302 2668 1443 2704 tamen
1485 2663 1697 2714 quanlibet

152 2751 226 2781 228.
251 2751 430 2780 mirentur
445 2750 479 2783 β.
569 2758 642 2788 229.
669 2749 725 2779 sui
743 2747 776 2778 0²
793 2759 800 2779 :
825 2749 880 2779 tui
898 2747 943 2779 0¹.
1036 2757 1111 2787 231.
1136 2746 1287 2786 perinde
1304 2748 1378 2777 add.
1396 2747 1430 2780 β.
1521 2745 1596 2783 236.
1623 2753 1698 2775 esse

110 2795 179 2829 013:
205 2803 263 2824 om.
281 2795 318 2824 F.
474 2802 547 2831 237.
575 2793 645 2826 CB:
671 2792 909 2830 neutrobique
926 2794 962 2822 F.
1112 2799 1185 2829 240.
1210 2789 1311 2820 fallat
1327 2790 1361 2823 β.
1509 2797 1583 2827 243.
1611 2787 1698 2823 0¹8:

106 2836 225 2868 παιδίας
242 2835 286 2868 0⁰.
376 2846 450 2875 244.
478 2837 520 2871 CB
538 2847 546 2867 z
568 2833 709 2876 ἀπέφῃνε
726 2837 763 2865 F.
864 2835 938 2872 246.
963 2833 1131 2873 approbes
1147 2834 1181 2867 β.
1270 2841 1344 2872 252.
1369 2831 1572 2872 petulantes
1588 2841 1646 2862 om.
1663 2832 1701 2865 β.

107 2882 186 2916 σβε
215 2879 411 2911 Eleusiniis
433 2881 470 2910 F.
705 2886 781 2918 259.
814 2877 989 2918 singulari
1013 2877 1156 2908 solertia
1179 2878 1253 2907 add.
1271 2877 1305 2911 β.
1535 2875 1609 2906 262.
1643 2873 1697 2905 θ’·ἐ

104 2933 268 2956 reserans
292 2923 337 2954 0¹.

521 3008 594 3039 235.
619 2998 839 3040 deductiore]
865 2997 915 3031 Cf.
937 2998 1025 3029 Hor.
1045 3000 1102 3035 Ep.
1122 3007 1150 3029 2.
1173 3007 1198 3028 1.
1219 3007 1292 3036 225.

1708 404 1767 435 230

1709 1056 1769 1087 240

1711 1381 1769 1412 245

1716 2340 1776 2371 260

1719 2663 1777 2705 265
