2010 3417
136 157 235 212 447]
534 162 604 201 TO
642 162 988 204 LAMBERTUS
1028 165 1327 206 GRUNNIUS
1645 169 1724 208 305

134 270 302 309 odorem
345 271 569 310 efferentur
614 272 721 322 quod
765 272 812 310 in
855 273 1073 314 funeribus
1116 274 1246 314 soleat
1283 276 1460 316 accendi.
1538 278 1725 327 Quodam

134 338 321 386 tempore
364 349 494 386 quum
539 335 777 376 Florentius
821 339 975 377 viseret
1016 340 1198 378 amicum
1236 341 1458 390 eruditum,
1501 342 1582 382 duo
1618 343 1724 383 forte
1743 343 1807 382 480

134 400 249 439 obuii
285 401 456 441 lenones
494 404 566 440 aut
603 404 712 441 certe
748 403 945 442 satellites
978 404 1148 443 vocibus
1183 405 1288 444 mire
1320 406 1648 456 parricidialibus
1679 423 1724 448 ac

132 465 289 505 strictis
315 466 463 516 gladiis
486 469 604 505 erant
631 468 770 516 ipsum
797 468 980 518 occisuri,
1006 469 1086 508 nisi
1111 471 1300 510 matrona
1323 473 1587 512 commodum
1615 487 1724 523 prae-

131 531 287 570 teriens
311 531 407 570 illos
432 531 714 570 admonuisset
740 546 825 571 non
851 534 1032 584 chirurgi
1053 535 1123 573 sed
1148 535 1413 575 ecclesiastici
1437 538 1597 577 cultum
1622 552 1719 578 esse.

134 596 218 635 Nec
247 596 310 635 illi
343 599 486 635 tamen
515 596 758 636 desinebant
788 598 963 637 fremere
996 612 1070 637 nec
1102 599 1260 648 gladios
1293 601 1566 641 recondebant
1597 603 1724 643 donec

133 661 309 711 pulsatis
336 661 494 700 foribus
522 660 637 710 (nam
667 662 816 701 domus
842 664 930 701 erat
954 663 998 701 in
1024 664 1228 713 proximo)
1253 665 1364 704 intro
1390 669 1575 717 receptus
1603 670 1720 707 esset.
1742 669 1802 709 485

132 726 230 765 Alio
249 727 427 776 quodam
448 726 514 764 die
533 725 692 765 visebat
711 727 911 776 quosdam
931 727 1091 767 sodales
1113 731 1411 769 conterraneos,
1474 731 1539 770 Ibi
1559 736 1725 784 repente

130 791 179 830 fit
197 791 379 841 vndique
399 804 618 830 concursus
638 804 733 830 cum
754 793 862 831 saxis
887 805 934 831 ac
951 792 1144 842 fustibus,
1167 794 1323 834 furioso
1349 796 1525 836 clamore
1544 798 1724 838 inuicem

130 869 220 895 sese
266 856 582 904 cohortantium,
631 856 838 895 ‘Occidite
886 870 1039 906 canem,
1087 858 1261 897 occidite
1307 863 1479 900 canem.’
1545 861 1724 902 Interim

131 921 310 960 occurrit
345 922 562 970 sacrificus.
599 922 670 971 qui
703 923 868 961 tantum
901 921 1086 961 arridens
1120 923 1182 962 illi
1217 924 1330 973 dixit,
1369 925 1440 964 sed
1473 939 1571 965 voce
1602 929 1724 966 tacita

131 988 172 1025 et
202 986 361 1036 Latina,
396 986 552 1035 ‘Asini,
583 987 715 1025 asini?
771 987 866 1025 Illis
893 987 1027 1026 adhuc
1055 988 1413 1028 tumultuantibus
1437 1003 1535 1029 mox
1559 991 1725 1032 iuuenis
1743 1004 1806 1035 490

132 1051 302 1102 quidam
321 1065 519 1102 perquam
538 1051 703 1102 elegans
730 1053 772 1089 et
799 1054 1024 1102 purpurata
1045 1053 1263 1103 chlamyde
1287 1055 1440 1104 prodiit
1466 1069 1515 1094 ex
1540 1057 1721 1097 aedibus.

132 1117 200 1155 Ad
230 1117 343 1156 hunc
373 1118 490 1156 velut
523 1117 574 1156 ad
608 1129 722 1155 aram
757 1117 943 1166 confugit
977 1117 1214 1158 Florentius
1245 1119 1357 1168 (nam
1388 1121 1505 1170 vulgi
1538 1121 1725 1172 linguam

131 1195 300 1232 prorsus
320 1182 573 1232 ignorabat);
602 1181 780 1220 miratur
796 1181 895 1231 quid
911 1182 991 1220 sibi
1006 1183 1170 1222 vellent.
1215 1184 1328 1223 ‘Hoc
1343 1185 1353 1201 ⁹
1368 1185 1516 1235 inquit,
1545 1188 1724 1226 ‘certum

131 1247 248 1287 habe.
320 1247 411 1286 Nisi
448 1247 568 1297 ponis
601 1247 713 1285 istud
751 1246 941 1295 linteum,
975 1247 1113 1298 aliquo
1152 1249 1218 1287 die
1251 1249 1506 1299 lapidaberis.
1579 1252 1725 1291 Moneo

131 1314 184 1359 te,
206 1314 252 1351 tu
273 1312 460 1350 monitus
479 1313 604 1351 caue.’
642 1311 789 1361 Itaque
809 1311 1029 1351 linteolum
1044 1326 1128 1352 non
1151 1315 1340 1365 deposuit
1355 1316 1426 1354 sed
1442 1316 1545 1355 texit
1560 1330 1725 1356 summa
1743 1330 1804 1362 495

132 1378 256 1416 veste.
315 1377 432 1416 Bone
452 1378 574 1425 Deus,
598 1378 802 1426 quantum
821 1378 1122 1427 tragoediarum
1143 1392 1192 1417 ex
1213 1393 1254 1418 re
1274 1380 1397 1418 nihili
1414 1382 1423 1420 1

187 1442 269 1480 Η10
289 1442 581 1480 exhorrescent
600 1441 738 1480 stolidi
754 1443 825 1491 qui
844 1456 1053 1481 summam
1069 1444 1282 1494 religionis
1298 1445 1342 1483 in
1362 1448 1476 1484 veste
1496 1446 1699 1486 collocant
1717 1465 1724 1493 ;

134 1521 257 1558 quam
291 1521 366 1546 nec
400 1521 474 1558 ego
509 1508 684 1546 dixerim
717 1510 871 1547 temere
897 1509 1180 1548 abjiciendam.
1234 1512 1313 1550 Sed
1351 1512 1456 1550 hanc
1490 1512 1725 1552 Oartusiani

132 1586 252 1623 saepe
280 1573 558 1623 negociatoria
588 1575 856 1621 commutant,
885 1588 965 1624 quo
994 1575 1125 1613 tutius
1152 1576 1397 1626 perueniant
1425 1578 1475 1616 ad
1504 1578 1721 1627 synodum.

132 1638 330 1678 Canonici
363 1652 460 1677 vero
494 1638 560 1676 vel
594 1638 724 1676 studii
756 1639 885 1688 gratia
922 1639 989 1678 vel
1026 1639 1276 1690 longinquae
1309 1642 1574 1691 profectionis
1607 1657 1725 1682 causa
1745 1656 1805 1687 500

133 1705 300 1742 mutant
324 1705 396 1741 aut
422 1703 565 1751 celant,
589 1703 745 1741 nullius
764 1703 998 1752 autoritate,
1022 1704 1123 1743 citra
1149 1718 1317 1744 omnem
1337 1707 1723 1756 reprehensionem;

134 1780 219 1806 non
249 1767 362 1805 enim
393 1770 457 1806 est
488 1768 630 1806 eadem
664 1767 808 1817 religio
837 1768 969 1806 lineae
1002 1770 1128 1808 vestis
1162 1783 1265 1819 quae
1293 1773 1556 1811 caeterarum.
1615 1773 1722 1811 Nam

134 1831 234 1870 olim
269 1831 455 1884 canonici
490 1845 575 1870 non
606 1833 723 1870 erant
754 1833 956 1880 monachi,
988 1835 1031 1871 et
1062 1847 1173 1872 nunc
1201 1835 1386 1874 medium
1414 1850 1545 1886 genus
1575 1839 1648 1886 est,
1679 1838 1723 1877 in

133 1896 429 1935 fauorabilibus
463 1897 667 1944 monachi,
701 1897 746 1935 in
780 1897 932 1935 odiosis
964 1911 1049 1937 11011
1079 1900 1284 1939 monachi.
1357 1901 1437 1940 Sed
1470 1901 1722 1941 horrendum

133 1961 294 2000 facinus
329 1964 391 2000 est
425 1961 461 1999 si
491 1963 585 2011 quis
618 1962 915 2001 Dominicanus
946 1964 1017 2001 aut
1051 1963 1344 2004 Franciscanus
1377 1979 1533 2005 sacram
1566 1969 1722 2007 vestem
1743 1979 1803 2010 505

134 2025 308 2064 abiiciat.
351 2025 459 2063 Nam
479 2026 801 2064 Dominicanum
818 2026 991 2076 pallium
1010 2029 1142 2066 totam
1164 2029 1343 2068 diuitum
1365 2030 1535 2069 domum
1555 2031 1723 2081 sospitat

133 2092 435 2140 prosperatque.
460 2092 501 2128 et
521 2090 658 2140 pueris
678 2090 834 2140 aliquot
854 2091 975 2129 annis
1000 2105 1050 2130 ex
1069 2095 1167 2131 voto
1194 2095 1340 2134 matris
1359 2097 1565 2145 gestatum
1584 2098 1724 2135 tuetur

133 2168 157 2193 a
185 2155 343 2193 morbis
374 2157 416 2193 et
448 2155 666 2194 horrendis
700 2154 883 2203 casibus;
924 2156 1197 2197 Franciscana
1230 2159 1371 2198 tunica
1403 2160 1528 2199 etiam
1558 2163 1723 2199 mortuo

132 2219 303 2258 inducta
334 2219 482 2258 liberat
516 2219 567 2258 ab
599 2219 753 2259 inferis.
825 2220 934 2268 Quin
968 2223 1009 2259 et
1041 2234 1232 2261 summus
1269 2224 1462 2263 Pontifex
1500 2226 1723 2264 monachos

133 2285 335 2334 quosdam
374 2286 445 2334 qui
489 2284 664 2324 diuersis
702 2285 883 2324 vestium
926 2286 1071 2325 formis
1111 2292 1400 2338 conuenerant,
1446 2290 1640 2329 admonet
1677 2293 1723 2330 vt
1742 2305 1804 2335 510

134 2349 372 2387 offendiculi
386 2349 549 2388 vitandi
563 2350 694 2400 gratia
709 2350 837 2389 simili
854 2351 969 2389 cultu
983 2353 1195 2391 vterentur
1211 2367 1364 2394 omnes.
1407 2355 1490 2393 Nec
1505 2355 1722 2393 Pontificia

134 2412 349 2452 decretalis
381 2414 578 2453 fulminat
616 2414 661 2453 in
694 2428 762 2454 eos
801 2415 872 2466 qui
904 2416 1091 2455 honestis
1126 2418 1175 2456 de
1209 2419 1342 2457 causis
1374 2422 1531 2458 vestem
1566 2433 1721 2458 sacram

134 2481 345 2528 ponerent,
370 2479 441 2517 sed
466 2480 537 2529 qui
559 2480 600 2518 id
622 2480 804 2519 facerent
827 2482 875 2520 vt
900 2481 1094 2520 licentius
1119 2496 1212 2521 cum
1235 2484 1459 2533 prophanis
1480 2497 1525 2522 ea
1544 2485 1722 2523 facerent

135 2556 239 2592 quae
272 2544 376 2581 solet
408 2545 569 2593 vulgus.
643 2546 751 2584 Nam
784 2546 896 2584 linea
927 2548 1054 2585 vestis
1091 2561 1174 2586 non
1206 2550 1268 2586 est
1305 2550 1614 2598 monachorum,
1651 2552 1722 2589 sed

135 2608 428 2658 episcoporum,
451 2611 492 2647 et
516 2609 704 2648 fortassis
732 2611 834 2648 olim
863 2610 1115 2650 clericorum.
1177 2612 1260 2650 Nec
1285 2613 1548 2662 Augustinus
1575 2614 1619 2652 in
1648 2628 1722 2654 sua
1742 2629 1802 2660 515

134 2672 274 2721 regula
287 2672 463 2711 formam
479 2673 608 2711 vllam
623 2674 748 2712 vestis
763 2675 1014 2724 praescribit,
1032 2676 1162 2714 immo
1179 2677 1347 2715 damnat
1361 2678 1499 2727 potius
1513 2678 1722 2728 insignem

137 2737 305 2784 cultum,
330 2737 557 2776 admonens
583 2751 634 2776 ne
657 2738 712 2776 sit
740 2739 933 2777 notabilis
956 2739 1198 2779 clericorum
1227 2741 1402 2790 habitus,
1432 2755 1506 2780 nec
1534 2743 1723 2783 affectent

136 2801 322 2840 vestibus
359 2802 518 2851 placere
558 2803 629 2840 sed
667 2803 877 2852 moribus3
926 2803 1024 2842 licet
1065 2806 1164 2844 satis
1202 2809 1360 2844 constet
1402 2819 1493 2845 eam
1537 2809 1722 2859 regulam

136 2866 384 2904 mulieribus
412 2867 609 2917 scriptam
640 2880 724 2906 non
756 2868 878 2906 viris:
919 2868 990 2906 sed
1024 2882 1119 2908 cum
1151 2870 1237 2908 illis
1267 2883 1378 2909 nunc
1409 2885 1485 2921 ago
1518 2873 1588 2922 qui
1621 2874 1723 2913 vir1s

751 2942 825 2981 488.
850 2953 925 2974 sese
941 2946 991 2974 H:
1017 2953 1053 2975 se
1069 2946 1110 2976 N.

137 3005 212 3043 508.
236 3004 375 3045 tunica]
394 3005 483 3036 Rud.
499 3005 662 3046 Agricola
676 3015 748 3037 was
764 3015 802 3037 so
815 3006 938 3038 buried
956 3017 964 3045 3
987 3006 1028 3039 ef.
1045 3008 1106 3038 the
1122 3009 1276 3046 Exeqm'ae
1288 3012 1481 3048 Seraphicae,
1494 3011 1561 3042 LB.
1574 3011 1596 3043 i.
1613 3012 1676 3042 868
1687 3021 1719 3042 Α.

205 3070 309 3089 ALLEN
329 3071 355 3089 11
915 3076 940 3100 X
