2010 3417
177 788 217 819 60

188 1779 224 1809 75

189 2098 230 2126 80

192 2424 230 2463 85

197 2760 236 2789 90

234 154 315 191 440
698 148 948 187 LETTERS
987 148 1056 187 OF
1093 147 1357 187 ERASMUS
1702 144 1741 199 [1
1751 159 1772 194 5
1781 157 1825 195 17

231 261 330 312 quid
352 261 543 310 cuiquam
558 258 780 297 hominum
800 257 1006 308 reliquisti
1021 259 1042 296 ‘?
1074 257 1147 307 qui
1165 257 1216 296 ad
1232 269 1442 296 summam
1454 257 1578 296 istam
1597 255 1831 295 doctrinam

232 329 271 364 et
300 325 589 374 eloquentiam,
616 323 660 362 in
687 336 769 373 qua
799 323 884 361 iam
908 322 1099 361 omnium
1118 322 1378 361 confessione
1403 324 1445 361 et
1474 322 1627 361 iudicio
1647 320 1827 369 excellis,

233 392 394 428 tantam
423 390 634 439 praeterea
662 401 806 426 curam
835 389 876 426 et
911 387 1171 438 diligentiam
1205 387 1426 435 addideris,
1457 389 1506 427 vt
1534 400 1619 425 non
1647 387 1831 425 studioso

176 472 203 501 5.
233 455 369 494 solum
395 468 440 493 ac
467 453 661 504 diligenti
687 453 845 500 lectori,
866 453 936 492 sed
967 453 1210 503 scrupuloso
1238 453 1365 491 etiam
1394 454 1518 503 atque
1541 453 1642 491 adeo
1671 452 1832 491 curioso

234 519 394 559 abunde
415 519 673 558 satisfeceris.
733 517 843 556 Nam
865 520 912 556 vt
935 518 1071 557 varias
1096 519 1221 557 huius
1241 518 1352 557 Noui
1371 518 1628 557 Testamenti
1651 518 1834 568 antiquo·

234 599 328 624 rum
347 585 550 624 editiones
571 583 773 631 omittam,
792 596 969 633 quarum
988 584 1126 634 aliqua
1144 584 1279 623 adhuc
1299 583 1472 633 vestigia
1491 584 1599 634 apud
1615 583 1835 633 scriptores

236 653 377 690 extant
395 665 404 698 ;
432 653 479 690 vt
499 653 658 689 taceam
674 649 800 687 etiam
821 649 1027 688 diuersam
1041 652 1082 688 et
1101 649 1316 688 interdum
1331 649 1580 688 contrariam
1599 649 1831 695 lectionem,

235 718 284 755 de
303 730 383 767 qua
402 716 583 755 iudicare
601 715 766 754 difficile
786 714 842 753 sit
862 717 1031 765 propter
1052 728 1198 754 eorum
1217 715 1289 766 qui
1309 728 1401 753 eam
1421 715 1541 753 nobis
1561 714 1830 765 reliquerunt,

234 781 520 821 auctoritatem
539 783 580 819 et
595 779 791 819 eximiam
811 779 1045 819 doctrinam
1062 795 1070 828 3
1098 783 1145 819 vt
1159 781 1437 819 recentiorum
1452 781 1555 818 item
1571 780 1835 830 quorundam

236 850 491 898 praeteream
529 846 833 893 annotationes,
875 859 978 896 quae
1016 847 1160 884 omnia
1190 847 1392 885 scrutasse
1431 847 1472 884 te
1504 848 1546 884 et
1579 845 1836 884 examinasse

237 916 360 963 atque
388 913 515 951 etiam
545 912 774 950 excussisse
801 925 887 950 non
913 911 1087 950 dubito:
1117 911 1221 962 quis,
1252 925 1412 962 quaeso,
1445 911 1644 950 maiorem
1672 912 1837 961 exoptet

238 978 499 1029 diligentiam
519 991 644 1028 quam
663 979 704 1016 te
725 976 770 1015 in
790 977 868 1015 ista
891 977 1173 1026 recognitione
1193 977 1303 1016 Noui
1324 977 1580 1016 Testamenti
1599 976 1836 1015 adhibuisse

239 1044 423 1082 ostendis
435 1045 456 1082 ⁶?
501 1044 613 1082 Ante
652 1043 793 1081 omnia
828 1043 879 1081 ad
912 1042 1297 1092 probatissimorum
1335 1045 1553 1082 auctorum
1586 1042 1835 1089 citationem,

204 1125 218 1154 ,-
240 1109 587 1157 emendationem,
621 1108 1052 1146 enarrationem.——In
1080 1108 1146 1147 his
1169 1108 1312 1157 paucis
1340 1108 1479 1147 verbis
1505 1110 1685 1158 quantus
1711 1107 1837 1151 labor,

240 1176 392 1224 quanta
438 1187 547 1223 cura,
588 1175 743 1223 quanta
781 1174 952 1212 demum
991 1173 1235 1213 solicitudo!
1310 1174 1491 1212 Transeo
1531 1174 1594 1211 tot
1632 1172 1839 1222 praeclara

240 1240 420 1287 nomina,
439 1239 638 1289 OrigeniS,
655 1239 954 1289 Chrysostomi,
973 1239 1133 1290 Gyrilli,
1150 1239 1410 1289 Hieronymi,
1427 1239 1654 1286 Ambrosii,
1672 1237 1838 1285 Hilarii,

243 1319 344 1354 quos
358 1305 479 1355 pauci
494 1305 784 1355 theologorum
798 1306 940 1343 nostra
955 1306 1085 1343 aetate
1101 1305 1257 1354 legunt,
1267 1318 1391 1343 nemo
1405 1304 1617 1354 intelligit.
1624 1303 1840 1342 -Deinde

242 1371 291 1410 ad
312 1371 512 1410 Graecam
531 1370 748 1409 veritatem
770 1370 862 1420 (hoc
881 1372 944 1408 est
963 1370 1128 1409 omissis
1146 1370 1294 1409 riuulis
1313 1371 1365 1408 ad
1385 1371 1545 1409 fontem
1565 1369 1786 1419 recurrere)
1800 1371 1841 1407 et

243 1438 286 1475 in
307 1436 459 1486 quibus
488 1436 614 1474 etiam
641 1436 825 1485 oportuit
844 1435 946 1474 locis
966 1435 1217 1474 Hebraicam
1236 1451 1244 1474 :
1273 1435 1361 1474 siue
1381 1435 1425 1473 id
1445 1434 1559 1474 solus
1577 1435 1677 1483 siue,
1699 1436 1746 1473 vt
1766 1434 1837 1481 ais,

244 1515 339 1540 cum
366 1501 524 1540 Theseo
550 1503 622 1539 tuo
647 1500 805 1540 feceris.
863 1501 948 1539 Nec
977 1501 1044 1540 his
1067 1503 1287 1540 contentus
1313 1500 1432 1539 addis
1460 1501 1841 1539 vetustissimorum

245 1567 432 1606 codicum
452 1579 670 1616 synceram
690 1568 730 1605 et
750 1567 1034 1616 incorruptam
1054 1567 1191 1615 fidem,
1214 1568 1303 1605 sine
1323 1579 1402 1616 qua
1421 1567 1573 1604 frustra
1591 1566 1778 1605 fortassis
1797 1565 1841 1603 in

244 1633 338 1671 aliis
364 1632 592 1671 sudaueris.
671 1632 760 1680 Qua
779 1634 920 1671 tamen
940 1633 985 1670 in
1005 1646 1049 1670 re
1068 1632 1207 1671 nescio
1231 1633 1338 1670 certe
1367 1631 1466 1681 quid
1490 1632 1624 1682 magis
1651 1631 1839 1678 admimr,

247 1697 564 1748 diligentiamne
603 1698 648 1735 in
686 1697 934 1747 inquirendo
973 1700 1089 1736 tuam
1123 1711 1176 1735 an
1214 1697 1259 1735 in
1289 1696 1540 1735 inueniendo
1574 1696 1842 1735 felicitatem:

246 1766 361 1802 tanta
380 1765 443 1801 est
461 1763 638 1801 istorum
666 1762 880 1810 librorum,
904 1763 1155 1801 Graecorum
1183 1763 1376 1810 maxime,
1400 1762 1446 1800 in
1473 1761 1551 1800 hoc
1577 1763 1720 1800 nostro
1747 1762 1844 1800 orbe

245 1828 439 1879 paucitas.

300 1894 577 1943 Quamobrem
595 1896 688 1944 post
703 1893 829 1932 istam
848 1896 966 1932 tuam
985 1895 1072 1932 tam
1093 1906 1229 1932 raram
1245 1895 1286 1932 et
1305 1892 1555 1943 exquisitam
1569 1892 1841 1943 diligentiam,

249 1960 413 2010 qualem
443 1972 579 2005 nemo,
610 1959 741 2007 credo,
769 1959 875 1997 alius
905 1958 980 1997 tali
1012 1959 1125 2009 operi
1156 1958 1423 2005 adhibuisset,
1450 1971 1535 1996 non
1570 1960 1632 1996 est
1664 1957 1845 2007 profecto

250 2025 356 2075 quod
377 2025 522 2063 debeas
541 2038 565 2063 a
584 2037 652 2062 me
676 2024 897 2074 quicquam
917 2027 1138 2075 expectare,
1163 2025 1208 2062 in
1227 2026 1344 2062 tanta
1364 2023 1606 2074 praesertim
1626 2023 1748 2061 istius
1766 2022 1844 2060 lin-

250 2104 354 2140 guae
392 2091 627 2140 ignorantia
665 2092 708 2128 et
746 2089 937 2128 omnium
976 2103 1082 2140 pene
1124 2090 1326 2128 bonarum
1363 2089 1581 2128 literarum
1619 2088 1840 2128 obliuione.

251 2156 467 2205 Perlegam
490 2157 631 2194 tamen
657 2155 759 2193 haec
785 2157 856 2194 tua
880 2156 1064 2194 studiose
1093 2169 1137 2194 ac
1164 2155 1415 2205 diligenter,
1444 2154 1515 2192 sed
1534 2154 1741 2204 perlegam
1757 2152 1845 2191 'non

251 2221 332 2260 iam
352 2223 424 2259 tua
449 2233 580 2268 causa,
602 2220 672 2258 sed
700 2234 802 2269 mea,
827 2223 872 2259 vt
898 2235 947 2259 ex
968 2221 1026 2259 eis
1044 2220 1204 2270 aliquid
1223 2220 1392 2259 discam.
1447 2220 1693 2268 Quanquam
1713 2220 1753 2257 et
1773 2220 1847 2256 tua

251 2300 422 2337 quoque,
450 2286 631 2334 Erasme,
661 2285 796 2335 legam
823 2286 1028 2334 libenter3
1067 2289 1109 2324 et
1139 2286 1174 2324 si
1206 2286 1305 2336 quid
1343 2284 1562 2324 occurrerit
1595 2284 1704 2334 quod
1742 2282 1848 2322 mihi

252 2365 338 2390 non
376 2351 752 2401 p1·obatur,—-quod
799 2353 871 2390 aut
908 2364 1055 2402 parum
1095 2354 1202 2390 certe
1235 2353 1306 2389 aut
1342 2351 1481 2401 potius
1513 2349 1621 2388 nihil
1657 2349 1846 2387 futurum

253 2430 587 2467 auguror,-—non
620 2416 824 2466 grauabor
845 2416 924 2455 tibi
957 2431 1029 2467 per
1063 2417 1205 2455 literas
1235 2416 1487 2466 significare:
1517 2415 1559 2453 id
1593 2415 1702 2465 quod
1731 2414 1847 2453 Moro

254 2496 414 2533 quoque
433 2484 586 2530 nostro,
617 2482 663 2520 ni
683 2481 815 2528 fallor,
837 2483 970 2532 recepi
995 2495 1060 2520 me
1081 2482 1300 2528 facturum,
1324 2495 1377 2520 ne
1397 2495 1493 2519 eum
1518 2482 1639 2530 putes
1664 2479 1848 2530 asperius

253 2548 330 2586 tibi
351 2547 668 2597 obiurgandum,
690 2547 798 2596 quod
818 2550 859 2586 te
878 2547 1038 2586 fefellit.

309 2613 426 2661 Quod
446 2614 587 2650 autem
606 2612 730 2651 toties
749 2612 799 2651 ad
827 2626 894 2650 me
915 2613 964 2651 de
984 2613 1188 2662 Episcopo
1209 2612 1394 2650 Roffensi
1414 2610 1571 2658 scribis,
1594 2609 1848 2659 singularem

256 2692 352 2716 sane
390 2691 485 2728 erga
521 2690 619 2715 eum
653 2691 835 2716 amorem
867 2691 912 2716 ac
952 2677 1286 2716 beneuolentiam
1317 2677 1502 2715 ostendis
1535 2678 1576 2714 et
1602 2674 1732 2714 simul
1759 2687 1849 2724 pro-

256 2742 453 2781 mouendi
475 2743 615 2781 literas
642 2743 817 2781 Graecas
842 2743 998 2781 mirum
1024 2742 1301 2792 desyderium,
1325 2742 1397 2791 qui
1421 2755 1488 2780 eas
1516 2743 1604 2779 tam
1628 2738 1786 2790 insigni
1808 2740 1850 2777 et

259 2808 299 2844 in
346 2807 459 2846 omni
508 2820 656 2857 genere
704 2808 912 2847 doctrinae
963 2807 1184 2846 excellenti
1236 2807 1422 2857 pontifici
1472 2806 1633 2845 labores
1681 2804 1849 2843 reddere

596 2910 647 2940 61.
673 2911 873 2941 scrutatum
889 2919 962 2941 esse
979 2913 1016 2941 F.
1151 2920 1202 2949 72.
1230 2911 1267 2940 in
1284 2910 1365 2940 aliis
1380 2920 1438 2940 om.
1454 2911 1496 2940 H.

673 3019 721 3046 70.
749 3011 787 3040 vt
806 3008 875 3049 ais]
901 3009 987 3049 Epp.
1008 3018 1082 3048 334.
1106 3017 1163 3047 127
1181 3008 1252 3039 and
1269 3018 1344 3047 335.
1360 3017 1434 3046 273.
