2010 3417
167 140 266 195 471]
662 145 733 184 ΤΟ
770 143 920 184 JOHN
959 144 1254 184 REUOHLIN
1679 143 1760 182 351

164 254 271 305 apud
293 267 360 292 me
381 254 582 304 quaedam
600 255 773 306 epistola
791 257 864 294 tua
882 270 892 304 3
922 268 1048 306 quam
1067 255 1140 295 vbi
1161 256 1290 296 sensit
1310 258 1381 294 tua
1400 256 1598 306 scriptam
1618 268 1757 303 manu,

163 319 315 359 obnixe
330 319 490 370 rogauit
509 322 555 359 vt
572 322 682 372 apud
701 334 746 360 se
765 321 1055 371 relinquerem,
1077 334 1169 359 eam
1189 320 1417 360 identidem
1437 320 1689 360 exosculans.

220 385 316 424 Non
335 384 457 435 pauci
473 387 584 431 sunt,
603 386 662 425 mi
677 385 918 435 Reuchline,
941 385 1018 425 hoc
1037 386 1082 425 in
1101 387 1143 425 te
1169 387 1320 425 animo.
1382 387 1500 435 Quod
1521 388 1592 425 tua
1609 386 1764 425 virtute

164 452 385 490 contentus
398 449 575 501 negligis
586 451 807 491 hominum
819 450 1170 500 maleuolentiam,
1180 451 1311 490 laud0.
1342 451 1440 501 Ipsa
1451 451 1586 491 virtus
1597 452 1764 490 abunde

164 529 365 566 magnum
395 516 460 554 sui
486 516 730 567 praemium.
810 516 867 555 Et
899 517 935 555 si
966 530 1118 566 parum
1141 516 1326 567 agnoscit
1358 517 1457 555 haec
1487 519 1611 565 aetas,
1643 530 1764 568 agno·
1785 527 1823 560 25

164 583 252 620 scet
269 581 496 632 posteritas,
525 582 705 632 denique
738 583 931 632 agnoscet
958 582 1160 630 Christus,
1185 582 1251 620 cui
1279 582 1344 620 tui
1371 582 1558 621 militant
1586 582 1758 622 labores.

168 646 309 686 Scribe
327 646 395 685 vel
415 646 556 696 paucis
575 646 744 696 Coleto;
783 648 820 686 is
839 647 924 686 iam
948 660 1074 685 senex
1099 647 1327 697 graecatur.
1398 647 1606 686 Roffensis
1635 647 1763 687 etiam

164 712 363 762 processit
399 711 612 752 foeliciter.
696 713 880 752 Rursum
912 712 1016 761 vale,
1056 712 1296 751 doctissime
1336 711 1578 751 Reuchline.

218 777 485 827 Antuerpiae.
543 791 609 817 111.
639 777 748 818 ΚΑΒ.
782 777 924 817 Octob.
984 778 1048 816 Ex
1076 777 1247 816 aedibus
1278 777 1393 816 Petri
1424 777 1573 827 Egidii,
1605 776 1764 828 publici

164 842 318 882 scribae
337 856 347 890 3
377 843 426 880 ad
449 855 550 892 quas
570 844 606 882 si
626 844 725 894 quid
745 844 919 893 miseris,
943 843 982 881 id
1004 842 1112 881 mihi
1127 843 1246 881 facile
1265 843 1469 881 reddetur.
1784 852 1825 884 30

588 1021 684 1061 472.
746 1017 879 1060 FRoM
911 1018 1118 1061 Jonocus
1148 1017 1340 1059 BADms.

212 1109 400 1145 Deventer
416 1109 492 1144 MS.
513 1121 569 1156 91,
588 1110 612 1144 f.
636 1111 712 1145 126.
1459 1110 1576 1145 Paris.

212 1167 286 1202 LB.
304 1167 398 1212 App.
419 1170 472 1204 82.
1315 1179 1358 1213 29
1377 1168 1596 1213 September
1617 1169 1716 1214 1516.

210 1249 300 1291 [The
322 1250 495 1281 allusions
511 1252 548 1281 to
563 1251 628 1290 Ep.
646 1261 710 1290 434
726 1261 786 1281 are
810 1251 910 1289 quite
927 1251 1104 1281 sufficient
1122 1252 1157 1281 to
1179 1250 1329 1281 confirm
1350 1251 1412 1280 the
1428 1251 1649 1290 manuscript
1670 1250 1761 1281 date.

164 1293 215 1324 As
231 1293 312 1324 that
328 1293 436 1324 letter
451 1294 525 1324 had
541 1296 605 1324 not
620 1296 681 1334 yet
699 1294 850 1325 reached
867 1294 1036 1325 Erasmus
1055 1294 1111 1335 (cf.
1132 1295 1196 1334 Ep.
1215 1304 1289 1332 477.
1306 1304 1336 1334 9,
1356 1294 1424 1333 10),
1441 1303 1536 1325 some
1552 1294 1715 1334 portions
1731 1295 1770 1325 of

165 1338 194 1368 it
209 1347 269 1368 are
285 1337 453 1377 repeated
468 1336 582 1378 here]

621 1437 682 1467 10.
711 1437 879 1467 BADIVS
909 1437 952 1467 D.
982 1436 1163 1466 ERASMO
1195 1436 1228 1468 S.
1259 1437 1300 1467 D.

219 1517 378 1555 ACCEPI
406 1517 620 1556 Similium
642 1531 745 1568 opus
763 1520 884 1556 tuum
904 1518 1167 1556 luculentum
1188 1532 1196 1565 ;
1227 1518 1335 1567 quod
1356 1517 1453 1556 licet
1473 1518 1591 1567 (quae
1611 1519 1683 1556 tua
1704 1519 1766 1556 est

165 1581 382 1631 modestia)
404 1596 478 1633 per
497 1597 565 1622 me
595 1586 788 1623 ornatum
817 1584 871 1622 iri
901 1585 1026 1635 optes,
1050 1583 1256 1622 officinam
1276 1596 1414 1622 meam
1434 1596 1529 1621 cum
1543 1583 1691 1633 primis
1710 1583 1765 1622 sit

166 1649 422 1697 ornaturum,
454 1649 536 1686 nisi
568 1650 677 1699 quod
708 1649 817 1688 mihi
850 1649 1051 1688 damnum
1082 1649 1264 1687 inferant
1294 1648 1478 1698 plurimi,
1499 1648 1586 1687 illis
1615 1649 1767 1686 referre

165 1726 323 1763 grauer.
371 1713 488 1761 Quod
504 1714 541 1751 si
560 1728 645 1753 non
664 1715 872 1764 intelligis,
888 1714 1091 1753 eiusmodi
1111 1715 1182 1752 est.
1234 1713 1295 1752 Ea
1316 1713 1366 1751 de
1380 1715 1421 1752 te
1440 1715 1504 1751 est
1523 1713 1766 1751 mortalium

165 1777 304 1828 opinio
333 1779 389 1825 vt,
427 1779 462 1816 si
498 1779 758 1829 recognitum
804 1780 980 1829 quoduis
1012 1792 1183 1828 operum
1213 1780 1383 1816 tuorum
1413 1791 1437 1816 a
1469 1780 1510 1816 te
1547 1778 1764 1828 praedices,
1786 1788 1802 1818 5

164 1842 332 1886 etiamsi
362 1842 471 1881 nihil
509 1843 726 1893 addideris,
759 1844 876 1894 prius
904 1846 1157 1893 impressum
1191 1842 1316 1881 nihili
1346 1842 1597 1891 aestiment3
1639 1856 1766 1892 quam

168 1909 369 1947 iacturam
407 1909 452 1946 in
491 1909 617 1959 Copia
653 1909 821 1959 linguae
858 1909 1015 1956 Latine,
1056 1909 1101 1946 in
1141 1908 1409 1958 Panegyrico,
1453 1908 1498 1946 in
1536 1908 1676 1957 Moria,
1721 1908 1767 1946 in

166 1972 409 2012 Enchiridio
429 1973 542 2022 (nam
567 1974 795 2025 quingenta
814 1975 1067 2013 redemeram
1086 1973 1317 2022 volumina)
1338 1974 1380 2011 et
1399 1972 1443 2011 in
1462 1973 1645 2023 Adagiis,
1670 1986 1766 2023 quo-

167 2052 262 2078 rum
291 2051 365 2075 110
381 2052 574 2088 emeram,
593 2040 725 2078 facere
746 2042 910 2079 coactus
938 2053 1045 2078 sum.
1105 2039 1254 2089 Itaque
1275 2052 1296 2076 e
1315 2052 1357 2077 re
1385 2041 1528 2077 nostra
1556 2038 1709 2077 faceres
1730 2038 1766 2077 si

166 2104 240 2142 vni
259 2116 385 2142 vnam
407 2117 572 2153 operam
592 2104 806 2152 addiceres,
826 2118 901 2142 nec
920 2104 1036 2154 prius
1055 2117 1178 2154 quam
1193 2103 1309 2141 illius
1328 2103 1515 2153 exempla
1530 2101 1768 2141 distraxerit
1789 2114 1827 2135 10

166 2170 391 2217 inimutes3
431 2169 539 2219 quod
560 2169 604 2208 in
626 2170 837 2208 Similium
866 2183 984 2220 opere
1005 2169 1181 2208 seruasti
1204 2182 1254 2206 ex
1273 2171 1400 2218 parte,
1424 2169 1460 2207 si
1484 2168 1663 2218 priorem
1692 2168 1766 2206 im-

166 2247 395 2284 pressorem
420 2234 732 2283 praemonuisti,
756 2237 798 2274 et
823 2234 1126 2274 Theodericum
1153 2234 1204 2272 ad
1229 2247 1276 2272 ea
1304 2233 1583 2283 imprimenda
1606 2246 1692 2271 non
1723 2246 1766 2271 es

165 2299 366 2338 hortatus.
436 2299 633 2338 Miseram
659 2301 700 2338 te
723 2300 912 2339 hortante
936 2300 1088 2339 bonam
1106 2299 1195 2337 vim
1216 2299 1568 2349 Panegyricorum
1596 2299 1762 2336 tuorum

166 2363 474 2412 Alemanniam,
496 2364 570 2404 vbi
604 2365 699 2416 quia
727 2365 919 2416 impressi
949 2367 1059 2414 sunt,
1083 2365 1182 2415 quid
1212 2364 1295 2402 nisi
1324 2365 1519 2402 noctuam
1541 2363 1766 2402 Athenas?

168 2428 272 2478 Quia
293 2430 435 2467 tamen
455 2429 605 2480 Copiae
624 2432 860 2481 congruunt
883 2430 1057 2479 Similia,
1079 2430 1216 2479 primo
1236 2442 1400 2479 quoque
1419 2428 1557 2478 praelo
1575 2427 1766 2477 expedito
1786 2438 1823 2470 15

167 2494 315 2532 iisdem
334 2494 523 2534 formulis
543 2497 584 2534 et
605 2496 814 2535 similibus
833 2496 985 2535 chartis
1009 2495 1274 2534 excudentur.

212 2598 286 2628 472.
307 2608 338 2636 9.
364 2607 520 2628 emeram
544 2601 674 2636 scripsi:
710 2608 827 2631 emere
853 2602 923 2630 MS.
1071 2608 1121 2630 12.
1147 2608 1188 2629 ea
1214 2600 1344 2635 scripsi:
1378 2601 1419 2627 ea
1442 2599 1531 2628 MS.:
1565 2596 1616 2635 id,
1642 2600 1669 2627 et
1694 2606 1765 2627 mox

168 2640 452 2681 imprimendum
468 2642 530 2680 ΕΒ,
547 2645 717 2674 violentius.

211 2741 287 2772 471.
305 2750 356 2778 27.
383 2738 585 2780 graecatur]
603 2739 652 2771 Of.
683 2739 745 2779 Ep.
770 2741 844 2778 468.
865 2749 927 2778 123
1043 2749 1091 2769 11.
1118 2737 1383 2778 impressorem]
1408 2738 1571 2769 Schiirer.

168 2784 289 2814 which
309 2783 382 2814 had
397 2783 567 2823 probably
584 2783 736 2814 reached
758 2783 929 2814 Erasmus
1044 2791 1094 2814 12.
1119 2781 1395 2822 Theodericum]
1419 2781 1483 2812 Th.
1504 2781 1673 2812 Martens.

171 2828 216 2867 by
232 2827 308 2858 this
322 2827 424 2858 time.
1045 2836 1094 2863 14.
1131 2826 1296 2865 impressi
1327 2823 1429 2865 sunt]
1465 2824 1519 2864 By
1550 2824 1689 2855 Froben
1721 2825 1761 2856 in

212 2871 287 2901 472.
312 2880 341 2909 7.
372 2868 498 2911 Copia]
523 2869 574 2901 Cf.
599 2869 686 2910 Epp.
705 2870 769 2901 260
793 2869 928 2902 introd.
998 2868 1103 2909 April
1122 2869 1227 2907 15'163
1251 2878 1308 2899 see
1326 2868 1390 2908 Ep.
1410 2877 1471 2907 179
1487 2867 1620 2900 introd.

169 2915 241 2946 and
257 2924 330 2953 434.
349 2914 419 2944 6n.
1047 2913 1096 2943 16.
1124 2911 1270 2952 iisdem]
1298 2911 1444 2942 Badius’
1475 2911 1614 2943 edition
1640 2911 1679 2942 of
1703 2912 1762 2942 the

254 2955 489 2998 Panegyrico]
515 2956 579 2995 Ep.
601 2965 672 2996 179.
1000 2957 1171 2986 Parabolae
1195 2956 1226 2985 is
1249 2956 1288 2985 in
1312 2955 1402 2994 8vo;
1432 2955 1495 2986 but
1519 2955 1581 2986 the
1598 2957 1691 2993 Copia
1714 2955 1761 2987 he

257 2999 387 3041 Moria]
412 3000 475 3040 Ep.
495 3010 569 3031 222.
1002 2998 1071 3029 had
1088 2999 1233 3039 printed
1250 3001 1288 3030 in
1306 3000 1375 3038 4to.
