2010 3417
265 144 345 182 448
730 141 979 182 LETTERS
1019 139 1088 179 OF
1128 140 1395 181 ERASMUS
1734 137 1859 193 [1517

265 252 556 301 conquirendis
575 252 678 290 viris
703 251 913 289 doctrinae
940 249 1175 288 eminentis.
1236 250 1335 289 Dixi
1360 252 1452 290 tum
1478 264 1596 301 posse
1621 253 1663 289 te
1689 251 1866 289 honesto

263 317 444 368 praemio
463 316 623 355 euocari
642 317 686 355 in
708 317 938 362 Franciam,
959 315 1085 364 idque
1105 329 1171 354 me
1191 317 1434 354 curaturum
1449 316 1502 366 (si
1521 330 1586 355 res
1604 317 1664 355 ita
1682 315 1865 364 tulisset)

263 382 476 431 pollicitus
501 395 596 421 sum
625 382 979 431 effecturumque:
1009 381 1081 419 diu
1107 383 1148 419 te
1175 381 1350 420 Parisiis
1375 382 1592 431 studuisse,
1616 396 1691 421 nec
1717 382 1860 421 minus

262 449 303 485 te
320 447 540 486 Franciam
556 460 682 497 quam
697 446 836 485 locum
849 446 1195 485 incunabulorum
1210 448 1378 485 tuorum
1394 460 1526 487 nosse.
1585 448 1640 495 Is,
1657 450 1862 498 quantum

186 529 244 561 155
265 513 420 561 opinor,
450 526 614 551 summe
643 512 721 550 tibi
750 512 920 550 fauebit.
980 512 1155 550 Summa
1185 514 1324 550 autem
1353 526 1475 562 porro
1505 512 1593 562 ipse
1621 513 1863 552 auctoritate

263 578 373 627 apud
387 578 630 627 Principem
646 577 786 628 pollet,
804 579 850 616 vt
865 577 937 627 qui
956 577 1002 615 in
1022 576 1207 615 sanctius
1226 577 1451 616 consilium
1467 577 1675 628 Principis
1689 578 1864 617 allectus

265 644 319 683 sit
339 645 450 683 inter
474 657 626 695 paucos
653 658 756 694 quos
782 644 987 694 apolectos
1014 645 1055 681 et
1081 643 1255 681 selectos
1280 643 1547 693 appellarunt
1564 644 1739 694 antiqui.
1799 643 1862 682 Tu

263 709 341 748 hac
362 710 412 748 de
433 724 475 748 re
494 712 652 748 statues
677 712 719 748 et
744 710 794 748 ad
821 723 887 747 me
913 710 984 748 aut
1009 708 1141 747 alium
1169 709 1358 758 quemuis
1383 709 1547 757 scribes,
1573 709 1608 748 si
1626 709 1757 748 alium
1776 722 1868 749 esse

263 774 341 813 tibi
366 775 605 813 amiciorem
626 789 692 813 me
712 777 859 825 putas:
891 777 935 813 vt
963 775 998 813 si
1025 775 1131 812 hanc
1158 774 1441 813 conditionem
1468 774 1681 823 acceperis,
1705 775 1783 813 hoc
1803 777 1864 814 est

188 856 247 887 140
264 841 544 891 accipiendam
573 841 794 887 censueris,
828 853 936 879 noua
969 839 1049 878 tibi
1083 839 1355 889 stipulatione
1384 839 1638 890 certioreque
1668 842 1864 879 caueatur

265 919 288 944 a
317 904 522 957 Principe,
550 906 637 944 eius
667 907 885 956 praecipue
914 918 1035 955 opera
1064 905 1183 943 cuius
1210 905 1377 943 hortatu
1406 903 1456 944 ad
1486 908 1529 943 te
1557 905 1713 955 scripsi.
1770 906 1868 956 Ipse

262 972 376 1010 enim
422 971 602 1010 maxime
651 972 777 1010 velim
819 974 864 1009 vt
913 971 990 1009 hoc
1033 970 1252 1020 negocium
1295 970 1384 1008 sine
1427 971 1616 1020 captione
1658 971 1745 1010 vlla
1791 974 1862 1009 tua

265 1035 532 1084 transigatur.

318 1099 526 1139 Existimo
548 1100 806 1139 Gulielmum
827 1099 999 1148 Copum,
1023 1098 1235 1137 medicum
1259 1099 1430 1147 regium,
1455 1098 1673 1137 hominem
1692 1100 1867 1149 Vtraque

187 1180 245 1212 145
265 1164 407 1214 lingua
426 1166 594 1204 doctum
616 1167 656 1203 et
675 1165 753 1203 tibi
772 1165 952 1203 amicum
968 1177 1013 1203 ac
1028 1163 1290 1211 beneuolum,
1310 1164 1360 1202 de
1375 1164 1452 1202 hoc
1469 1164 1518 1202 ad
1538 1166 1579 1202 te
1600 1165 1866 1214 scripturum.

265 1232 306 1267 et
336 1230 441 1269 alios
469 1232 643 1270 fortasse
673 1229 886 1279 Principis
912 1229 1030 1268 iussu
1058 1229 1125 1268 vel
1153 1229 1293 1279 ipsum
1322 1228 1450 1267 etiam
1480 1229 1649 1279 Regem.
1710 1229 1865 1268 Mirum

266 1308 391 1345 quam
419 1296 499 1335 tibi
527 1296 836 1335 Gulielmorum
865 1294 977 1333 natio
1006 1294 1142 1333 dedita
1171 1293 1226 1332 sit
1255 1296 1296 1332 et
1324 1294 1482 1343 literis3
1529 1294 1613 1333 iam
1643 1294 1757 1333 enim
1785 1296 1870 1333 tres

268 1361 515 1400 Guilielmos
543 1362 588 1399 in
617 1362 761 1399 eodem
792 1360 960 1409 negocio
991 1359 1198 1398 studiosos
1225 1359 1350 1398 habes
1384 1360 1457 1398 tui.
1519 1359 1600 1398 Sed
1634 1360 1870 1410 Stephanus

267 1426 527 1475 Parisiensis,
558 1427 600 1464 id
630 1428 692 1464 est
720 1438 881 1472 corona,
905 1425 941 1463 si
970 1426 1120 1471 tecum,
1146 1427 1191 1463 vt
1221 1437 1351 1474 spero,
1374 1424 1538 1464 locutus
1567 1427 1640 1472 est,
1669 1438 1868 1474 magnum

188 1507 249 1537 150
268 1504 391 1529 omen
411 1492 555 1530 attulit
580 1491 631 1530 ad
657 1503 867 1530 summam
887 1489 1133 1540 felicemque
1151 1503 1325 1528 manum
1344 1489 1642 1539 imponendam
1662 1490 1866 1541 incoepto.

268 1557 489 1607 Vtcunque
509 1558 572 1605 sit,
596 1558 632 1595 si
652 1556 702 1594 ad
724 1556 877 1606 Regem
897 1555 1036 1605 ipsum
1055 1555 1269 1605 scripseris
1284 1555 1529 1606 χαριστηρίαν
1548 1555 1764 1604 ἐπιστολὴν,
1782 1568 1871 1594 rem

269 1622 307 1660 ei
339 1624 501 1671 gratam
533 1622 677 1660 feceris
705 1623 745 1660 et
775 1621 854 1659 tibi
883 1620 1223 1670 praedicabilem:
1276 1623 1322 1660 ὡς
1349 1620 1486 1670 ἥδομαι
1515 1621 1574 1659 καὶ
1602 1622 1783 1671 τέρπομαι
1814 1622 1873 1658 καὶ

270 1688 457 1738 χαίρομαι,
479 1691 545 1726 τοῦ
565 1689 735 1737 κωμικοῦ.
784 1687 818 1725 Ο
839 1699 942 1736 quae
961 1685 1046 1723 iam
1067 1685 1194 1723 tellus
1215 1685 1317 1724 satis
1337 1686 1423 1724 ima
1443 1685 1629 1725 dehiscat
1649 1686 1875 1724 corniculis

270 1752 362 1791 istis
399 1753 586 1802 garrulis,
621 1764 798 1802 quarum
835 1753 882 1789 tu
916 1750 1057 1789 oculos
1091 1750 1274 1800 quotidie
1312 1750 1511 1801 configis!
1569 1752 1753 1789 Τουτουσὶ
1789 1751 1873 1792 τοὺς

195 1834 252 1865 155
273 1817 524 1869 ψευδολόγους
544 1819 653 1867 φημὶ,
673 1818 758 1857 τοὺς
777 1817 1056 1856 ἐπαναστάντας
1075 1833 1139 1854 σοι
1162 1816 1222 1854 καὶ
1246 1816 1476 1864 φθονοῦντας
1494 1816 1610 1866 τῆσδε
1629 1819 1694 1866 τῆς
1712 1816 1875 1862 εὐδοξίας

275 1885 335 1922 καὶ
363 1887 429 1922 τοῦ
462 1885 656 1934 πανδήμου
687 1885 830 1934 κρότου.
890 1883 966 1920 Καὶ
998 1882 1073 1931 μὴν
1107 1883 1166 1920 καὶ
1200 1883 1285 1932 ἐμοί
1312 1899 1356 1934 ’γε
1386 1881 1432 1931 (εἰ
1465 1882 1521 1920 δεῖ
1549 1883 1710 1932 τάληθὲς
1742 1882 1875 1931 φάναι)

274 1951 495 1999 βασκαίνειν
515 1968 576 1988 σοι
596 1952 729 1994 ἔπεισι,
746 1950 876 1998 καίπερ
896 1950 1062 1988 εὐνοικῶς
1080 1965 1120 1986 τε
1141 1949 1202 1985 καὶ
1220 1949 1455 2000 εὐγνωμόνως
1473 1949 1565 1998 πρός
1583 1966 1630 1998 με
1650 1948 1875 2000 διακειμένῳ,

277 2017 335 2053 καὶ
364 2017 495 2065 μικρόν
522 2034 558 2055 τι
584 2017 813 2067 μεταγνῶναι
842 2014 900 2062 ἐφ’
930 2013 983 2054 οἷς
1012 2014 1132 2063 ἔφθην
1149 2014 1438 2063 ὑπερεπαινέσας
1467 2031 1512 2052 σε
1540 2013 1677 2064 μεταξὺ
1707 2014 1874 2059 ὃιαλεξα-

275 2083 393 2131 μένων
418 2083 520 2131 ἡμῶν
544 2083 628 2131 περὶ
653 2084 725 2119 τῶν
751 2083 800 2120 εἷς
820 2081 932 2130 ἄκρον
958 2081 1023 2128 τῆς
1051 2081 1167 2128 καλῆς
1192 2080 1356 2120 παιδείας
1382 2079 1631 2129 ἐληλυθότων.
1690 2083 1777 2120 Πῶς
1801 2082 1874 2132 ’γὰρ

199 2152 257 2183 160
277 2150 341 2185 οὐκ
368 2147 412 2185 ἂν
441 2147 663 2198 ἀχθεσθείην
690 2147 805 2198 ἔγωγε
830 2146 1024 2185 τοσούτοις
1045 2145 1274 2194 κροτήμασιν
1291 2145 1362 2183 ὑπὸ
1390 2147 1461 2183 σοῦ
1485 2144 1875 2195 παρευδοκιμούμενος,

279 2212 338 2249 καὶ
356 2214 471 2249 ταῦτα
490 2212 755 2262 βραβευόντων
780 2212 844 2250 τὸν
872 2214 995 2263 ἀγῶνα
1020 2210 1127 2250 τόνδε
1149 2213 1222 2249 τῶν
1247 2211 1444 2260 ἡμεδαπῶν
1463 2210 1686 2260 ἀνθρώπων;
1716 2213 1790 2249 Φεῦ
1811 2213 1876 2260 τῆς

278 2278 429 2327 ἀτυχίας
455 2294 495 2315 τε
523 2278 582 2314 καὶ
600 2280 666 2326 τῆς
685 2277 962 2329 ἀγνωμοσύνης.
1019 2274 1063 2313 eO
1088 2278 1182 2328 ἄγαν
1211 2277 1436 2326 φιλόπατρις
1463 2277 1533 2328 ἐγὼ
1553 2275 1611 2325 (id
1641 2277 1752 2326 quod
1770 2290 1877 2326 pene

279 2343 387 2380 lnihi
407 2342 510 2381 Vitio
529 2341 675 2389 vertis)
696 2344 755 2380 καὶ
781 2345 858 2382 τοῖς
883 2345 982 2392 ἐμοῖς
1005 2342 1190 2394 Φράγκοις
1216 2345 1384 2382 νεανικῶς
1410 2343 1602 2387 συνειπὼν,
1623 2340 1698 2380 οὐδ’
1720 2342 1780 2380 ἐπὶ
1804 2345 1877 2380 τῶν

280 2409 482 2458 ὁμοφύλων
514 2409 696 2447 δικαστῶν
729 2412 898 2460 τυγχάνω
930 2411 1002 2446 τῶν
1031 2408 1188 2446 δικαίων.
1263 2406 1386 2453 Ἀλλ’,
1417 2408 1444 2445 ὦ
1472 2408 1664 2457 βέλτιστε,
1694 2408 1791 2448 ὅπως
1824 2408 1877 2457 μὴ

202 2479 258 2520 165
280 2475 563 2523 ἀιντιφθονήσεις
591 2475 674 2523 ἐμοὶ
699 2475 804 2526 σύγε·
835 2476 877 2511 οὐ
897 2476 969 2525 γὰρ
989 2474 1031 2523 δὴ
1054 2473 1237 2522 ἐπίφθονα
1261 2475 1361 2523 τάμὰ
1386 2476 1451 2512 τοῦ
1476 2473 1528 2522 μὴ
1555 2474 1811 2523 εὗροήσαντος,
1833 2474 1878 2513 ὡς

280 2540 350 2592 ἐγώ
391 2544 500 2589 φημι,
545 2542 591 2580 ὡς
638 2539 676 2577 δὲ
722 2543 794 2578 τῶν
839 2540 1024 2589 ἡμετέρων
1066 2539 1217 2579 πλείους
1258 2539 1523 2588 ὑπειλήφασιν,
1567 2540 1610 2576 οὗ
1653 2537 1730 2577 κατ’
1773 2538 1878 2582 ἀξίαν

280 2606 514 2654 πράττοντος,
546 2605 599 2645 οἷς
630 2605 674 2653 δὴ
708 2606 757 2642 σὺ
795 2604 1156 2656 συγκαταθήσεσθαί
1182 2621 1246 2653 μοι
1276 2604 1403 2644 δοκεῖς.
1460 2603 1585 2642 Ἀλλὰ
1611 2604 1686 2653 μὴν
1713 2603 1783 2653 ἤδη
1811 2604 1879 2652 τὴν

328 2723 398 2752 152.
431 2714 468 2743 ὡς
494 2736 502 2744 .
537 2738 544 2744 .
574 2739 579 2744 .
611 2723 682 2752 153.
709 2712 848 2750 κωμικοῦ
873 2715 946 2744 add.
971 2714 1006 2747 β.
1181 2721 1253 2750 159.
1285 2711 1374 2751 ἡμῶν
1402 2713 1475 2742 add.
1502 2713 1536 2746 B.
1703 2711 1772 2758 165.
1807 2712 1878 2745 Ge:

281 2756 514 2796 ἀντιφθονήσης
535 2760 567 2787 Γ.
659 2755 721 2797 ’γὰρ
736 2759 759 2791 β
775 2768 782 2787 :
806 2755 856 2786 καὶ
875 2759 904 2787 Ο.
994 2754 1207 2795 εὐροήσαντος
1225 2758 1264 2786 C:
1288 2755 1556 2795 εὐημειρὴσαντος
1570 2757 1603 2789 β.

329 2875 399 2902 137.
427 2865 619 2906 apolectos]
644 2864 695 2895 Cf.
716 2864 793 2895 Liv.
806 2873 858 2902 35.
879 2873 961 2902 342
975 2863 1047 2893 and
1118 2862 1285 2903 (Vischer
1301 2873 1333 2902 p.
1353 2864 1408 2903 31)
1425 2861 1489 2893 did
1505 2864 1568 2893 not
1584 2871 1682 2892 come
1696 2861 1754 2892 till
1774 2870 1866 2901 1523.

283 2908 334 2944 36.
355 2908 406 2937 28.
426 2908 456 2947 8,
475 2907 595 2938 where
618 2908 694 2938 this
718 2909 749 2938 is
765 2908 826 2937 the
851 2907 998 2946 reading
1015 2908 1052 2937 of
1164 2915 1236 2945 153.
1263 2906 1320 2936 τοῦ
1335 2904 1490 2945 κωμικοῦ]
1508 2906 1558 2936 Cf.
1577 2906 1638 2936 Ar.
1660 2907 1727 2934 Pax
1744 2914 1815 2943 29¹·

284 2960 379 2979 some
395 2951 493 2989 early
508 2950 675 2982 editions.
1204 2948 1328 2989 tellus]
1353 2949 1405 2980 cf.
1423 2950 1526 2988 Verg.
1546 2952 1626 2979 Aen.
1643 2958 1674 2986 4.
1702 2958 1754 2985 24.

331 2994 401 3033 146.
428 2993 574 3033 Regem]
636 2991 790 3025 Francis*
853 2994 1047 3025 invitation
1204 2992 1411 3033 corniculis]
1437 2992 1489 3023 Cf.
1506 2992 1568 3031 Ep.
1588 2992 1713 3030 456.21
1734 3001 1769 3022 11.
