2010 3417
238 869 276 900 35

244 2488 285 2519 60

247 2812 286 2853 65

292 168 343 206 92
753 169 1002 208 LETTERS
1041 168 1111 207 OF
1148 167 1414 207 ERASMUS
1753 163 1794 218 [1
1803 176 1825 215 5
1834 178 1848 202 1
1858 176 1880 215 5

346 275 537 314 Primum
557 276 694 326 igitur,
719 278 766 315 vt
780 277 958 325 ingenue
978 274 1127 322 dicam,
1149 273 1306 312 aeditae
1325 273 1479 312 Moriae
1498 273 1797 323 propemodum
1815 287 1884 313 me

292 341 483 391 poenitet.
546 340 589 379 Is
621 340 788 379 libellus
819 339 1012 378 nonnihil
1045 338 1151 377 mihi
1183 337 1341 388 peperit
1379 337 1531 388 gloriae
1559 337 1636 386 vel,
1670 337 1705 376 si
1736 339 1881 387 mauis,

291 406 434 443 famae.
484 405 544 443 At
563 418 636 454 ego
656 404 765 442 nihil
784 417 922 442 moror
940 403 1118 453 gloriam
1137 416 1233 441 cum
1251 402 1411 442 inuidia
1429 403 1702 441 coniunctam.
1753 402 1888 451 Quan-

293 481 428 519 quam,
450 482 473 506 0
493 468 643 518 superi,
669 468 768 518 quid
794 470 857 507 est
880 468 956 506 hoc
984 469 1123 506 totum
1145 467 1253 518 quod
1274 467 1398 518 vulgo
1423 467 1598 517 gloriam
1621 467 1781 515 vocant,
1805 466 1888 506 nisi

236 551 252 581 3
292 547 443 572 nomen
463 534 759 573 inanissimum
779 547 829 573 ex
848 534 1079 584 gentilitate
1098 533 1287 572 relictum
1300 534 1321 572 ‘?
1372 533 1488 582 Quod
1508 545 1638 582 genus
1657 545 1740 570 non
1760 545 1889 582 pauca

292 599 533 638 resederunt
560 600 669 649 apud
689 599 957 648 Christianos,
986 599 1086 638 dum
1113 598 1467 638 immortalitatem
1497 597 1707 649 appellant
1735 597 1889 636 famam

292 664 466 714 posteris
483 663 680 714 relictam,
697 666 736 703 et
751 664 950 703 virtutem
965 664 1314 714 qualiumcunque
1334 664 1571 703 litterarum
1589 662 1789 702 studium.
1836 661 1890 700 In

294 729 487 768 omnibus
505 730 699 769 aedendis
723 729 841 769 libris
863 729 932 769 hic
950 729 1097 769 vnicus
1123 742 1285 779 semper
1313 729 1419 767 mihi
1445 729 1525 768 fuit
1553 742 1711 779 scopus,
1733 730 1780 767 vt
1798 741 1891 767 mea

293 795 497 834 industria
524 795 706 846 aliquam
734 796 937 834 adferrem
957 795 1208 842 vtilitatem;
1236 794 1278 833 id
1302 794 1339 833 si
1364 795 1505 833 minus
1528 794 1689 844 assequi
1711 806 1886 843 possem,

295 861 401 898 certe
430 860 592 899 nullam
625 861 830 899 adferrem
859 873 1020 899 noxam.
1082 860 1262 898 Proinde
1293 873 1389 898 cum
1421 872 1593 909 magnos
1621 859 1748 898 etiam
1778 859 1891 898 viros

294 925 511 964 videamus
530 925 683 965 litteris
709 927 795 965 suis
821 926 969 965 abusos
994 926 1044 964 ad
1068 926 1240 964 affectus
1266 938 1363 964 suos
1382 925 1637 975 digerendos,
1659 926 1761 964 dum
1784 924 1892 964 alius

295 992 432 1029 cantat
449 991 610 1042 ineptos
629 1005 788 1030 amores
808 1004 913 1039 suos,
933 990 1039 1029 alius
1058 990 1249 1029 adulatur
1262 989 1315 1029 iis
1331 1003 1433 1040 quos
1448 992 1596 1040 captat,
1613 990 1720 1029 alius
1738 989 1892 1029 iniuria

295 1055 510 1095 lacessitus
525 1057 621 1096 stilo
637 1057 787 1104 referit,
805 1056 911 1095 alius
930 1056 1018 1106 ipse
1033 1056 1098 1095 sui
1113 1055 1268 1094 tibicen
1284 1057 1348 1095 est
1363 1057 1403 1094 et
1422 1055 1466 1094 in
1482 1055 1698 1094 efferendis
1717 1055 1894 1105 propriis

295 1121 488 1159 laudibus
517 1122 706 1171 quemuis
734 1122 1001 1169 Thrasonem,
1035 1121 1227 1171 quemuis
1255 1120 1604 1171 Pyrgopolinicen
1633 1122 1823 1171 superat3
1852 1122 1894 1159 at

295 1200 368 1236 ego
398 1187 591 1236 quamuis
623 1187 789 1237 ingenio
827 1186 943 1225 tenui
974 1188 1016 1225 et
1048 1198 1244 1236 perquam
1275 1186 1421 1236 exigua
1453 1185 1642 1225 doctrina
1671 1185 1892 1236 praeditus,

296 1254 435 1290 tamen
454 1252 534 1291 huc
556 1266 719 1302 semper
740 1252 924 1302 spectaui
943 1253 999 1301 vt,
1023 1251 1060 1290 si
1079 1264 1253 1302 possem,
1275 1251 1536 1301 p1·odessem;
1569 1251 1635 1291 sin
1665 1251 1818 1299 minus,
1842 1264 1895 1289 ne

296 1331 419 1366 quem
435 1317 650 1356 laederem.
693 1319 904 1357 Homerus
919 1330 1042 1356 suum
1059 1318 1104 1355 in
1117 1317 1339 1355 Thersiten
1354 1316 1494 1355 odium
1510 1317 1685 1356 molesta
1700 1316 1896 1355 carminis

295 1383 547 1433 hypotyposi
564 1383 677 1422 vltus
696 1385 768 1422 est.
820 1383 941 1422 Plato
957 1396 1081 1433 quam
1100 1382 1255 1421 multos
1274 1382 1525 1421 nominatim
1544 1382 1787 1432 perstrinxit
1806 1382 1895 1420 suis

297 1447 495 1497 dialogis!
564 1448 641 1487 Oui
669 1448 852 1498 pepercit
885 1448 1143 1495 Aristoteles,
1179 1448 1252 1497 qui
1288 1460 1363 1486 nec
1394 1447 1563 1486 Platoni
1599 1448 1780 1498 pepercit
1817 1461 1895 1486 nec

260 1521 275 1551 ζ
297 1512 486 1552 Socrati?
525 1513 687 1552 Habuit
717 1527 841 1552 suum
864 1513 1166 1551 Demosthenes
1188 1513 1455 1563 Aeschynem
1483 1513 1528 1550 in
1555 1526 1679 1563 quem
1708 1513 1804 1552 stilo
1833 1513 1897 1551 de-

296 1578 578 1618 baccharetur.
627 1579 788 1618 Habuit
808 1592 931 1617 suum
946 1579 1088 1618 Cicero
1109 1577 1318 1626 Pisonem,
1342 1577 1487 1616 habuit
1500 1578 1731 1626 Vatinium,
1748 1577 1897 1617 habuit

299 1643 537 1690 Salustium,
559 1644 707 1682 habuit
725 1644 973 1682 Antonium.
1033 1643 1167 1691 Quam
1193 1643 1351 1681 multos
1375 1643 1629 1681 nominatim
1652 1646 1693 1682 et
1719 1643 1827 1682 ridet
1856 1645 1897 1681 et

298 1708 426 1757 carpit
446 1707 625 1747 Seneca!
677 1708 794 1756 Quod
815 1709 851 1747 si
869 1708 1117 1746 recentiores
1144 1708 1358 1758 expendas,
1381 1709 1422 1746 et
1442 1707 1687 1747 Petrarchae
1705 1708 1750 1746 in
1770 1707 1898 1747 medi-

297 1785 390 1810 cum
412 1773 616 1822 quendam
641 1775 683 1812 et
702 1773 926 1812 Laurentio
950 1773 995 1811 in
1016 1773 1194 1823 Pogium
1220 1775 1261 1811 et
1281 1772 1492 1812 Politiano
1518 1773 1563 1810 in
1590 1773 1751 1812 Scalam
1774 1772 1898 1812 stilus

240 1847 256 1877 5
297 1837 369 1875 teli
388 1837 476 1876 vice
496 1837 586 1876 fuit.
647 1838 780 1887 Quem
799 1851 850 1876 ex
870 1837 1064 1877 omnibus
1089 1837 1197 1876 mihi
1217 1837 1334 1876 dabis
1353 1840 1439 1876 tam
1465 1838 1703 1876 modestum
1723 1838 1795 1888 qui
1813 1851 1898 1876 non

298 1902 597 1942 amarulentius
615 1903 661 1941 in
680 1903 860 1954 aliquem
880 1903 1123 1953 scripserit?
1177 1902 1273 1954 Ipse
1294 1902 1590 1953 Hieronymus,
1611 1903 1679 1942 vir
1696 1906 1784 1943 tam
1803 1904 1899 1954 pius

298 1969 338 2005 et
354 1968 502 2017 grauis,
517 1968 736 2018 aliquoties
752 1981 836 2007 non
852 1969 935 2007 sibi
949 1970 1154 2019 temperat
1170 1968 1272 2019 quin
1287 1969 1333 2007 in
1345 1968 1622 2018 Vigilantium
1637 1969 1899 2008 incandescat

298 2032 440 2081 acrius,
456 2032 501 2070 in
514 2033 792 2072 Iouinianum‘
800 2034 972 2072 insultet
987 2034 1311 2083 immoderatius,
1327 2033 1371 2071 in
1385 2033 1586 2072 Rufinum
1601 2034 1899 2072 amarulentius

299 2097 535 2136 inuehatur.
582 2098 752 2148 Semper
770 2099 838 2137 hic
858 2099 1032 2137 eruditis
1050 2111 1142 2137 mos
1161 2099 1253 2146 fuit,
1272 2099 1468 2149 quicquid
1488 2099 1599 2137 dolet
1618 2101 1689 2137 aut
1710 2098 1895 2146 delectat,

264 2173 277 2203 ζ
300 2162 453 2200 chartis
468 2175 540 2201 ceu
557 2162 652 2201 fidis
669 2163 879 2202 sodalibus
895 2164 1163 2212 committere,
1182 2164 1227 2201 in
1243 2163 1391 2201 harum
1407 2162 1547 2202 sinum
1563 2176 1706 2202 omnes
1720 2163 1898 2213 pectoris

299 2230 436 2265 aestus
454 2227 674 2266 effundere.
733 2228 827 2266 Imo
848 2229 1128 2278 deprehendas
1148 2229 1350 2278 quosdam
1377 2241 1460 2267 non
1480 2228 1561 2267 alio
1582 2228 1752 2267 consilio
1771 2228 1898 2267 libros

301 2292 535 2331 scribendos
554 2293 761 2342 suscipere
777 2306 901 2343 quam
915 2295 961 2332 vt
981 2294 1026 2331 in
1046 2293 1112 2331 his
1132 2294 1265 2332 obiter
1284 2293 1414 2332 animi
1433 2293 1498 2332 sui
1518 2295 1656 2332 motus
1675 2293 1898 2332 infulciant

304 2360 425 2407 atque
445 2358 520 2396 hac
540 2358 700 2396 ratione
720 2358 1012 2397 transmittant
1031 2360 1076 2396 in
1095 2360 1291 2408 posteros.

355 2424 415 2461 At
444 2436 517 2472 ego
545 2423 591 2460 in
618 2425 683 2461 tot
712 2423 796 2461 iam
825 2423 971 2462 aeditis
999 2423 1295 2471 voluminibus,
1327 2435 1422 2461 cum
1450 2424 1538 2461 tam
1576 2423 1732 2462 multos
1765 2422 1900 2461 candi-

304 2487 472 2526 dissime
500 2487 713 2536 laudarim,
739 2501 897 2538 quaeso,
928 2488 1045 2526 cuius
1065 2501 1249 2538 vnquam
1276 2487 1493 2537 denigraui
1521 2488 1709 2527 famam?
1746 2489 1814 2526 cui
1833 2487 1900 2526 vel

303 2552 557 2591 leuissimam
590 2554 744 2603 aspersi
776 2553 914 2592 labem
928 2554 948 2592 ‘?
995 2566 1120 2603 quam
1157 2554 1333 2603 gentem,
1377 2566 1501 2603 quem
1536 2553 1737 2602 ordinem,
1778 2566 1901 2604 quem

304 2617 518 2656 hominem
538 2618 788 2656 nominatim
809 2619 949 2657 taxaui
963 2620 983 2657 ?
1039 2618 1147 2667 Quid
1167 2618 1204 2657 si
1224 2618 1338 2666 scias,
1362 2619 1424 2657 mi
1443 2619 1583 2668 Dorpi,
1607 2619 1768 2668 quoties
1786 2618 1836 2657 ad
1857 2618 1900 2657 id

304 2682 538 2720 faciendum
558 2683 708 2720 fuerim
728 2683 836 2721 nulli
856 2683 1082 2722 tolerandis
1109 2683 1373 2722 contumeliis
1392 2686 1639 2733 prouocatus
1652 2685 1672 2723 ‘?
1729 2683 1901 2733 Semper

304 2748 442 2784 tamen
463 2746 545 2785 vici
565 2747 750 2786 dolorem
774 2748 905 2786 animi
923 2749 1018 2797 mei,
1042 2749 1257 2798 magisque
1275 2748 1477 2787 rationem
1503 2748 1630 2787 habui
1651 2748 1750 2798 quid
1768 2749 1900 2797 poste-

305 2811 404 2849 ritas
434 2814 543 2850 esset
572 2813 802 2852 iudicatura
830 2813 879 2852 de
913 2813 1033 2852 nobis
1072 2821 1196 2863 quani
1235 2814 1336 2863 quid
1366 2813 1536 2852 illorum
1567 2814 1795 2851 mereretur
1826 2811 1899 2849 im-

306 2875 498 2925 probitas.
550 2877 593 2915 Si
614 2891 676 2916 res
695 2878 783 2928 ipsa
802 2878 973 2928 perinde
992 2879 1140 2917 fuisset
1160 2880 1258 2917 nota
1274 2879 1454 2926 caeteris,
1471 2881 1518 2917 vt
1538 2880 1624 2916 erat
1643 2876 1759 2924 mihi,
1776 2889 1899 2915 nemo

502 2960 552 2990 35.
581 2952 720 2983 nullam
735 2957 764 2984 Α
782 2965 789 2983 ε
812 2964 856 2984 ne
873 2964 980 2993 quam
996 2965 1026 2985 α.
1171 2963 1226 2994 39.
1249 2955 1287 2985 at
1302 2963 1364 2993 ego
1380 2957 1429 2984 A:
1454 2962 1516 2992 ego
1532 2955 1654 2983 tamen
1671 2963 1702 2982 α.

623 3039 675 3068 55.
701 3029 851 3070 chartis]
878 3030 964 3061 Hor.
982 3033 1014 3060 S.
1034 3040 1066 3060 2.
1088 3039 1116 3061 1.
1133 3040 1187 3069 30,
1205 3040 1239 3068 13
1265 3030 1310 3060 cf.
1331 3031 1392 3069 Ep.
1411 3039 1485 3069 341.
1503 3038 1532 3068 5,
1551 3029 1581 3060 6.
