2010 3417
219 528 279 569 ²65

219 1512 280 1545 280

219 1842 278 1882 285

301 157 381 197 466
765 154 1019 195 LETTERS
1057 155 1127 194 OF
1164 155 1430 194 ERASMUS
1769 154 1809 208 [1
1818 167 1840 205 5
1849 167 1891 204 17

303 266 572 317 quantumuis
597 263 842 315 simpliciter
870 266 943 303 aut
968 264 1183 303 commode
1209 264 1399 315 explices,
1423 266 1562 304 tamen
1593 264 1665 304 vix
1697 264 1826 305 etiam
1844 266 1896 305 ab

301 331 472 371 attentis
501 330 728 380 capiantur.
782 329 902 378 Quod
935 329 972 368 si
999 342 1177 379 vsquam
1207 329 1320 379 alibi,
1344 330 1413 368 hic
1445 331 1552 368 certe
1581 329 1802 370 videbatur
1837 331 1897 368 rei

300 395 518 434 difficultas
537 394 735 433 orationis
759 394 1002 433 facilitatem
1028 395 1283 445 desyderare,
1306 409 1358 434 ne
1381 395 1508 434 lector
1529 396 1696 445 gemina
1714 408 1897 435 onerare-

299 464 367 499 tur
386 460 588 509 molestia,
606 461 792 510 primum
805 460 1051 510 argumenti,
1069 460 1217 499 deinde
1237 461 1532 511 explicationis
1591 461 1647 499 Et
1665 474 1760 499 cum
1781 461 1897 500 aliud

301 540 349 565 ex
369 526 450 566 alio
469 527 645 577 pendeat
663 528 785 576 atque
807 526 858 564 ob
885 525 927 564 id
951 526 1078 564 lector
1096 525 1243 565 auidus
1263 526 1313 565 ad
1333 526 1461 565 finem
1480 526 1656 575 anhelet,
1679 539 1764 565 non
1783 526 1897 565 vide-

300 593 421 632 batur
448 592 619 630 obiectis
649 591 822 630 salebris
849 605 895 630 ac
923 591 1046 630 lamis
1073 605 1097 630 a
1125 605 1247 630 cursu
1275 592 1557 630 retardandus.
1615 593 1683 631 Ad
1713 592 1824 640 haec,
1860 593 1897 630 si

299 658 479 698 maxime
498 657 697 708 probatur
712 657 842 696 oratio
863 670 966 706 quae
985 657 1165 696 maxime
1183 660 1383 707 congruat
1402 658 1459 695 rei
1479 671 1602 708 quam
1621 659 1780 706 tractat,
1803 657 1898 696 vide

304 737 406 763 num
425 723 648 762 conueniat
674 722 875 772 quiritari‚
906 724 954 761 vt
976 724 1050 761 tuo
1068 725 1163 762 vtar
1184 723 1320 770 verbo,
1343 723 1388 761 in
1408 725 1653 772 argumento
1672 726 1759 762 tam
1779 723 1890 762 exili.

301 789 440 840 Neque
469 788 579 827 enim
610 787 808 827 continuo
837 787 945 838 quod
974 789 1036 826 est
1064 788 1371 837 difficillimum,
1394 788 1505 827 idem
1529 790 1592 827 est
1616 790 1657 827 et
1676 789 1897 839 grandissi-

300 868 444 903 mum3
474 854 559 893 imo
586 856 727 892 contra
752 854 835 892 fere
862 866 940 892 vsu
963 853 1079 892 venit
1106 855 1152 893 vt
1178 853 1409 904 plurimum
1433 853 1610 892 habeant
1635 854 1895 893 difficultatis

299 934 400 971 quae
419 923 517 959 sunt
537 919 833 958 minutissima.
892 919 1032 958 Habet
1056 921 1198 958 tamen
1227 920 1268 957 et
1295 919 1373 957 hoc
1397 932 1528 969 genus
1553 932 1648 957 suas
1669 919 1796 968 dotes,
1818 920 1888 959 sed

300 999 393 1024 mea
411 985 616 1024 sententia
636 984 804 1034 quasuis
823 984 960 1035 potius
980 997 1106 1034 quam
1127 984 1318 1034 δεινότητα
1335 986 1406 1023 aut
1425 982 1761 1036 μεγαλοπρέπειαν.

351 1052 489 1090 Tuum
513 1051 646 1100 ipsius
670 1050 860 1089 animum
883 1063 995 1088 nunc
1021 1049 1193 1100 appello,
1218 1049 1394 1090 Budaee.
1454 1049 1653 1088 Ferresne
1671 1049 1889 1089 Euclidem

298 1119 348 1157 de
375 1116 520 1167 figuris
547 1115 852 1155 mathematicis
879 1115 981 1154 istoc
1011 1115 1210 1154 orationis
1239 1117 1434 1165 apparatu
1458 1116 1761 1154 disserentem?
1817 1116 1894 1154 Sed

240 1192 255 1202 ”
298 1184 447 1222 harum
479 1195 619 1220 rerum
649 1182 759 1220 haud
790 1181 965 1229 nescius,
998 1182 1154 1230 opinor,
1187 1195 1284 1220 cum
1320 1182 1527 1232 exquisito
1564 1181 1744 1232 vndique
1776 1195 1895 1232 opere

298 1247 455 1299 ingenii
492 1247 554 1287 tui
590 1247 802 1297 specimen
836 1247 932 1286 dare
968 1247 1096 1285 velles
1134 1247 1405 1285 eruditiorum
1443 1247 1647 1286 duntaxat
1684 1247 1895 1298 panegyri,

302 1313 448 1353 callido
477 1313 656 1363 quodam
689 1312 860 1351 consilio
891 1311 991 1351 Assi
1020 1314 1093 1351 tuo
1123 1326 1196 1351 ceu
1227 1325 1323 1362 agro
1353 1312 1559 1351 senticoso
1591 1312 1894 1363 digressionum

301 1379 458 1429 aliquot
475 1378 629 1418 virecta
647 1378 866 1427 miscuisti,
887 1379 935 1417 vt
961 1377 1006 1415 in
1030 1377 1096 1416 his
1122 1377 1249 1416 lector
1267 1377 1504 1428 argumenti
1523 1377 1744 1427 asperitate
1763 1378 1896 1417 lassus

301 1444 530 1483 subsideret
549 1458 595 1483 ac
614 1444 841 1494 respiraret.
902 1443 1022 1491 Quod
1041 1442 1153 1481 idem
1172 1456 1240 1481 me
1260 1443 1305 1481 in
1325 1443 1582 1482 Chiliadibus
1601 1443 1743 1482 fecisse
1760 1444 1896 1483 crimi-

302 1512 499 1549 naturum
519 1512 560 1548 te
579 1509 763 1557 minaris,
786 1508 868 1547 nisi
892 1510 933 1547 te
957 1508 1171 1546 criminari
1197 1508 1383 1547 desinam
1402 1523 1412 1556 3
1442 1508 1514 1558 qui
1534 1508 1719 1547 instituti
1738 1508 1895 1548 oblitus

300 1576 345 1614 in
383 1574 537 1613 Silenis
574 1574 721 1612 mundi
757 1587 923 1613 scenam
955 1586 1085 1623 agam,
1120 1573 1166 1612 in
1197 1573 1341 1623 adagio
1380 1574 1523 1614 Γλυκὺς
1556 1574 1692 1625 ἀπείρῳ
1728 1575 1897 1624 πόλεμος

302 1640 500 1678 aduersus
524 1639 742 1678 bellatores
770 1639 873 1677 istos
896 1638 1122 1689 belligerer,
1146 1638 1191 1677 in
1216 1639 1413 1677 Scarabeo
1437 1639 1581 1677 ludam
1600 1653 1645 1678 ac
1665 1639 1891 1687 lasciuiam,

298 1706 342 1744 in
371 1705 589 1755 prouerbio
617 1706 793 1754 Σπάρταν
823 1704 964 1755 ἔλαχες,
989 1705 1126 1743 ταύταν
1155 1705 1289 1754 κόσμει
1309 1704 1483 1754 aliisque
1518 1704 1803 1754 compluribus
1832 1704 1897 1742 de-

299 1771 487 1810 clamem.
533 1770 708 1809 Vtinam
734 1770 841 1809 mihi
867 1770 988 1808 liceat
1014 1769 1082 1808 hic
1108 1771 1322 1820 peccatum
1351 1771 1490 1808 tecum
1516 1783 1736 1808 commune
1756 1770 1889 1817 fateri,

301 1836 425 1876 modo
443 1836 554 1874 idem
574 1835 679 1874 mihi
704 1835 857 1885 pariter
882 1835 1144 1874 successisset
1161 1836 1170 1873 !
1227 1834 1475 1885 Quanquam
1494 1835 1531 1873 si
1550 1834 1678 1873 libeat
1701 1835 1895 1886 tergiuer-

299 1903 393 1951 sari,
424 1901 671 1951 respondere
698 1914 861 1952 possem
891 1914 1058 1940 causam
1084 1903 1201 1939 tuam
1240 1913 1325 1938 non
1356 1900 1527 1939 omnino
1557 1900 1739 1939 similem
1769 1913 1893 1939 meae.

300 1969 417 2008 Tuus
442 1967 562 2006 Assis
591 1969 756 2005 catenae
782 1967 867 2005 ritu
895 1967 954 2005 sic
983 1968 1097 2005 totus
1121 1966 1203 2004 sibi
1227 1966 1402 2013 coheret,
1425 1967 1472 2004 vt
1491 1978 1577 2004 non
1596 1965 1766 2015 perinde
1784 1965 1898 2004 locus

303 2033 357 2072 sit
386 2032 644 2082 longioribus
672 2031 1009 2082 digressionibus.
1067 2032 1252 2070 Mearum
1281 2031 1518 2070 Chih‘adum
1546 2044 1595 2069 ea
1624 2031 1727 2069 ratio
1754 2033 1829 2081 est,
1850 2033 1898 2069 vt

301 2099 442 2139 vbivbi
474 2098 650 2149 quoduis
682 2097 840 2136 finieris
867 2097 1072 2147 adagium,
1112 2097 1333 2147 imaginari
1371 2096 1502 2147 possis
1535 2096 1620 2134 iam
1652 2096 1896 2146 explicitum

221 2180 282 2211 290
298 2164 506 2204 volumen.
577 2163 632 2201 Et
677 2163 871 2201 incidunt
916 2162 1124 2212 permulta
1170 2175 1273 2212 quae
1319 2162 1370 2200 ad
1417 2161 1733 2200 declamandum
1780 2161 1898 2200 velut

304 2230 497 2271 innitent.
558 2230 663 2277 Age,
694 2227 760 2266 dic
792 2228 901 2266 mihi
933 2229 1025 2278 πρὸς
1055 2231 1128 2267 τῶν
1163 2230 1328 2278 μουσῶν,
1359 2240 1454 2265 cum
1483 2227 1534 2265 ab
1563 2226 1683 2265 Assis
1710 2226 1897 2276 partibus

298 2308 466 2335 exorsus
494 2295 589 2332 πάνυ
618 2294 827 2334 διδακτικῶς
853 2293 931 2332 sub
961 2294 1088 2332 finem
1116 2294 1252 2344 operis
1280 2295 1368 2331 tam
1396 2292 1468 2331 diu
1498 2305 1593 2330 cum
1621 2293 1695 2330 tuo
1718 2291 1899 2330 Deloino

301 2361 492 2400 desidens
510 2358 785 2398 confabularis
811 2359 862 2397 de
885 2361 996 2397 statu
1021 2358 1288 2409 moribusque
1313 2359 1551 2397 nostrorum
1571 2359 1818 2406 temporum,
1842 2370 1896 2396 an

300 2440 383 2466 non
402 2425 557 2465 vereris
577 2439 628 2463 ne
648 2424 740 2475 quis
760 2423 925 2463 Momus
944 2424 1022 2463 tibi
1042 2424 1288 2463 Gratianum
1309 2423 1415 2462 illud
1435 2422 1649 2472 occineret,

1244 2523 1461 2572 Amphora
1491 2522 1624 2571 coepit

623 2590 824 2638 Institui3
862 2591 1049 2628 currente
1077 2591 1167 2628 rota
1196 2603 1268 2627 cur
1294 2601 1441 2627 vrceus
1468 2587 1585 2626 exit?

345 2711 418 2741 266.
441 2711 526 2741 ClF:
550 2710 696 2741 laminis
713 2709 756 2742 0².
882 2720 957 2750 292.
981 2712 1082 2741 CLB:
1108 2711 1250 2741 exortus
1270 2712 1365 2739 Lond.
1493 2718 1566 2747 294.
1593 2707 1835 2738 Horatianum
1852 2707 1897 2739 (Ρ.
1938 2708 1941 2709 ’

302 2756 441 2785 occinat
456 2757 497 2785 H.

348 2895 420 2924 277.
453 2884 732 2925 digressionum]
768 2885 882 2915 These
918 2894 978 2915 are
1010 2893 1067 2914 ex-
1178 2884 1253 2916 281.
1282 2882 1429 2923 Silonis]
1453 2881 1504 2913 ef.
1524 2882 1586 2922 Ep.
1607 2891 1681 2920 421.
1700 2882 1741 2920 87
1762 2890 1802 2912 n.

306 2928 448 2958 amined
478 2931 514 2959 at
545 2929 670 2969 length
702 2930 747 2968 by
776 2929 821 2959 M.
852 2927 1064 2968 Delaruelle,
1178 2928 1251 2957 282.
1278 2924 1463 2966 Scarabeo]
1487 2928 1591 2964 Aday.
1607 2927 1704 2958 2601.

305 2973 401 3010 Bude,
420 2971 515 3011 chap.
533 2981 564 3010 5.
1177 2971 1252 3009 283.
1278 2969 1441 3010 Σπάρταν]
1465 2972 1560 3007 Αᾱας
1589 2978 1681 3007 1401.

350 3015 423 3045 280.
450 3014 619 3054 minaris]
633 3015 684 3046 Cf.
710 3015 770 3055 Ep.
790 3025 861 3055 493.
881 3015 944 3054 248
958 3024 1028 3053 seq.
1179 3024 1252 3054 294.
1278 3012 1508 3054 Gratianum]
1531 3016 1573 3043 A.
1589 3015 1622 3043 P.
1643 3022 1730 3052 ρπβ.
