<?xml version="1.0" encoding="UTF-8"?>
<!DOCTYPE html PUBLIC "-//W3C//DTD XHTML 1.0 Transitional//EN"
    "http://www.w3.org/TR/xhtml1/DTD/xhtml1-transitional.dtd">
<html xmlns="http://www.w3.org/1999/xhtml" xml:lang="en" lang="en">
 <head>
  <title>
</title>
<meta http-equiv="Content-Type" content="text/html;charset=utf-8" />
  <meta name='ocr-system' content='tesseract 3.04.00' />
  <meta name='ocr-capabilities' content='ocr_page ocr_carea ocr_par ocr_line ocrx_word'/>
</head>
<body>
  <div class='ocr_page' id='page_1' title='image "./opusepistolarumd02erasuoft/opusepistolarumd02erasuoft_0584.png"; bbox 0 0 2010 3417; ppageno 0'>
   <div class='ocr_carea' id='block_1_1' title="bbox 297 201 1891 259">
    <p class='ocr_par' dir='ltr' id='par_1_1' title="bbox 297 201 1891 259">
     <span class='ocr_line' id='line_1_1' title="bbox 297 201 1891 259; baseline 0.003 -20"><span class='ocrx_word' id='word_1_1' title='bbox 297 202 377 239; x_wconf 81' lang='lat'>556</span> <span class='ocrx_word' id='word_1_2' title='bbox 764 201 1016 240; x_wconf 76' lang='lat' dir='ltr'>LETTERS</span> <span class='ocrx_word' id='word_1_3' title='bbox 1054 202 1124 240; x_wconf 82' lang='lat' dir='ltr'>OF</span> <span class='ocrx_word' id='word_1_4' title='bbox 1161 203 1429 243; x_wconf 82' lang='lat' dir='ltr'>ERASMUS</span> <span class='ocrx_word' id='word_1_5' title='bbox 1768 204 1891 259; x_wconf 88' lang='lat'><strong>[1517</strong></span> 
     </span>
    </p>
   </div>
   <div class='ocr_carea' id='block_1_2' title="bbox 239 310 1898 549">
    <p class='ocr_par' dir='ltr' id='par_1_2' title="bbox 239 310 1898 492">
     <span class='ocr_line' id='line_1_2' title="bbox 239 310 1895 366; baseline 0.004 -20"><span class='ocrx_word' id='word_1_6' title='bbox 239 325 278 355; x_wconf 78' lang='lat'>30</span> <span class='ocrx_word' id='word_1_7' title='bbox 301 310 401 347; x_wconf 85' lang='lat' dir='ltr'>olim</span> <span class='ocrx_word' id='word_1_8' title='bbox 422 310 497 347; x_wconf 82' lang='lat' dir='ltr'>tibi</span> <span class='ocrx_word' id='word_1_9' title='bbox 525 310 675 348; x_wconf 86' lang='lat' dir='ltr'>fauisse</span> <span class='ocrx_word' id='word_1_10' title='bbox 695 311 761 348; x_wconf 91' lang='lat' dir='ltr'>vel</span> <span class='ocrx_word' id='word_1_11' title='bbox 787 311 922 349; x_wconf 87' lang='lat' dir='ltr'>adhuc</span> <span class='ocrx_word' id='word_1_12' title='bbox 946 311 1095 360; x_wconf 89' lang='lat' dir='ltr'>fauere,</span> <span class='ocrx_word' id='word_1_13' title='bbox 1119 313 1305 352; x_wconf 85' lang='lat' dir='ltr'>memini.</span> <span class='ocrx_word' id='word_1_14' title='bbox 1366 313 1520 352; x_wconf 84' lang='lat' dir='ltr'>Precor</span> <span class='ocrx_word' id='word_1_15' title='bbox 1546 314 1683 353; x_wconf 89' lang='lat' dir='ltr'>Deum</span> <span class='ocrx_word' id='word_1_16' title='bbox 1711 316 1895 366; x_wconf 87' lang='lat' dir='ltr'>omnipo-</span> 
     </span>
     <span class='ocr_line' id='line_1_3' title="bbox 299 375 1898 430; baseline 0.004 -18"><span class='ocrx_word' id='word_1_17' title='bbox 299 378 457 413; x_wconf 76' lang='lat' dir='ltr'>tentem</span> <span class='ocrx_word' id='word_1_18' title='bbox 483 377 530 413; x_wconf 82' lang='lat' dir='ltr'>vt</span> <span class='ocrx_word' id='word_1_19' title='bbox 555 375 790 414; x_wconf 76' lang='lat' dir='ltr'>diutissime</span> <span class='ocrx_word' id='word_1_20' title='bbox 814 378 855 414; x_wconf 93' lang='lat' dir='ltr'>et</span> <span class='ocrx_word' id='word_1_21' title='bbox 880 376 1118 416; x_wconf 88' lang='lat' dir='ltr'>felicissime</span> <span class='ocrx_word' id='word_1_22' title='bbox 1144 378 1290 426; x_wconf 83' lang='lat' dir='ltr'>valeas,</span> <span class='ocrx_word' id='word_1_23' title='bbox 1314 379 1530 418; x_wconf 85' lang='lat' dir='ltr'>doctorum</span> <span class='ocrx_word' id='word_1_24' title='bbox 1557 379 1748 418; x_wconf 84' lang='lat' dir='ltr'>omnium</span> <span class='ocrx_word' id='word_1_25' title='bbox 1774 381 1898 430; x_wconf 89' lang='lat' dir='ltr'>speci-</span> 
     </span>
     <span class='ocr_line' id='line_1_4' title="bbox 300 440 1295 492; baseline 0.006 -16"><span class='ocrx_word' id='word_1_26' title='bbox 300 453 394 477; x_wconf 86' lang='lat' dir='ltr'>men</span> <span class='ocrx_word' id='word_1_27' title='bbox 415 440 634 490; x_wconf 88' lang='lat' dir='ltr'>singulare.</span> <span class='ocrx_word' id='word_1_28' title='bbox 696 441 759 479; x_wconf 82' lang='lat' dir='ltr'>Ex</span> <span class='ocrx_word' id='word_1_29' title='bbox 781 442 1045 492; x_wconf 88' lang='lat' dir='ltr'>Cantebrigia</span> <span class='ocrx_word' id='word_1_30' title='bbox 1065 443 1158 481; x_wconf 86' lang='lat' dir='ltr'>Kal.</span> <span class='ocrx_word' id='word_1_31' title='bbox 1184 443 1295 482; x_wconf 84' lang='lat' dir='ltr'>Maii.</span> 
     </span>
    </p>

    <p class='ocr_par' dir='ltr' id='par_1_3' title="bbox 1464 509 1788 549">
     <span class='ocr_line' id='line_1_5' title="bbox 1464 509 1788 549; baseline 0.003 -1"><span class='ocrx_word' id='word_1_32' title='bbox 1464 509 1658 549; x_wconf 88' lang='lat' dir='ltr'>Bouillus</span> <span class='ocrx_word' id='word_1_33' title='bbox 1679 512 1788 549; x_wconf 87' lang='lat' dir='ltr'>tuus.</span> 
     </span>
    </p>
   </div>
   <div class='ocr_carea' id='block_1_3' title="bbox 718 718 1474 762">
    <p class='ocr_par' dir='ltr' id='par_1_4' title="bbox 718 718 1474 762">
     <span class='ocr_line' id='line_1_6' title="bbox 718 718 1474 762; baseline 0.004 -4"><span class='ocrx_word' id='word_1_34' title='bbox 718 719 813 759; x_wconf 87' lang='lat'>580.</span> <span class='ocrx_word' id='word_1_35' title='bbox 878 718 1009 759; x_wconf 67' lang='lat' dir='ltr'>Faom</span> <span class='ocrx_word' id='word_1_36' title='bbox 1043 719 1212 760; x_wconf 82' lang='lat' dir='ltr'><strong>HENRY</strong></span> <span class='ocrx_word' id='word_1_37' title='bbox 1244 719 1474 762; x_wconf 83' lang='lat' dir='ltr'>BULLocK.</span> 
     </span>
    </p>
   </div>
   <div class='ocr_carea' id='block_1_4' title="bbox 342 829 1852 938">
    <p class='ocr_par' dir='ltr' id='par_1_5' title="bbox 342 829 1852 938">
     <span class='ocr_line' id='line_1_7' title="bbox 342 829 1819 881; baseline 0.004 -18"><span class='ocrx_word' id='word_1_38' title='bbox 342 829 526 866; x_wconf 82' lang='lat' dir='ltr'>Deventer</span> <span class='ocrx_word' id='word_1_39' title='bbox 544 830 621 866; x_wconf 80' lang='lat' dir='ltr'>MS.</span> <span class='ocrx_word' id='word_1_40' title='bbox 641 842 695 876; x_wconf 86' lang='lat'>91,</span> <span class='ocrx_word' id='word_1_41' title='bbox 717 832 741 866; x_wconf 85' lang='lat' dir='ltr'>f.</span> <span class='ocrx_word' id='word_1_42' title='bbox 762 841 837 877; x_wconf 86' lang='lat'>105.</span> <span class='ocrx_word' id='word_1_43' title='bbox 1584 833 1819 881; x_wconf 80' lang='lat' dir='ltr'>Cambridge.</span> 
     </span>
     <span class='ocr_line' id='line_1_8' title="bbox 344 887 1852 938; baseline 0.004 -16"><span class='ocrx_word' id='word_1_44' title='bbox 344 887 415 923; x_wconf 91' lang='lat' dir='ltr'>LB.</span> <span class='ocrx_word' id='word_1_45' title='bbox 431 889 527 934; x_wconf 86' lang='lat' dir='ltr'>App.</span> <span class='ocrx_word' id='word_1_46' title='bbox 550 899 627 934; x_wconf 84' lang='lat'>137.</span> <span class='ocrx_word' id='word_1_47' title='bbox 1548 903 1571 936; x_wconf 90' lang='lat'>4</span> <span class='ocrx_word' id='word_1_48' title='bbox 1589 891 1677 937; x_wconf 84' lang='lat' dir='ltr'>May</span> <span class='ocrx_word' id='word_1_49' title='bbox 1695 890 1852 938; x_wconf 82' lang='lat'>(1517).</span> 
     </span>
    </p>
   </div>
   <div class='ocr_carea' id='block_1_5' title="bbox 297 981 1897 1068">
    <p class='ocr_par' dir='ltr' id='par_1_6' title="bbox 297 981 1897 1068">
     <span class='ocr_line' id='line_1_9' title="bbox 345 981 1897 1023; baseline 0.002 -12"><span class='ocrx_word' id='word_1_50' title='bbox 345 981 508 1021; x_wconf 76' lang='lat' dir='ltr'>[Shortly</span> <span class='ocrx_word' id='word_1_51' title='bbox 535 981 626 1012; x_wconf 84' lang='lat' dir='ltr'>after</span> <span class='ocrx_word' id='word_1_52' title='bbox 654 982 717 1021; x_wconf 87' lang='lat' dir='ltr'>Ep.</span> <span class='ocrx_word' id='word_1_53' title='bbox 747 991 834 1021; x_wconf 86' lang='lat'><strong>579;</strong></span> <span class='ocrx_word' id='word_1_54' title='bbox 868 981 1054 1021; x_wconf 78' lang='lat' dir='ltr'>evidently</span> <span class='ocrx_word' id='word_1_55' title='bbox 1081 983 1287 1023; x_wconf 81' lang='lat' dir='ltr'>answering</span> <span class='ocrx_word' id='word_1_56' title='bbox 1316 993 1337 1014; x_wconf 90' lang='lat' dir='ltr'>a</span> <span class='ocrx_word' id='word_1_57' title='bbox 1367 983 1474 1015; x_wconf 87' lang='lat' dir='ltr'>letter</span> <span class='ocrx_word' id='word_1_58' title='bbox 1504 984 1545 1014; x_wconf 90' lang='lat' dir='ltr'>in</span> <span class='ocrx_word' id='word_1_59' title='bbox 1574 983 1694 1015; x_wconf 84' lang='lat' dir='ltr'>which</span> <span class='ocrx_word' id='word_1_60' title='bbox 1727 983 1897 1014; x_wconf 83' lang='lat' dir='ltr'>Erasmus</span> 
     </span>
     <span class='ocr_line' id='line_1_10' title="bbox 297 1025 1253 1068; baseline 0.004 -14"><span class='ocrx_word' id='word_1_61' title='bbox 297 1025 501 1064; x_wconf 83' lang='lat' dir='ltr'>apologized</span> <span class='ocrx_word' id='word_1_62' title='bbox 525 1026 579 1056; x_wconf 85' lang='lat' dir='ltr'>for</span> <span class='ocrx_word' id='word_1_63' title='bbox 602 1025 664 1056; x_wconf 86' lang='lat' dir='ltr'>the</span> <span class='ocrx_word' id='word_1_64' title='bbox 689 1025 869 1056; x_wconf 84' lang='lat' dir='ltr'>inclusion</span> <span class='ocrx_word' id='word_1_65' title='bbox 895 1025 932 1055; x_wconf 89' lang='lat' dir='ltr'>of</span> <span class='ocrx_word' id='word_1_66' title='bbox 953 1026 1017 1065; x_wconf 88' lang='lat' dir='ltr'>Ep.</span> <span class='ocrx_word' id='word_1_67' title='bbox 1041 1036 1106 1065; x_wconf 88' lang='lat'>449</span> <span class='ocrx_word' id='word_1_68' title='bbox 1129 1027 1169 1057; x_wconf 93' lang='lat' dir='ltr'>in</span> <span class='ocrx_word' id='word_1_69' title='bbox 1193 1026 1253 1068; x_wconf 88' lang='lat' dir='ltr'>B.]</span> 
     </span>
    </p>
   </div>
   <div class='ocr_carea' id='block_1_6' title="bbox 879 1136 1378 1169">
    <p class='ocr_par' dir='ltr' id='par_1_7' title="bbox 879 1136 1378 1169">
     <span class='ocr_line' id='line_1_11' title="bbox 879 1136 1378 1169; baseline 0.008 -4"><span class='ocrx_word' id='word_1_70' title='bbox 879 1136 1099 1166; x_wconf 76' lang='lat' dir='ltr'>BOVILLVS</span> <span class='ocrx_word' id='word_1_71' title='bbox 1132 1137 1312 1168; x_wconf 82' lang='lat' dir='ltr'><strong>ERASMO</strong></span> <span class='ocrx_word' id='word_1_72' title='bbox 1343 1139 1378 1169; x_wconf 88' lang='lat' dir='ltr'>S.</span> 
     </span>
    </p>
   </div>
   <div class='ocr_carea' id='block_1_7' title="bbox 238 1217 1935 3100">
    <p class='ocr_par' dir='ltr' id='par_1_8' title="bbox 295 1217 1901 1464">
     <span class='ocr_line' id='line_1_12' title="bbox 351 1217 1900 1268; baseline 0.001 -13"><span class='ocrx_word' id='word_1_73' title='bbox 351 1218 512 1266; x_wconf 79' lang='lat' dir='ltr'>APAGE,</span> <span class='ocrx_word' id='word_1_74' title='bbox 534 1217 702 1256; x_wconf 87' lang='lat' dir='ltr'>obsecro</span> <span class='ocrx_word' id='word_1_75' title='bbox 720 1232 728 1265; x_wconf 91' lang='lat'>;</span> <span class='ocrx_word' id='word_1_76' title='bbox 759 1217 868 1255; x_wconf 86' lang='lat' dir='ltr'>nihil</span> <span class='ocrx_word' id='word_1_77' title='bbox 895 1217 1117 1268; x_wconf 86' lang='lat' dir='ltr'>quicquam</span> <span class='ocrx_word' id='word_1_78' title='bbox 1137 1218 1359 1258; x_wconf 83' lang='lat' dir='ltr'>absurdius</span> <span class='ocrx_word' id='word_1_79' title='bbox 1379 1219 1534 1257; x_wconf 87' lang='lat' dir='ltr'>audiui.</span> <span class='ocrx_word' id='word_1_80' title='bbox 1592 1220 1770 1257; x_wconf 85' lang='lat' dir='ltr'>Auertat</span> <span class='ocrx_word' id='word_1_81' title='bbox 1789 1231 1814 1257; x_wconf 87' lang='lat' dir='ltr'>a</span> <span class='ocrx_word' id='word_1_82' title='bbox 1834 1231 1900 1257; x_wconf 87' lang='lat' dir='ltr'>me</span> 
     </span>
     <span class='ocr_line' id='line_1_13' title="bbox 299 1283 1899 1335; baseline 0.001 -15"><span class='ocrx_word' id='word_1_83' title='bbox 299 1283 410 1321; x_wconf 87' lang='lat' dir='ltr'>Deus</span> <span class='ocrx_word' id='word_1_84' title='bbox 430 1284 538 1322; x_wconf 89' lang='lat' dir='ltr'>hanc</span> <span class='ocrx_word' id='word_1_85' title='bbox 558 1283 787 1331; x_wconf 82' lang='lat' dir='ltr'>infamiam,</span> <span class='ocrx_word' id='word_1_86' title='bbox 812 1285 858 1322; x_wconf 84' lang='lat' dir='ltr'>vt</span> <span class='ocrx_word' id='word_1_87' title='bbox 878 1283 1011 1321; x_wconf 91' lang='lat' dir='ltr'>nolim</span> <span class='ocrx_word' id='word_1_88' title='bbox 1031 1297 1119 1322; x_wconf 88' lang='lat' dir='ltr'>esse</span> <span class='ocrx_word' id='word_1_89' title='bbox 1136 1284 1293 1323; x_wconf 89' lang='lat' dir='ltr'>editam</span> <span class='ocrx_word' id='word_1_90' title='bbox 1306 1297 1443 1323; x_wconf 90' lang='lat' dir='ltr'>meam</span> <span class='ocrx_word' id='word_1_91' title='bbox 1456 1284 1686 1335; x_wconf 88' lang='lat' dir='ltr'>epistolam,</span> <span class='ocrx_word' id='word_1_92' title='bbox 1702 1284 1801 1322; x_wconf 81' lang='lat' dir='ltr'>licet</span> <span class='ocrx_word' id='word_1_93' title='bbox 1814 1297 1899 1322; x_wconf 90' lang='lat' dir='ltr'>non</span> 
     </span>
     <span class='ocr_line' id='line_1_14' title="bbox 298 1347 1900 1401; baseline 0.001 -16"><span class='ocrx_word' id='word_1_94' title='bbox 298 1347 402 1386; x_wconf 87' lang='lat' dir='ltr'>bene</span> <span class='ocrx_word' id='word_1_95' title='bbox 433 1349 628 1388; x_wconf 79' lang='lat' dir='ltr'>Latinam</span> <span class='ocrx_word' id='word_1_96' title='bbox 659 1362 733 1388; x_wconf 92' lang='lat' dir='ltr'>nec</span> <span class='ocrx_word' id='word_1_97' title='bbox 766 1351 854 1387; x_wconf 89' lang='lat' dir='ltr'>tam</span> <span class='ocrx_word' id='word_1_98' title='bbox 893 1348 1115 1398; x_wconf 82' lang='lat' dir='ltr'>diligenter</span> <span class='ocrx_word' id='word_1_99' title='bbox 1144 1351 1192 1388; x_wconf 84' lang='lat' dir='ltr'>vt</span> <span class='ocrx_word' id='word_1_100' title='bbox 1221 1349 1376 1388; x_wconf 88' lang='lat' dir='ltr'>vellem</span> <span class='ocrx_word' id='word_1_101' title='bbox 1409 1350 1687 1401; x_wconf 81' lang='lat' dir='ltr'>conscriptam</span> <span class='ocrx_word' id='word_1_102' title='bbox 1707 1367 1715 1398; x_wconf 82' lang='lat'><em>3</em></span> <span class='ocrx_word' id='word_1_103' title='bbox 1754 1349 1821 1388; x_wconf 85' lang='lat' dir='ltr'>cui</span> <span class='ocrx_word' id='word_1_104' title='bbox 1852 1351 1900 1387; x_wconf 92' lang='lat' dir='ltr'>tu</span> 
     </span>
     <span class='ocr_line' id='line_1_15' title="bbox 295 1413 1901 1464; baseline 0.001 -13"><span class='ocrx_word' id='word_1_105' title='bbox 295 1414 494 1464; x_wconf 89' lang='lat' dir='ltr'>perlonga</span> <span class='ocrx_word' id='word_1_106' title='bbox 506 1427 581 1452; x_wconf 87' lang='lat' dir='ltr'>nec</span> <span class='ocrx_word' id='word_1_107' title='bbox 599 1415 741 1453; x_wconf 90' lang='lat' dir='ltr'>minus</span> <span class='ocrx_word' id='word_1_108' title='bbox 754 1413 903 1461; x_wconf 89' lang='lat' dir='ltr'>amica,</span> <span class='ocrx_word' id='word_1_109' title='bbox 919 1416 1012 1452; x_wconf 88' lang='lat' dir='ltr'>tum</span> <span class='ocrx_word' id='word_1_110' title='bbox 1032 1415 1222 1453; x_wconf 90' lang='lat' dir='ltr'>omnium</span> <span class='ocrx_word' id='word_1_111' title='bbox 1242 1415 1396 1455; x_wconf 84' lang='lat' dir='ltr'>iudicio</span> <span class='ocrx_word' id='word_1_112' title='bbox 1408 1429 1495 1454; x_wconf 91' lang='lat' dir='ltr'>non</span> <span class='ocrx_word' id='word_1_113' title='bbox 1508 1415 1645 1454; x_wconf 88' lang='lat' dir='ltr'>solum</span> <span class='ocrx_word' id='word_1_114' title='bbox 1660 1415 1901 1454; x_wconf 79' lang='lat' dir='ltr'>acutissima</span> 
     </span>
    </p>

    <p class='ocr_par' dir='ltr' id='par_1_9' title="bbox 259 1479 1899 1793">
     <span class='ocr_line' id='line_1_16' title="bbox 259 1479 1899 1531; baseline 0 -14"><span class='ocrx_word' id='word_1_115' title='bbox 259 1491 276 1521; x_wconf 85' lang='lat'>5</span> <span class='ocrx_word' id='word_1_116' title='bbox 297 1479 368 1517; x_wconf 88' lang='lat' dir='ltr'>sed</span> <span class='ocrx_word' id='word_1_117' title='bbox 388 1479 514 1517; x_wconf 84' lang='lat' dir='ltr'>etiam</span> <span class='ocrx_word' id='word_1_118' title='bbox 534 1480 845 1530; x_wconf 84' lang='lat' dir='ltr'>elegantissima</span> <span class='ocrx_word' id='word_1_119' title='bbox 864 1480 1136 1529; x_wconf 87' lang='lat' dir='ltr'>responderis.</span> <span class='ocrx_word' id='word_1_120' title='bbox 1197 1481 1315 1519; x_wconf 93' lang='lat' dir='ltr'>Adeo</span> <span class='ocrx_word' id='word_1_121' title='bbox 1339 1482 1400 1531; x_wconf 86' lang='lat' dir='ltr'>(vt</span> <span class='ocrx_word' id='word_1_122' title='bbox 1419 1494 1513 1519; x_wconf 87' lang='lat' dir='ltr'>vere</span> <span class='ocrx_word' id='word_1_123' title='bbox 1540 1481 1692 1530; x_wconf 87' lang='lat' dir='ltr'>dicam)</span> <span class='ocrx_word' id='word_1_124' title='bbox 1718 1493 1804 1519; x_wconf 90' lang='lat' dir='ltr'>non</span> <span class='ocrx_word' id='word_1_125' title='bbox 1823 1479 1899 1518; x_wconf 89' lang='lat' dir='ltr'>dis-</span> 
     </span>
     <span class='ocr_line' id='line_1_17' title="bbox 295 1544 1898 1596; baseline 0 -14"><span class='ocrx_word' id='word_1_126' title='bbox 295 1545 453 1594; x_wconf 74' lang='lat' dir='ltr'>plicuit,</span> <span class='ocrx_word' id='word_1_127' title='bbox 476 1547 712 1596; x_wconf 85' lang='lat' dir='ltr'>praeceptor</span> <span class='ocrx_word' id='word_1_128' title='bbox 731 1544 981 1593; x_wconf 86' lang='lat' dir='ltr'>doctissime,</span> <span class='ocrx_word' id='word_1_129' title='bbox 1003 1547 1050 1584; x_wconf 88' lang='lat' dir='ltr'>vt</span> <span class='ocrx_word' id='word_1_130' title='bbox 1070 1558 1222 1595; x_wconf 86' lang='lat' dir='ltr'>magna</span> <span class='ocrx_word' id='word_1_131' title='bbox 1242 1559 1430 1586; x_wconf 87' lang='lat' dir='ltr'>mearum</span> <span class='ocrx_word' id='word_1_132' title='bbox 1453 1546 1763 1594; x_wconf 83' lang='lat' dir='ltr'>fortunularum</span> <span class='ocrx_word' id='word_1_133' title='bbox 1781 1547 1898 1596; x_wconf 86' lang='lat' dir='ltr'>parte</span> 
     </span>
     <span class='ocr_line' id='line_1_18' title="bbox 297 1610 1899 1660; baseline 0 -12"><span class='ocrx_word' id='word_1_134' title='bbox 297 1611 380 1648; x_wconf 78' lang='lat' dir='ltr'>tale</span> <span class='ocrx_word' id='word_1_135' title='bbox 409 1611 625 1660; x_wconf 83' lang='lat' dir='ltr'>quidpiam</span> <span class='ocrx_word' id='word_1_136' title='bbox 655 1611 879 1657; x_wconf 81' lang='lat' dir='ltr'>emissem;</span> <span class='ocrx_word' id='word_1_137' title='bbox 915 1611 1024 1659; x_wconf 89' lang='lat' dir='ltr'>quod</span> <span class='ocrx_word' id='word_1_138' title='bbox 1053 1613 1094 1649; x_wconf 91' lang='lat' dir='ltr'>et</span> <span class='ocrx_word' id='word_1_139' title='bbox 1122 1611 1231 1650; x_wconf 81' lang='lat' dir='ltr'>facto</span> <span class='ocrx_word' id='word_1_140' title='bbox 1260 1613 1627 1660; x_wconf 85' lang='lat' dir='ltr'>demonstrassem,</span> <span class='ocrx_word' id='word_1_141' title='bbox 1656 1612 1693 1650; x_wconf 90' lang='lat' dir='ltr'>si</span> <span class='ocrx_word' id='word_1_142' title='bbox 1722 1610 1899 1650; x_wconf 87' lang='lat' dir='ltr'>facultas</span> 
     </span>
     <span class='ocr_line' id='line_1_19' title="bbox 295 1675 1899 1726; baseline -0.001 -13"><span class='ocrx_word' id='word_1_143' title='bbox 295 1675 504 1714; x_wconf 87' lang='lat' dir='ltr'>voluntati</span> <span class='ocrx_word' id='word_1_144' title='bbox 522 1690 607 1715; x_wconf 88' lang='lat' dir='ltr'>non</span> <span class='ocrx_word' id='word_1_145' title='bbox 634 1676 843 1714; x_wconf 81' lang='lat' dir='ltr'>defuisset.</span> <span class='ocrx_word' id='word_1_146' title='bbox 906 1675 1017 1724; x_wconf 77' lang='lat' dir='ltr'>Quin</span> <span class='ocrx_word' id='word_1_147' title='bbox 1043 1676 1224 1715; x_wconf 89' lang='lat' dir='ltr'>mirabar</span> <span class='ocrx_word' id='word_1_148' title='bbox 1246 1677 1386 1726; x_wconf 91' lang='lat' dir='ltr'>potius</span> <span class='ocrx_word' id='word_1_149' title='bbox 1410 1677 1731 1726; x_wconf 86' lang='lat' dir='ltr'>generositatem</span> <span class='ocrx_word' id='word_1_150' title='bbox 1750 1675 1899 1715; x_wconf 90' lang='lat' dir='ltr'>seculis</span> 
     </span>
     <span class='ocr_line' id='line_1_20' title="bbox 296 1741 1899 1793; baseline -0.001 -14"><span class='ocrx_word' id='word_1_151' title='bbox 296 1742 528 1780; x_wconf 85' lang='lat' dir='ltr'>inauditam</span> <span class='ocrx_word' id='word_1_152' title='bbox 547 1756 593 1781; x_wconf 88' lang='lat' dir='ltr'>ac</span> <span class='ocrx_word' id='word_1_153' title='bbox 612 1755 747 1780; x_wconf 86' lang='lat' dir='ltr'>raram</span> <span class='ocrx_word' id='word_1_154' title='bbox 769 1741 981 1791; x_wconf 88' lang='lat' dir='ltr'>quandam</span> <span class='ocrx_word' id='word_1_155' title='bbox 1001 1742 1251 1781; x_wconf 87' lang='lat' dir='ltr'>modestiam</span> <span class='ocrx_word' id='word_1_156' title='bbox 1272 1745 1399 1791; x_wconf 90' lang='lat' dir='ltr'>tuam,</span> <span class='ocrx_word' id='word_1_157' title='bbox 1423 1742 1494 1793; x_wconf 88' lang='lat' dir='ltr'>qui</span> <span class='ocrx_word' id='word_1_158' title='bbox 1512 1756 1597 1780; x_wconf 90' lang='lat' dir='ltr'>non</span> <span class='ocrx_word' id='word_1_159' title='bbox 1617 1741 1899 1792; x_wconf 85' lang='lat' dir='ltr'>dedignareris</span> 
     </span>
    </p>

    <p class='ocr_par' dir='ltr' id='par_1_10' title="bbox 238 1805 1900 2122">
     <span class='ocr_line' id='line_1_21' title="bbox 238 1805 1898 1847; baseline 0.002 -5"><span class='ocrx_word' id='word_1_160' title='bbox 238 1821 278 1842; x_wconf 79' lang='lat'>10</span> <span class='ocrx_word' id='word_1_161' title='bbox 296 1807 359 1845; x_wconf 85' lang='lat' dir='ltr'>tui</span> <span class='ocrx_word' id='word_1_162' title='bbox 379 1807 563 1846; x_wconf 90' lang='lat' dir='ltr'>nominis</span> <span class='ocrx_word' id='word_1_163' title='bbox 583 1808 816 1846; x_wconf 87' lang='lat' dir='ltr'>claritatem</span> <span class='ocrx_word' id='word_1_164' title='bbox 836 1805 963 1845; x_wconf 88' lang='lat' dir='ltr'>simul</span> <span class='ocrx_word' id='word_1_165' title='bbox 993 1820 1038 1846; x_wconf 93' lang='lat' dir='ltr'>ac</span> <span class='ocrx_word' id='word_1_166' title='bbox 1061 1807 1421 1847; x_wconf 84' lang='lat' dir='ltr'>immortalitatem</span> <span class='ocrx_word' id='word_1_167' title='bbox 1441 1808 1549 1846; x_wconf 90' lang='lat' dir='ltr'>mihi</span> <span class='ocrx_word' id='word_1_168' title='bbox 1578 1808 1675 1847; x_wconf 88' lang='lat' dir='ltr'>licet</span> <span class='ocrx_word' id='word_1_169' title='bbox 1695 1806 1898 1846; x_wconf 82' lang='lat' dir='ltr'>obscuris-</span> 
     </span>
     <span class='ocr_line' id='line_1_22' title="bbox 296 1872 1899 1925; baseline -0.001 -14"><span class='ocrx_word' id='word_1_170' title='bbox 296 1872 401 1911; x_wconf 84' lang='lat' dir='ltr'>simo</span> <span class='ocrx_word' id='word_1_171' title='bbox 422 1874 739 1922; x_wconf 88' lang='lat' dir='ltr'>communicare,</span> <span class='ocrx_word' id='word_1_172' title='bbox 762 1877 855 1912; x_wconf 91' lang='lat' dir='ltr'>tum</span> <span class='ocrx_word' id='word_1_173' title='bbox 880 1873 951 1922; x_wconf 89' lang='lat' dir='ltr'>qui</span> <span class='ocrx_word' id='word_1_174' title='bbox 974 1887 1089 1912; x_wconf 91' lang='lat' dir='ltr'>meas</span> <span class='ocrx_word' id='word_1_175' title='bbox 1108 1873 1302 1913; x_wconf 79' lang='lat' dir='ltr'>tenebras</span> <span class='ocrx_word' id='word_1_176' title='bbox 1321 1876 1395 1913; x_wconf 90' lang='lat' dir='ltr'>tuo</span> <span class='ocrx_word' id='word_1_177' title='bbox 1416 1875 1636 1925; x_wconf 88' lang='lat' dir='ltr'>splendore</span> <span class='ocrx_word' id='word_1_178' title='bbox 1654 1874 1784 1914; x_wconf 85' lang='lat' dir='ltr'>velles</span> <span class='ocrx_word' id='word_1_179' title='bbox 1808 1872 1899 1911; x_wconf 85' lang='lat' dir='ltr'>illu-</span> 
     </span>
     <span class='ocr_line' id='line_1_23' title="bbox 296 1938 1899 1990; baseline 0 -14"><span class='ocrx_word' id='word_1_180' title='bbox 296 1940 435 1977; x_wconf 86' lang='lat' dir='ltr'>strare.</span> <span class='ocrx_word' id='word_1_181' title='bbox 487 1939 595 1978; x_wconf 89' lang='lat' dir='ltr'>Nam</span> <span class='ocrx_word' id='word_1_182' title='bbox 611 1940 823 1990; x_wconf 87' lang='lat' dir='ltr'>reputanti</span> <span class='ocrx_word' id='word_1_183' title='bbox 842 1940 947 1979; x_wconf 91' lang='lat' dir='ltr'>mihi</span> <span class='ocrx_word' id='word_1_184' title='bbox 967 1941 1208 1989; x_wconf 87' lang='lat' dir='ltr'>pertenuem</span> <span class='ocrx_word' id='word_1_185' title='bbox 1228 1941 1355 1978; x_wconf 87' lang='lat' dir='ltr'>istam</span> <span class='ocrx_word' id='word_1_186' title='bbox 1371 1940 1619 1979; x_wconf 86' lang='lat' dir='ltr'>eruditionis</span> <span class='ocrx_word' id='word_1_187' title='bbox 1631 1940 1833 1987; x_wconf 84' lang='lat' dir='ltr'>vmbram,</span> <span class='ocrx_word' id='word_1_188' title='bbox 1848 1938 1899 1977; x_wconf 84' lang='lat' dir='ltr'>ad</span> 
     </span>
     <span class='ocr_line' id='line_1_24' title="bbox 296 2005 1900 2056; baseline 0 -14"><span class='ocrx_word' id='word_1_189' title='bbox 296 2017 420 2053; x_wconf 89' lang='lat' dir='ltr'>quam</span> <span class='ocrx_word' id='word_1_190' title='bbox 456 2005 581 2043; x_wconf 84' lang='lat' dir='ltr'>vnius</span> <span class='ocrx_word' id='word_1_191' title='bbox 618 2006 921 2056; x_wconf 88' lang='lat' dir='ltr'>propemodum</span> <span class='ocrx_word' id='word_1_192' title='bbox 956 2005 1066 2044; x_wconf 88' lang='lat' dir='ltr'>oculi</span> <span class='ocrx_word' id='word_1_193' title='bbox 1103 2019 1176 2055; x_wconf 88' lang='lat' dir='ltr'>per</span> <span class='ocrx_word' id='word_1_194' title='bbox 1209 2005 1458 2045; x_wconf 84' lang='lat' dir='ltr'>minutiores</span> <span class='ocrx_word' id='word_1_195' title='bbox 1490 2006 1591 2044; x_wconf 91' lang='lat' dir='ltr'>istas</span> <span class='ocrx_word' id='word_1_196' title='bbox 1631 2005 1900 2044; x_wconf 83' lang='lat' dir='ltr'>Graecanicas</span> 
     </span>
     <span class='ocr_line' id='line_1_25' title="bbox 297 2069 1898 2122; baseline 0.001 -15"><span class='ocrx_word' id='word_1_197' title='bbox 297 2069 457 2109; x_wconf 81' lang='lat' dir='ltr'>litteras</span> <span class='ocrx_word' id='word_1_198' title='bbox 476 2073 517 2109; x_wconf 89' lang='lat' dir='ltr'>et</span> <span class='ocrx_word' id='word_1_199' title='bbox 536 2071 728 2110; x_wconf 89' lang='lat' dir='ltr'>sanitatis</span> <span class='ocrx_word' id='word_1_200' title='bbox 747 2072 906 2110; x_wconf 84' lang='lat' dir='ltr'>iactura</span> <span class='ocrx_word' id='word_1_201' title='bbox 924 2072 1108 2122; x_wconf 89' lang='lat' dir='ltr'>perueni,</span> <span class='ocrx_word' id='word_1_202' title='bbox 1134 2073 1175 2110; x_wconf 90' lang='lat' dir='ltr'>et</span> <span class='ocrx_word' id='word_1_203' title='bbox 1195 2071 1432 2110; x_wconf 89' lang='lat' dir='ltr'>mirabilem</span> <span class='ocrx_word' id='word_1_204' title='bbox 1451 2071 1567 2110; x_wconf 90' lang='lat' dir='ltr'>illam</span> <span class='ocrx_word' id='word_1_205' title='bbox 1587 2071 1898 2122; x_wconf 87' lang='lat' dir='ltr'>disciplinarum</span> 
     </span>
    </p>

    <p class='ocr_par' dir='ltr' id='par_1_11' title="bbox 238 2136 1899 2451">
     <span class='ocr_line' id='line_1_26' title="bbox 238 2136 1899 2188; baseline 0.002 -18"><span class='ocrx_word' id='word_1_206' title='bbox 238 2147 275 2179; x_wconf 83' lang='lat'>15</span> <span class='ocrx_word' id='word_1_207' title='bbox 298 2136 489 2174; x_wconf 90' lang='lat' dir='ltr'>omnium</span> <span class='ocrx_word' id='word_1_208' title='bbox 517 2136 797 2187; x_wconf 87' lang='lat' dir='ltr'>cyclopediam</span> <span class='ocrx_word' id='word_1_209' title='bbox 825 2150 950 2188; x_wconf 89' lang='lat' dir='ltr'>quam</span> <span class='ocrx_word' id='word_1_210' title='bbox 976 2138 1023 2175; x_wconf 90' lang='lat' dir='ltr'>tu</span> <span class='ocrx_word' id='word_1_211' title='bbox 1053 2137 1137 2175; x_wconf 90' lang='lat' dir='ltr'>iam</span> <span class='ocrx_word' id='word_1_212' title='bbox 1169 2137 1271 2175; x_wconf 89' lang='lat' dir='ltr'>olim</span> <span class='ocrx_word' id='word_1_213' title='bbox 1304 2137 1531 2186; x_wconf 83' lang='lat' dir='ltr'>absoluisti,</span> <span class='ocrx_word' id='word_1_214' title='bbox 1553 2138 1596 2176; x_wconf 91' lang='lat' dir='ltr'>id</span> <span class='ocrx_word' id='word_1_215' title='bbox 1627 2137 1735 2176; x_wconf 81' lang='lat' dir='ltr'>mihi</span> <span class='ocrx_word' id='word_1_216' title='bbox 1757 2136 1899 2175; x_wconf 86' lang='lat' dir='ltr'>videor</span> 
     </span>
     <span class='ocr_line' id='line_1_27' title="bbox 296 2201 1892 2254; baseline 0.001 -17"><span class='ocrx_word' id='word_1_217' title='bbox 296 2201 373 2238; x_wconf 86' lang='lat' dir='ltr'>tibi</span> <span class='ocrx_word' id='word_1_218' title='bbox 394 2201 569 2240; x_wconf 86' lang='lat' dir='ltr'>collatus</span> <span class='ocrx_word' id='word_1_219' title='bbox 589 2202 698 2252; x_wconf 89' lang='lat' dir='ltr'>quod</span> <span class='ocrx_word' id='word_1_220' title='bbox 717 2203 769 2241; x_wconf 91' lang='lat' dir='ltr'>ad</span> <span class='ocrx_word' id='word_1_221' title='bbox 796 2203 1011 2253; x_wconf 90' lang='lat' dir='ltr'>ingentem</span> <span class='ocrx_word' id='word_1_222' title='bbox 1032 2215 1233 2241; x_wconf 90' lang='lat' dir='ltr'>oceanum</span> <span class='ocrx_word' id='word_1_223' title='bbox 1264 2203 1513 2254; x_wconf 81' lang='lat' dir='ltr'>perexiguus</span> <span class='ocrx_word' id='word_1_224' title='bbox 1533 2203 1701 2254; x_wconf 88' lang='lat' dir='ltr'>quidem</span> <span class='ocrx_word' id='word_1_225' title='bbox 1719 2201 1892 2240; x_wconf 88' lang='lat' dir='ltr'>riuulus.</span> 
     </span>
     <span class='ocr_line' id='line_1_28' title="bbox 296 2266 1898 2319; baseline 0.001 -16"><span class='ocrx_word' id='word_1_226' title='bbox 296 2266 375 2304; x_wconf 89' lang='lat' dir='ltr'>Sed</span> <span class='ocrx_word' id='word_1_227' title='bbox 407 2267 485 2305; x_wconf 90' lang='lat' dir='ltr'>hoc</span> <span class='ocrx_word' id='word_1_228' title='bbox 504 2268 768 2306; x_wconf 87' lang='lat' dir='ltr'>mendacium</span> <span class='ocrx_word' id='word_1_229' title='bbox 788 2269 840 2307; x_wconf 91' lang='lat' dir='ltr'>ab</span> <span class='ocrx_word' id='word_1_230' title='bbox 866 2269 1057 2306; x_wconf 91' lang='lat' dir='ltr'>inuidulo</span> <span class='ocrx_word' id='word_1_231' title='bbox 1085 2268 1281 2318; x_wconf 90' lang='lat' dir='ltr'>quopiam</span> <span class='ocrx_word' id='word_1_232' title='bbox 1301 2270 1364 2307; x_wconf 89' lang='lat' dir='ltr'>est</span> <span class='ocrx_word' id='word_1_233' title='bbox 1384 2269 1620 2318; x_wconf 88' lang='lat' dir='ltr'>confictum,</span> <span class='ocrx_word' id='word_1_234' title='bbox 1644 2281 1768 2319; x_wconf 89' lang='lat' dir='ltr'>quem</span> <span class='ocrx_word' id='word_1_235' title='bbox 1788 2267 1898 2305; x_wconf 86' lang='lat' dir='ltr'>male</span> 
     </span>
     <span class='ocr_line' id='line_1_29' title="bbox 297 2331 1899 2384; baseline 0.001 -15"><span class='ocrx_word' id='word_1_236' title='bbox 297 2331 419 2370; x_wconf 85' lang='lat' dir='ltr'>habet</span> <span class='ocrx_word' id='word_1_237' title='bbox 453 2334 620 2371; x_wconf 89' lang='lat' dir='ltr'>tantum</span> <span class='ocrx_word' id='word_1_238' title='bbox 651 2333 823 2372; x_wconf 86' lang='lat' dir='ltr'>honoris</span> <span class='ocrx_word' id='word_1_239' title='bbox 851 2334 957 2371; x_wconf 90' lang='lat' dir='ltr'>mihi</span> <span class='ocrx_word' id='word_1_240' title='bbox 989 2334 1224 2384; x_wconf 88' lang='lat' dir='ltr'>contigisse.</span> <span class='ocrx_word' id='word_1_241' title='bbox 1283 2334 1392 2372; x_wconf 83' lang='lat' dir='ltr'>Sunt</span> <span class='ocrx_word' id='word_1_242' title='bbox 1423 2334 1618 2373; x_wconf 89' lang='lat' dir='ltr'>nonnulli</span> <span class='ocrx_word' id='word_1_243' title='bbox 1647 2333 1718 2384; x_wconf 87' lang='lat' dir='ltr'>qui</span> <span class='ocrx_word' id='word_1_244' title='bbox 1747 2345 1899 2383; x_wconf 85' lang='lat' dir='ltr'>magna</span> 
     </span>
     <span class='ocr_line' id='line_1_30' title="bbox 297 2397 1898 2451; baseline 0 -16"><span class='ocrx_word' id='word_1_245' title='bbox 297 2397 510 2447; x_wconf 89' lang='lat' dir='ltr'>voluptate</span> <span class='ocrx_word' id='word_1_246' title='bbox 529 2399 803 2446; x_wconf 89' lang='lat' dir='ltr'>mentiuntur,</span> <span class='ocrx_word' id='word_1_247' title='bbox 828 2399 923 2437; x_wconf 85' lang='lat' dir='ltr'>licet</span> <span class='ocrx_word' id='word_1_248' title='bbox 943 2399 1040 2437; x_wconf 90' lang='lat' dir='ltr'>inde</span> <span class='ocrx_word' id='word_1_249' title='bbox 1059 2399 1169 2437; x_wconf 91' lang='lat' dir='ltr'>nihil</span> <span class='ocrx_word' id='word_1_250' title='bbox 1189 2399 1397 2438; x_wconf 87' lang='lat' dir='ltr'>commodi</span> <span class='ocrx_word' id='word_1_251' title='bbox 1416 2401 1729 2451; x_wconf 89' lang='lat' dir='ltr'>consequantur.</span> <span class='ocrx_word' id='word_1_252' title='bbox 1790 2398 1898 2437; x_wconf 87' lang='lat' dir='ltr'>Sunt</span> 
     </span>
    </p>

    <p class='ocr_par' dir='ltr' id='par_1_12' title="bbox 238 2462 1935 2774">
     <span class='ocr_line' id='line_1_31' title="bbox 238 2462 1897 2515; baseline 0.002 -16"><span class='ocrx_word' id='word_1_253' title='bbox 238 2475 279 2496; x_wconf 84' lang='lat'>20</span> <span class='ocrx_word' id='word_1_254' title='bbox 295 2464 337 2500; x_wconf 91' lang='lat' dir='ltr'>et</span> <span class='ocrx_word' id='word_1_255' title='bbox 356 2462 428 2500; x_wconf 90' lang='lat' dir='ltr'>alii</span> <span class='ocrx_word' id='word_1_256' title='bbox 453 2464 522 2513; x_wconf 87' lang='lat' dir='ltr'>qui</span> <span class='ocrx_word' id='word_1_257' title='bbox 542 2464 701 2503; x_wconf 91' lang='lat' dir='ltr'>inuidia</span> <span class='ocrx_word' id='word_1_258' title='bbox 721 2465 826 2503; x_wconf 87' lang='lat' dir='ltr'>moti</span> <span class='ocrx_word' id='word_1_259' title='bbox 852 2465 1086 2503; x_wconf 86' lang='lat' dir='ltr'>detrahunt.</span> <span class='ocrx_word' id='word_1_260' title='bbox 1145 2465 1224 2503; x_wconf 89' lang='lat' dir='ltr'>Sed</span> <span class='ocrx_word' id='word_1_261' title='bbox 1253 2465 1337 2503; x_wconf 88' lang='lat' dir='ltr'>scio</span> <span class='ocrx_word' id='word_1_262' title='bbox 1363 2467 1404 2504; x_wconf 90' lang='lat' dir='ltr'>te</span> <span class='ocrx_word' id='word_1_263' title='bbox 1435 2465 1748 2515; x_wconf 90' lang='lat' dir='ltr'>prudentiorem</span> <span class='ocrx_word' id='word_1_264' title='bbox 1773 2476 1897 2514; x_wconf 85' lang='lat' dir='ltr'>quam</span> 
     </span>
     <span class='ocr_line' id='line_1_32' title="bbox 295 2528 1898 2581; baseline 0 -15"><span class='ocrx_word' id='word_1_265' title='bbox 295 2530 341 2566; x_wconf 85' lang='lat' dir='ltr'>vt</span> <span class='ocrx_word' id='word_1_266' title='bbox 371 2528 454 2567; x_wconf 88' lang='lat' dir='ltr'>illis</span> <span class='ocrx_word' id='word_1_267' title='bbox 479 2529 631 2578; x_wconf 83' lang='lat' dir='ltr'>credas,</span> <span class='ocrx_word' id='word_1_268' title='bbox 655 2530 913 2569; x_wconf 85' lang='lat' dir='ltr'>stabiliorem</span> <span class='ocrx_word' id='word_1_269' title='bbox 941 2543 1066 2580; x_wconf 86' lang='lat' dir='ltr'>quam</span> <span class='ocrx_word' id='word_1_270' title='bbox 1093 2532 1137 2568; x_wconf 84' lang='lat' dir='ltr'>vt</span> <span class='ocrx_word' id='word_1_271' title='bbox 1166 2530 1260 2568; x_wconf 84' lang='lat' dir='ltr'>istis</span> <span class='ocrx_word' id='word_1_272' title='bbox 1292 2544 1493 2570; x_wconf 81' lang='lat' dir='ltr'>moneare.</span> <span class='ocrx_word' id='word_1_273' title='bbox 1553 2531 1776 2581; x_wconf 88' lang='lat' dir='ltr'>Nunquam</span> <span class='ocrx_word' id='word_1_274' title='bbox 1806 2529 1898 2579; x_wconf 87' lang='lat' dir='ltr'>quis</span> 
     </span>
     <span class='ocr_line' id='line_1_33' title="bbox 297 2592 1896 2646; baseline 0.001 -15"><span class='ocrx_word' id='word_1_275' title='bbox 297 2592 372 2631; x_wconf 88' lang='lat' dir='ltr'>hoc</span> <span class='ocrx_word' id='word_1_276' title='bbox 391 2594 602 2633; x_wconf 85' lang='lat' dir='ltr'>corculum</span> <span class='ocrx_word' id='word_1_277' title='bbox 621 2607 763 2633; x_wconf 88' lang='lat' dir='ltr'>meum</span> <span class='ocrx_word' id='word_1_278' title='bbox 783 2609 806 2634; x_wconf 92' lang='lat' dir='ltr'>a</span> <span class='ocrx_word' id='word_1_279' title='bbox 826 2598 866 2634; x_wconf 90' lang='lat' dir='ltr'>te</span> <span class='ocrx_word' id='word_1_280' title='bbox 881 2595 1098 2645; x_wconf 87' lang='lat' dir='ltr'>separabit.</span> <span class='ocrx_word' id='word_1_281' title='bbox 1147 2595 1266 2634; x_wconf 89' lang='lat' dir='ltr'>Nihil</span> <span class='ocrx_word' id='word_1_282' title='bbox 1286 2596 1393 2634; x_wconf 91' lang='lat' dir='ltr'>mihi</span> <span class='ocrx_word' id='word_1_283' title='bbox 1413 2596 1596 2646; x_wconf 88' lang='lat' dir='ltr'>quotidie</span> <span class='ocrx_word' id='word_1_284' title='bbox 1616 2595 1751 2646; x_wconf 87' lang='lat' dir='ltr'>magis</span> <span class='ocrx_word' id='word_1_285' title='bbox 1770 2596 1833 2634; x_wconf 87' lang='lat' dir='ltr'>est</span> <span class='ocrx_word' id='word_1_286' title='bbox 1851 2595 1896 2632; x_wconf 90' lang='lat' dir='ltr'>in</span> 
     </span>
     <span class='ocr_line' id='line_1_34' title="bbox 297 2659 1935 2711; baseline 0.001 -15"><span class='ocrx_word' id='word_1_287' title='bbox 297 2659 404 2697; x_wconf 89' lang='lat' dir='ltr'>votis</span> <span class='ocrx_word' id='word_1_288' title='bbox 424 2672 549 2709; x_wconf 90' lang='lat' dir='ltr'>quam</span> <span class='ocrx_word' id='word_1_289' title='bbox 567 2662 613 2698; x_wconf 87' lang='lat' dir='ltr'>vt</span> <span class='ocrx_word' id='word_1_290' title='bbox 633 2660 849 2710; x_wconf 87' lang='lat' dir='ltr'>contingat</span> <span class='ocrx_word' id='word_1_291' title='bbox 881 2661 1047 2699; x_wconf 88' lang='lat' dir='ltr'>fortuna</span> <span class='ocrx_word' id='word_1_292' title='bbox 1073 2673 1146 2710; x_wconf 90' lang='lat' dir='ltr'>per</span> <span class='ocrx_word' id='word_1_293' title='bbox 1172 2673 1295 2710; x_wconf 87' lang='lat' dir='ltr'>quam</span> <span class='ocrx_word' id='word_1_294' title='bbox 1321 2661 1477 2711; x_wconf 87' lang='lat' dir='ltr'>possim</span> <span class='ocrx_word' id='word_1_295' title='bbox 1497 2661 1713 2700; x_wconf 89' lang='lat' dir='ltr'>ostendere</span> <span class='ocrx_word' id='word_1_296' title='bbox 1732 2660 1895 2711; x_wconf 89' lang='lat' dir='ltr'>qualem</span> <span class='ocrx_word' id='word_1_297' title='bbox 1932 2682 1935 2685; x_wconf 97' lang='lat'>-</span> 
     </span>
     <span class='ocr_line' id='line_1_35' title="bbox 295 2726 831 2774; baseline 0.007 -13"><span class='ocrx_word' id='word_1_298' title='bbox 295 2736 390 2773; x_wconf 90' lang='lat' dir='ltr'>erga</span> <span class='ocrx_word' id='word_1_299' title='bbox 409 2727 450 2762; x_wconf 88' lang='lat' dir='ltr'>te</span> <span class='ocrx_word' id='word_1_300' title='bbox 470 2738 609 2774; x_wconf 87' lang='lat' dir='ltr'>geram</span> <span class='ocrx_word' id='word_1_301' title='bbox 631 2726 831 2765; x_wconf 90' lang='lat' dir='ltr'>animum.</span> 
     </span>
    </p>

    <p class='ocr_par' dir='ltr' id='par_1_13' title="bbox 240 2789 1896 2969">
     <span class='ocr_line' id='line_1_36' title="bbox 240 2789 1896 2842; baseline 0.001 -16"><span class='ocrx_word' id='word_1_302' title='bbox 240 2791 276 2821; x_wconf 75' lang='lat'>²5</span> <span class='ocrx_word' id='word_1_303' title='bbox 352 2789 557 2838; x_wconf 87' lang='lat' dir='ltr'>Egritudo</span> <span class='ocrx_word' id='word_1_304' title='bbox 578 2790 689 2829; x_wconf 88' lang='lat' dir='ltr'>lente</span> <span class='ocrx_word' id='word_1_305' title='bbox 709 2791 915 2829; x_wconf 90' lang='lat' dir='ltr'>minuitur</span> <span class='ocrx_word' id='word_1_306' title='bbox 931 2807 940 2839; x_wconf 89' lang='grc'><strong>;</strong></span> <span class='ocrx_word' id='word_1_307' title='bbox 975 2793 1017 2829; x_wconf 91' lang='lat' dir='ltr'>et</span> <span class='ocrx_word' id='word_1_308' title='bbox 1036 2804 1139 2841; x_wconf 88' lang='lat' dir='ltr'>quae</span> <span class='ocrx_word' id='word_1_309' title='bbox 1159 2792 1246 2830; x_wconf 88' lang='lat' dir='ltr'>tam</span> <span class='ocrx_word' id='word_1_310' title='bbox 1267 2791 1452 2830; x_wconf 89' lang='lat' dir='ltr'>celeriter</span> <span class='ocrx_word' id='word_1_311' title='bbox 1470 2793 1511 2830; x_wconf 90' lang='lat' dir='ltr'>et</span> <span class='ocrx_word' id='word_1_312' title='bbox 1531 2791 1685 2842; x_wconf 90' lang='lat' dir='ltr'>absque</span> <span class='ocrx_word' id='word_1_313' title='bbox 1704 2791 1896 2830; x_wconf 86' lang='lat' dir='ltr'>delibera-</span> 
     </span>
     <span class='ocr_line' id='line_1_37' title="bbox 298 2853 1895 2907; baseline 0.002 -17"><span class='ocrx_word' id='word_1_314' title='bbox 298 2853 411 2892; x_wconf 76' lang='lat' dir='ltr'>tione</span> <span class='ocrx_word' id='word_1_315' title='bbox 431 2856 598 2904; x_wconf 88' lang='lat' dir='ltr'>inuasit,</span> <span class='ocrx_word' id='word_1_316' title='bbox 618 2870 729 2894; x_wconf 86' lang='lat' dir='ltr'>nunc</span> <span class='ocrx_word' id='word_1_317' title='bbox 749 2870 899 2906; x_wconf 90' lang='lat' dir='ltr'>magno</span> <span class='ocrx_word' id='word_1_318' title='bbox 920 2857 1100 2907; x_wconf 86' lang='lat' dir='ltr'>quodam</span> <span class='ocrx_word' id='word_1_319' title='bbox 1121 2856 1294 2896; x_wconf 88' lang='lat' dir='ltr'>consilio</span> <span class='ocrx_word' id='word_1_320' title='bbox 1315 2870 1368 2895; x_wconf 92' lang='lat' dir='ltr'>an</span> <span class='ocrx_word' id='word_1_321' title='bbox 1388 2857 1443 2895; x_wconf 90' lang='lat' dir='ltr'>sit</span> <span class='ocrx_word' id='word_1_322' title='bbox 1463 2857 1597 2896; x_wconf 91' lang='lat' dir='ltr'>adhuc</span> <span class='ocrx_word' id='word_1_323' title='bbox 1616 2870 1683 2895; x_wconf 87' lang='lat' dir='ltr'>me</span> <span class='ocrx_word' id='word_1_324' title='bbox 1703 2855 1895 2894; x_wconf 82' lang='lat' dir='ltr'>relictura</span> 
     </span>
     <span class='ocr_line' id='line_1_38' title="bbox 302 2915 1544 2969; baseline 0.004 -13"><span class='ocrx_word' id='word_1_325' title='bbox 302 2919 509 2958; x_wconf 79' lang='lat' dir='ltr'>deliberat.</span> <span class='ocrx_word' id='word_1_326' title='bbox 560 2922 673 2969; x_wconf 87' lang='lat' dir='ltr'>Vale,</span> <span class='ocrx_word' id='word_1_327' title='bbox 690 2922 949 2960; x_wconf 87' lang='lat' dir='ltr'>rarissimum</span> <span class='ocrx_word' id='word_1_328' title='bbox 969 2923 1182 2961; x_wconf 88' lang='lat' dir='ltr'>Musarum</span> <span class='ocrx_word' id='word_1_329' title='bbox 1203 2923 1338 2961; x_wconf 88' lang='lat' dir='ltr'>decus.</span> <span class='ocrx_word' id='word_1_330' title='bbox 1540 2915 1544 2917; x_wconf 39' lang='grc'><strong>’</strong></span> 
     </span>
    </p>

    <p class='ocr_par' dir='ltr' id='par_1_14' title="bbox 352 2984 1143 3035">
     <span class='ocr_line' id='line_1_39' title="bbox 352 2984 1143 3035; baseline 0.006 -15"><span class='ocrx_word' id='word_1_331' title='bbox 352 2984 413 3020; x_wconf 79' lang='lat' dir='ltr'>Ex</span> <span class='ocrx_word' id='word_1_332' title='bbox 435 2985 696 3035; x_wconf 83' lang='lat' dir='ltr'>Cantebrigia</span> <span class='ocrx_word' id='word_1_333' title='bbox 716 2989 860 3035; x_wconf 88' lang='lat' dir='ltr'>quarto</span> <span class='ocrx_word' id='word_1_334' title='bbox 880 3000 1012 3025; x_wconf 87' lang='lat' dir='ltr'>nonas</span> <span class='ocrx_word' id='word_1_335' title='bbox 1031 2987 1143 3025; x_wconf 86' lang='lat' dir='ltr'>maii.</span> 
     </span>
    </p>

    <p class='ocr_par' dir='ltr' id='par_1_15' title="bbox 1269 3050 1834 3100">
     <span class='ocr_line' id='line_1_40' title="bbox 1269 3050 1834 3100; baseline -0.004 -10"><span class='ocrx_word' id='word_1_336' title='bbox 1269 3053 1463 3090; x_wconf 87' lang='lat' dir='ltr'>Bouillus</span> <span class='ocrx_word' id='word_1_337' title='bbox 1481 3054 1579 3090; x_wconf 88' lang='lat' dir='ltr'>tuus</span> <span class='ocrx_word' id='word_1_338' title='bbox 1598 3050 1834 3100; x_wconf 87' lang='lat' dir='ltr'>discipulus.</span> 
     </span>
    </p>
   </div>
  </div>
 </body>
</html>
