2010 3417
169 116 266 171 533]
754 119 825 157 'ro
862 118 1104 158 FRANcis
1142 120 1163 157 1
1677 118 1758 156 477

167 241 291 278 quam
318 227 428 267 bello
455 227 654 267 aduersus
683 229 868 268 Eluetios
895 232 1010 280 gesto
1040 243 1164 280 quam
1195 229 1271 268 tibi
1301 243 1375 268 nec
1404 230 1570 268 animus
1594 243 1668 269 nec
1693 245 1758 281 ap-

165 295 335 343 paratus
371 293 422 331 ad
452 293 609 332 bellum
643 294 872 344 gerendum
907 294 1063 334 deesset
1098 295 1335 341 declararas.
1369 297 1512 333 tamen
1545 296 1626 334 huc
1659 296 1758 334 totis

166 358 307 397 neruis
342 358 582 397 incumbere
620 359 820 406 maluisti,
853 362 899 398 vt
938 359 1178 410 compositis
1216 360 1261 398 in
1299 362 1512 399 aeternum
1550 360 1756 400 bellorum

165 422 415 462 tumultibus
429 423 638 473 praecipui
657 423 914 463 Christianae
934 424 1104 463 ditionis
1124 425 1325 475 principes
1344 428 1538 475 perpetua
1557 425 1641 464 iam
1661 439 1758 476 pace

164 488 275 526 inter
288 500 374 526 sese
388 488 797 538 conglutinarentur:
827 489 1027 528 nimirum
1048 490 1272 539 prudenter
1287 490 1391 528 illud
1406 491 1754 536 animaduertens,

165 565 215 590 ex
235 565 381 602 regum
396 552 505 591 inter
522 553 635 603 ipsos
653 554 834 593 dissidiis
853 555 982 593 semel
1003 555 1192 593 omnium
1217 568 1356 594 rerum
1376 555 1577 594 bonarum
1597 558 1756 606 pestem

164 631 210 657 ac
227 617 478 668 perniciem;
507 621 657 659 contra.
680 620 884 658 malarum
904 620 1096 658 omnium
1120 619 1343 658 colluuiem
1362 633 1407 658 ac
1429 634 1542 659 mare
1561 621 1605 659 in
1625 621 1756 660 vitam

165 683 406 722 mortalium
425 683 585 723 inuehi:
616 698 793 735 quorum
813 684 975 723 animos
991 687 1032 723 et
1053 698 1150 734 opes
1169 685 1204 723 si
1223 698 1303 734 pax
1322 688 1363 724 et
1383 686 1569 725 amicicia
1588 700 1756 737 syncera
1797 708 1812 739 5

165 747 437 797 coniunxerit,
459 762 555 787 mox
582 750 769 788 futurum
788 751 834 789 vt
859 750 942 788 iam
961 749 1077 788 velut
1104 762 1228 788 aureo
1255 751 1432 799 quodam
1457 751 1592 789 seculo
1612 752 1754 802 pietas,

164 813 342 863 optimae
363 814 474 864 leges
500 817 541 853 et
570 815 764 864 quicquid
794 816 856 853 est
883 814 1154 852 honestarum
1174 814 1327 853 artium
1357 815 1481 854 simul
1511 816 1756 865 efflorescat:

164 891 268 929 quae
304 892 467 929 semper
498 879 609 929 pacis
643 881 684 917 et
716 879 886 918 comites
916 892 1004 917 esse
1035 878 1168 917 solent
1203 881 1243 918 et
1275 879 1478 919 alumnae.
1535 881 1753 932 Intelligit.

163 944 290 991 videt,
323 944 519 994 perspicit
552 945 718 983 animus
755 945 832 983 iste
868 946 966 983 tuus
995 957 1090 983 vere
1127 944 1264 994 regius
1296 944 1353 983 ita
1382 945 1564 984 maxime
1597 947 1681 986 fore
1716 951 1756 987 te

164 1009 405 1060 Principem
437 1009 599 1048 felicem
631 1012 674 1048 et
706 1010 986 1058 eminentem3
1024 1022 1109 1048 non
1147 1009 1183 1048 si
1221 1023 1346 1059 quam
1378 1010 1586 1060 plurimis,
1618 1013 1691 1051 sed
1722 1014 1756 1052 si
1778 1035 1790 1055 2

164 1087 290 1125 quam
319 1075 489 1124 optimis
527 1088 572 1114 ac
609 1075 861 1113 felic-issimis
894 1075 1121 1124 imperaris.
1193 1075 1307 1114 Illud
1339 1076 1466 1126 igitur
1505 1090 1585 1126 quo
1623 1079 1756 1128 magis

163 1141 311 1180 efficiat
324 1140 646 1191 vigilantissima
663 1142 735 1179 tua
755 1140 959 1188 maiestas,
978 1153 1074 1179 cum
1093 1142 1155 1179 tot
1174 1140 1323 1179 habeat
1343 1143 1387 1179 in
1408 1155 1533 1191 regno
1554 1157 1629 1182 suo
1644 1144 1755 1183 viros

164 1206 280 1244 omni
315 1207 519 1244 virtutum
557 1218 601 1244 ac
638 1206 854 1244 literarum
887 1218 1032 1255 genere
1065 1205 1369 1255 praecellentes,
1401 1209 1542 1246 tamen
1572 1209 1754 1260 vndique

163 1271 357 1322 praemiis
381 1271 650 1321 amplissimis
675 1271 847 1318 asciscit,
871 1284 952 1320 quo
972 1284 1145 1320 regnum
1169 1285 1241 1320 per
1267 1284 1310 1310 se
1337 1273 1650 1312 ornatissimum
1668 1276 1757 1314 tali-

1780 370 1816 392 10

165 1337 243 1375 bus
255 1337 584 1375 honestamentis
599 1336 744 1375 reddat
760 1336 948 1374 ornatius
963 1351 973 1384 ς
998 1336 1108 1374 haud
1129 1336 1269 1386 ignara
1288 1337 1526 1376 istiusmodi
1545 1339 1758 1380 decoribus
1779 1362 1815 1392 25

163 1401 297 1440 multo
326 1402 464 1440 verius
496 1414 541 1440 ac
572 1401 788 1451 pulchrius
818 1401 1021 1440 illustrari
1052 1402 1253 1440 ditionem
1288 1416 1405 1441 suam
1439 1417 1563 1453 quam
1595 1405 1752 1455 opibus.

162 1467 358 1517 tropheis,
381 1467 670 1517 pyramidibus
687 1467 832 1506 aliisue
859 1467 1169 1518 quantumlibet
1188 1468 1423 1518 magnificis
1441 1469 1755 1510 substructioni-

163 1534 252 1572 bus.
310 1533 441 1571 Porro
471 1533 580 1582 quod
609 1532 720 1571 inter
747 1532 825 1571 hos
853 1546 921 1570 me
949 1546 1109 1583 quoque
1138 1535 1210 1571 tua
1238 1533 1471 1584 benignitas
1500 1535 1668 1585 dignata
1696 1541 1755 1577 est

162 1597 468 1637 honestissimis
502 1597 698 1647 praemiis
735 1598 968 1646 sollicitare,
1001 1598 1122 1636 video
1159 1611 1256 1637 sane
1296 1601 1547 1649 quantopere
1585 1601 1756 1641 debeam

162 1663 303 1702 animo
332 1665 403 1701 tuo
431 1675 518 1701 non
545 1663 686 1701 minus
713 1662 895 1701 humano
924 1675 1049 1712 quam
1077 1663 1247 1702 excelso.
1302 1665 1440 1714 Atque
1461 1665 1622 1704 vtinam
1650 1668 1757 1707 adsit
1779 1685 1793 1714 ς

164 1728 271 1767 mihi
287 1729 415 1778 ,tanta
433 1728 499 1766 vis
523 1728 683 1777 ingenii
701 1730 743 1765 et
770 1727 1017 1766 eruditionis
1045 1731 1091 1767 vt
1115 1728 1252 1778 aliqua
1271 1729 1417 1767 saltem
1441 1743 1490 1768 ex
1515 1733 1630 1780 parte
1651 1734 1757 1771 tanti

165 1793 373 1842 Principis
392 1792 666 1842 expectationi
685 1793 932 1842 respondere
951 1806 1099 1843 queam
1116 1810 1125 1841 ;
1153 1796 1321 1833 tantum
1340 1796 1479 1833 autem
1500 1795 1757 1846 eloquentiae

163 1861 208 1897 vt
241 1858 427 1897 heroicas
459 1857 560 1897 istas
588 1858 766 1897 virtutes
801 1860 892 1896 tuas
925 1858 1156 1908 eximiaque
1190 1859 1333 1898 decora
1368 1860 1507 1910 dignis
1535 1861 1756 1911 aliquando

163 1923 394 1974 praeconiis
430 1923 662 1972 posteritati
692 1923 991 1972 commendem,
1025 1926 1147 1973 atque
1184 1924 1228 1962 in
1265 1924 1411 1974 primis
1449 1926 1526 1964 hoc
1564 1927 1758 1966 diuinum

163 1989 378 2030 restitutae
412 1989 525 2038 pacis
555 1988 805 2027 beneficium
840 1990 882 2026 te
911 2001 1006 2027 cum
1036 1988 1184 2038 primis
1217 1990 1429 2029 adnitente
1468 1994 1635 2041 partum
1668 1994 1757 2032 orbi
1777 2011 1814 2041 35

164 2054 412 2093 Christiano.
490 2054 640 2092 Precor
667 2054 802 2092 Deum
832 2053 1038 2104 optimum
1066 2054 1296 2093 maximum
1324 2057 1369 2094 vt
1398 2058 1664 2107 posteaquam
1693 2058 1757 2097 illi

164 2119 455 2170 complacitum
474 2121 536 2157 est
555 2119 861 2168 pulcherrimos
876 2119 977 2158 istos
989 2119 1172 2169 impetus
1186 2121 1338 2159 animis
1349 2121 1500 2159 vestris
1518 2122 1753 2165 immittere.

164 2185 277 2224 idem
307 2184 507 2234 prouehat
540 2183 726 2234 beneque
760 2184 957 2223 fortunet.
1016 2185 1123 2224 Vere
1155 2185 1338 2235 profecto
1371 2186 1534 2236 scripsit
1566 2188 1655 2226 Rex
1687 2189 1756 2226 ille

163 2250 356 2299 pacificus
384 2249 504 2288 corda
532 2262 676 2299 regum
704 2249 748 2288 in
779 2263 906 2288 manu
937 2249 1014 2288 Dei
1043 2263 1132 2289 esse
1159 2253 1202 2289 et
1229 2250 1343 2289 illius
1373 2251 1541 2290 arbitrio
1576 2252 1657 2291 huc
1687 2256 1757 2292 aut

163 2314 262 2353 illuc
281 2315 455 2364 impelli.
516 2315 617 2363 Quis
642 2315 756 2353 enim
779 2315 942 2354 dubitet
965 2316 1090 2354 istam
1117 2318 1302 2354 mentem
1327 2316 1452 2355 huius
1478 2317 1618 2356 affiatu
1638 2318 1757 2357 vobis
1775 2337 1816 2368 40

165 2380 288 2419 dari?
342 2379 521 2418 Proinde
554 2393 647 2430 spes
679 2382 742 2418 est
774 2380 860 2418 fore
890 2383 936 2419 vt
971 2380 1042 2430 qui
1072 2394 1223 2419 nouam
1256 2381 1361 2420 hanc
1395 2381 1638 2420 felicitatem
1668 2383 1756 2422 orbi

165 2445 400 2486 Christiano
420 2445 560 2495 largiri
580 2445 723 2495 coepit,
746 2445 869 2495 idque
888 2458 962 2495 per
975 2448 1018 2484 te
1036 2446 1313 2495 potissimum,
1330 2447 1440 2485 idem
1461 2460 1613 2485 munus
1632 2460 1756 2486 suum

165 2514 303 2550 vestra
327 2510 478 2559 pietate
504 2510 817 2560 constantiaque
845 2523 970 2560 quam
994 2511 1175 2549 maxime
1202 2511 1447 2550 diuturnum
1474 2525 1517 2550 ac
1543 2513 1756 2562 proprium

166 2576 269 2615 velit
307 2587 406 2614 esse.
465 2575 510 2613 Is
547 2575 806 2613 maiestatem
841 2577 969 2622 tuam,
1008 2575 1095 2613 Rex
1133 2576 1486 2623 excellentissime,
1522 2577 1756 2617 diutissime

165 2641 330 2680 felicem
351 2653 396 2678 ac
416 2639 537 2678 rebus
557 2640 750 2678 omnibus
770 2640 986 2678 florentem
1005 2653 1142 2690 regno,
1167 2641 1252 2679 imo
1274 2641 1363 2678 orbi
1382 2643 1596 2689 terrarum,
1621 2646 1755 2682 seruet
1776 2661 1814 2691 45

165 2719 211 2745 ac
230 2707 395 2744 tueatur
411 2719 421 2752 3
451 2704 516 2743 cui
535 2716 603 2742 me
621 2706 760 2742 totum
779 2705 896 2743 trado
916 2705 1148 2755 dedicoque.

219 2770 483 2823 Antuerpiae.
507 2769 562 2808 ix.
585 2769 659 2807 cal.
684 2769 782 2807 Mar.
805 2770 886 2808 An.
909 2783 1088 2809 M.n.xw.

210 2855 241 2884 8.
266 2852 442 2893 Eluetios]
469 2852 518 2882 Cf.
538 2851 601 2891 Ep.
618 2861 692 2890 529.
714 2861 753 2882 10
771 2860 805 2881 n.
995 2851 1107 2883 There
1123 2862 1182 2883 are
1195 2853 1468 2884 reminiscences
1480 2853 1518 2883 of
1531 2854 1591 2884 the
1603 2856 1757 2894 opening

214 2905 264 2934 13.
288 2906 331 2926 ex
347 2894 485 2935 regum]
510 2895 613 2926 From
631 2895 715 2925 here
730 2897 767 2925 to
782 2896 929 2925 alumnae
995 2897 1178 2926 sentences
1197 2896 1236 2926 in
1258 2896 1321 2935 Ep.
1338 2905 1411 2935 541.
1429 2906 1480 2936 22,
1499 2907 1518 2935 3
1536 2897 1615 2928 ¹and
1636 2898 1675 2928 of
1695 2898 1756 2929 the

167 2940 207 2979 (l.
228 2940 282 2977 18)
300 2940 338 2970 is
353 2938 530 2970 italicized
547 2939 586 2969 in
607 2938 717 2969 Lond.
735 2947 773 2968 as
788 2938 927 2977 though
994 2938 1207 2979 concluding
1222 2939 1338 2970 words
1355 2940 1394 2970 in
1409 2940 1474 2980 Ep.
1490 2950 1563 2980 542.
1585 2951 1634 2981 19.

166 2995 187 3014 a
217 2984 425 3022 quotation;
460 2983 522 3013 but
551 2983 569 3013 I
601 2983 731 3013 cannot
760 2983 853 3012 trace
884 2982 922 3012 it.
1040 2983 1094 3022 38.
1117 2982 1190 3014 Rex
1208 2982 1285 3023 ille]
1310 2985 1402 3015 Pron.
1420 2993 1520 3015 21.1.
