2010 3417
273 160 323 198 76
732 157 980 196 LETTERS
1020 157 1089 194 OF
1126 155 1391 194 ERASMUS
1732 152 1771 206 [1
1781 166 1825 202 51
1836 164 1857 202 5

268 269 397 318 possit
421 267 639 306 amantius.
700 265 820 302 Vnde
848 265 1003 302 factum
1040 265 1102 300 est
1130 265 1176 301 vt
1201 262 1310 311 quod
1342 262 1497 300 Romae
1529 262 1574 299 in
1597 263 1659 300 tot
1686 262 1861 312 egregiis

269 332 557 378 cardinalibus,
580 331 624 368 in
651 331 712 367 tot
738 327 1015 367 ornatissimis
1040 326 1251 377 episcopis,
1283 327 1325 364 in
1356 328 1418 364 tot
1444 326 1736 364 eruditissimis
1758 326 1860 365 viris

268 397 527 446 reliqueram,
549 395 590 432 id
610 396 746 433 totum
767 393 812 431 in
832 405 915 431 vno
934 391 1103 430 homine
1122 391 1229 429 mihi
1250 391 1412 430 viderer
1430 403 1701 440 recuperasse.

324 461 445 499 Nunc
464 473 559 498 vero
578 460 844 509 posteaquam
864 469 985 506 opera
1004 456 1155 495 Leonis
1170 456 1387 495 Pontificis
1401 469 1495 494 vere
1510 455 1683 494 maximi
1701 468 1780 505 pax
1800 457 1863 494 est

211 534 250 573 85
269 525 357 563 orbi
383 525 584 569 restituta,
611 523 746 562 multo
770 522 940 573 quidem
967 522 1222 560 commodior
1247 523 1310 560 est
1330 521 1575 559 Britannica
1601 521 1793 568 fortuna;
1822 522 1863 558 et

268 593 409 628 tamen
427 589 561 628 acrius
580 588 706 628 etiam
720 589 877 627 Romae
893 586 1106 637 desyderio
1125 586 1322 625 titillatur
1336 586 1512 635 animus,
1528 586 1629 625 dum
1649 587 1689 624 et
1708 584 1863 636 passim

268 656 400 693 famae
425 654 641 703 praeconio
670 653 896 692 celebratur
916 654 958 690 et
982 652 1071 691 veri
1094 652 1362 690 simillimum
1383 654 1454 700 est,
1477 651 1555 690 sub
1574 651 1649 690 tali
1669 650 1864 701 Principe

268 719 400 758 veluti
419 720 537 769 signo
558 719 653 758 dato
679 717 875 768 quicquid
901 730 1074 767 vsquam
1101 718 1291 766 gentium
1320 719 1383 756 est
1407 717 1655 755 eruditionis
1674 716 1860 763 eximiae,

268 785 463 835 quicquid
481 784 666 834 egregiae
685 783 864 832 virtutis,
885 783 961 821 hoc
979 785 1165 832 tempore
1185 783 1361 821 Romam
1387 782 1500 821 velut
1531 782 1575 820 in
1601 794 1725 821 suum
1752 781 1865 820 thea-

210 867 252 899 90
268 852 380 888 trum
419 863 670 889 concurrere.
742 850 856 887 Ante
894 847 1112 886 biennium
1149 847 1278 897 igitur
1315 847 1560 886 adornaram
1597 847 1687 895 iter,
1730 859 1865 885 comes

269 916 437 954 futurus
481 913 825 953 reuerendissimo
866 912 975 963 patri
1013 913 1062 951 D.
1105 912 1256 951 Ioanni
1300 911 1488 962 episeopo
1538 911 1734 960 Roffensi,
1775 910 1864 949 viro

270 981 384 1019 omni
425 980 722 1031 episcopalium
764 979 969 1018 virtutum
1012 990 1159 1027 genere
1201 977 1535 1016 cumulatissime
1582 979 1635 1025 et,
1674 978 1720 1016 vt
1759 989 1865 1015 com-

269 1045 421 1095 pendio
454 1045 598 1084 laudes
629 1045 745 1083 illius
779 1043 992 1094 explicem,
1025 1042 1345 1091 Cantuariensis,
1379 1043 1446 1080 cui
1479 1042 1753 1081 subsidiarius
1790 1043 1863 1088 est,

269 1110 508 1159 simillim0;
540 1105 685 1149 verum
704 1109 740 1148 is
759 1122 809 1147 ex
837 1108 987 1146 itinere
1012 1107 1150 1146 subito
1176 1109 1392 1146 reuocatus
1420 1110 1491 1148 est.
1552 1107 1738 1146 Rursum
1757 1119 1866 1144 anno

211 1194 252 1226 95
270 1177 480 1226 superiore
512 1176 617 1214 meis
642 1174 834 1225 auspiciis
854 1173 1061 1212 Basileam
1092 1185 1220 1222 vsque
1250 1185 1538 1222 processeram.
1598 1174 1658 1211 At
1685 1172 1753 1210 hic
1773 1185 1866 1222 quo-

270 1255 348 1291 que
368 1255 433 1280 res
454 1241 670 1291 quaepiam
693 1242 758 1279 est
783 1241 996 1286 remorata,
1020 1237 1159 1277 nescio
1185 1238 1285 1288 quid
1311 1238 1381 1276 alii
1406 1238 1569 1277 sensuri
1595 1239 1690 1286 sint,
1713 1239 1755 1276 at
1775 1249 1867 1275 meo

271 1306 421 1345 iudicio
460 1306 641 1345 maxima
660 1320 669 1353 ;
717 1318 816 1344 nam
855 1304 1085 1343 maximum
1128 1303 1254 1342 fuerit
1297 1306 1470 1353 oportet,
1513 1303 1624 1354 quod
1668 1302 1719 1341 ab
1757 1301 1867 1340 Vrbe

272 1372 452 1421 potuerit
470 1384 651 1410 auocare.

326 1436 583 1486 Iampridem
602 1436 680 1474 hoc
700 1434 907 1482 moliebar,
931 1433 1041 1471 haud
1062 1446 1159 1472 sane
1178 1433 1452 1472 mediocribus
1474 1433 1640 1486 vigiliis,
1663 1433 1725 1472 vti
1744 1432 1867 1470 diuus

196 1516 257 1538 100
272 1501 560 1551 Hieronymus
585 1501 702 1539 nobis
736 1502 848 1539 totus
879 1499 995 1549 quasi
1028 1501 1334 1547 renasceretur3
1363 1513 1487 1548 quem
1514 1500 1572 1537 sic
1598 1497 1740 1537 Latini
1760 1510 1868 1536 sum-

272 1580 391 1605 mum
410 1567 610 1605 habemus
628 1566 883 1615 theologum,
905 1567 951 1603 vt
970 1577 1095 1614 prope
1114 1563 1250 1602 solum
1271 1563 1404 1602 dicere
1423 1563 1543 1602 liceat
1561 1579 1570 1611 ;
1599 1564 1669 1602 sed
1691 1562 1868 1601 eundem

272 1632 372 1670 adeo
401 1632 684 1682 deprauatum,
707 1632 807 1669 adeo
834 1629 1064 1678 confusum,
1087 1629 1188 1668 adeo
1219 1630 1560 1677 contaminatum,
1589 1630 1635 1667 vt
1663 1640 1758 1666 cum
1784 1640 1869 1665 non

276 1698 330 1735 sit
341 1697 449 1735 alius
461 1710 588 1746 aeque
602 1696 710 1735 lectu
723 1696 886 1746 dignus,
907 1697 1049 1733 tamen
1062 1708 1171 1733 vnus
1185 1695 1365 1733 maxime
1381 1695 1435 1732 sit
1450 1694 1521 1744 qui
1532 1695 1615 1744 legi
1627 1706 1711 1732 non
1725 1693 1867 1743 possit,

274 1762 428 1801 nedum
468 1761 657 1811 intelligi.
738 1760 876 1799 Huius
923 1759 1049 1810 igitur
1093 1759 1400 1798 lucubrationes
1435 1771 1591 1807 omnes,
1626 1758 1871 1808 praesertim

198 1840 255 1870 105
274 1827 526 1877 epistolares,
554 1828 599 1865 in
632 1826 781 1877 quibus
814 1825 1046 1875 plurimum
1079 1826 1166 1863 erat
1198 1824 1365 1874 negocii,
1388 1825 1573 1874 primum
1605 1824 1650 1862 in
1683 1824 1871 1862 ordinem

274 1893 522 1941 digessimus
541 1908 550 1941 3
579 1893 724 1931 deinde
744 1892 915 1930 mendas
934 1890 1085 1940 quibus
1104 1889 1279 1928 obrutus
1297 1893 1384 1929 erat
1403 1891 1536 1939 magis
1557 1903 1682 1940 quam
1701 1889 1868 1936 oblitus,

276 1960 463 1996 veterum
483 1958 638 1996 auxilio
659 1957 846 1996 codicum
866 1958 1089 2006 nostroque
1112 1956 1280 2006 ingenio
1301 1955 1558 1994 sustulimus.
1617 1954 1873 1993 Addidimus

278 2036 373 2060 cum
397 2023 651 2072 argumentis
677 2021 894 2061 commoda
923 2021 967 2058 in
998 2021 1085 2059 loco
1115 2021 1281 2069 scholia,
1306 2034 1386 2070 quo
1415 2020 1546 2070 possit
1574 2021 1641 2059 vel
1669 2033 1692 2058 a
1720 2019 1872 2058 medio-

278 2088 402 2126 criter
420 2088 592 2126 eruditis
611 2088 853 2126 inoffensius
883 2086 975 2135 legi,
998 2085 1070 2135 qui
1089 2085 1272 2133 antehac,
1297 2086 1428 2124 dicam
1452 2086 1644 2123 audacter
1669 2085 1739 2123 sed
1764 2097 1869 2132 vere,

201 2166 262 2188 110
280 2166 353 2191 nec
395 2153 445 2192 ab
491 2152 787 2191 eruditissimis
829 2150 1152 2200 intelligebatur.
1224 2150 1332 2189 Nam
1371 2150 1725 2200 quemadmodum
1771 2149 1872 2187 olim

281 2218 486 2256 Romulus
519 2218 654 2255 dictus
687 2218 749 2254 est
781 2229 864 2254 non
903 2215 1045 2254 minus
1080 2215 1324 2265 magnificus
1356 2216 1584 2253 ostentator
1615 2213 1871 2264 egregiorum

280 2282 511 2321 facinorum
543 2296 667 2332 quam
700 2283 847 2331 gestor,
882 2280 942 2319 ita
970 2281 1108 2318 videre
1138 2283 1199 2318 est
1229 2280 1274 2317 in
1303 2280 1400 2318 diuo
1430 2279 1691 2329 Hieronymo
1719 2292 1873 2317 nouam

282 2349 487 2399 quandam
517 2350 558 2386 et
590 2348 749 2387 variam
781 2346 1057 2385 eruditionem
1089 2358 1185 2383 cum
1219 2347 1359 2383 sancta
1390 2345 1568 2394 quadam
1599 2343 1874 2382 ostentatione

282 2414 552 2453 coniunctam.
614 2413 767 2452 Graeca
796 2414 837 2450 et
867 2410 1084 2458 Hebraica,
1107 2424 1211 2460 quae
1240 2410 1305 2448 vel
1335 2410 1504 2447 deerant
1532 2422 1699 2459 prorsus
1724 2409 1791 2447 vel
1815 2409 1874 2447 sic

205 2492 263 2523 115
282 2481 399 2517 erant
428 2479 625 2528 asscripta
653 2481 700 2516 vt
728 2477 977 2527 praestiterit
1006 2475 1113 2514 nihil
1140 2475 1385 2525 asscriptum
1414 2475 1556 2522 fuisse,
1587 2487 1751 2513 summa
1780 2486 1876 2511 cura

283 2545 551 2583 restituimus.
611 2542 882 2593 Supposititia
900 2544 942 2580 et
960 2541 1203 2589 adulterina,
1228 2554 1331 2590 quae
1357 2540 1524 2590 quidam
1545 2540 1653 2578 bona
1678 2552 1772 2589 pars
1799 2541 1871 2586 est,

284 2610 328 2647 in
357 2622 478 2647 suum
508 2608 782 2658 relegauimus
811 2607 1037 2653 volumen;
1075 2608 1123 2644 vt
1151 2618 1225 2643 nee
1254 2605 1516 2654 desyderaret
1546 2604 1701 2655 aliquid
1730 2603 1877 2642 auidus

285 2675 415 2723 magis
442 2687 565 2723 quam
589 2673 777 2711 eruditus
808 2673 944 2720 lector,
972 2683 1046 2710 nec
1077 2683 1243 2709 rursum
1269 2670 1554 2708 indoctissima
1580 2669 1876 2708 blateramenta

283 2742 368 2777 tam
392 2739 728 2789 incomparabilis
745 2739 827 2777 viri
844 2738 967 2776 titulo
987 2738 1146 2775 diutius
1164 2736 1538 2774 circumferrentur.

209 2816 268 2838 120
340 2804 542 2852 Equidem
576 2803 873 2853 perspiciebam
905 2803 1070 2841 Italiam
1100 2804 1141 2840 et
1170 2801 1515 2840 bibliothecarum
1548 2799 1712 2839 auxiliis
1749 2802 1790 2836 et
1819 2811 1875 2835 re-

436 2911 488 2940 91.
516 2901 817 2932 reuerendissimo
833 2903 862 2930 A
881 2912 887 2931 :
912 2901 951 2931 R.
968 2903 1004 2931 F.
1116 2909 1169 2938 92.
1194 2899 1292 2929 omni
1308 2901 1452 2934 Bywater
1470 2909 1476 2928 :
1501 2897 1664 2928 omnium
1681 2898 1723 2924 A.

330 3005 381 3033 90.
408 2993 613 3034 biennium]
632 2995 690 3025 An
708 3004 824 3033 error3
851 2994 894 3025 ef.
915 2994 1003 3033 Epp.
1022 3003 1139 3032 252-4.
1206 3002 1276 3022 111.
1303 2990 1494 3031 Romulus]
1513 2990 1564 3021 Cf.
1585 2989 1661 3020 Liv.
1683 2998 1709 3020 1.
1733 2997 1780 3018 10.
1800 2997 1829 3026 5.
