2010 3417
138 153 237 208 480]
596 156 667 195 rro
703 155 968 195 WILLIAM
1008 155 1279 196 BUDAEus
1652 155 1732 194 363

138 269 222 316 εἶμι.
282 265 429 316 Itaque
462 266 604 305 crebro
636 266 722 305 tuis
754 265 888 305 literis
922 264 1188 305 bellariorum
1223 265 1312 304 vice
1344 266 1561 305 reficimur.
1623 265 1731 304 Nam

138 331 223 369 dici
247 330 319 370 vix
343 332 478 381 potest
506 333 758 381 quantopere
784 331 850 370 vir
875 331 911 369 is
939 330 1136 380 suspiciat
1162 331 1438 369 eruditionem
1457 333 1583 378 tuam,
1607 343 1731 381 quam

136 395 293 445 alioqui
323 408 446 434 nemo
476 409 561 434 non
590 395 821 434 admiratur
849 394 934 434 nisi
961 395 1033 445 qui
1061 408 1146 434 non
1180 395 1392 445 intelligit.
1454 396 1562 435 Nam
1592 397 1733 435 sancte

137 461 294 499 deierat
332 461 544 499 neminem
584 462 774 500 omnium
810 464 883 499 τῶν
920 464 1138 510 νεωτερικῶν
1175 461 1364 510 argutius
1397 463 1469 500 aut
1502 460 1732 512 elegantius

137 525 351 575 scripsisse
372 525 524 565 Graece
545 539 670 576 quam
691 526 932 565 Budaeum:
961 527 1002 564 at
1022 526 1133 564 idem
1154 538 1237 563 non
1257 528 1379 575 negat
1399 526 1477 564 tibi
1496 527 1733 565 Romanum
1754 538 1791 570 15

138 604 374 629 sermonem
400 604 484 629 non
505 591 641 629 solum
667 604 756 629 esse
778 590 1051 641 purissimum
1076 591 1437 640 castissimumque
1455 591 1732 630 verumetiam

138 655 308 694 vberem
327 668 371 693 ac
390 655 649 705 locupletem.

193 720 412 759 Caeterum
449 723 496 759 vt
532 720 673 770 paucis
710 720 795 758 iam
832 720 883 758 ad
922 722 1013 758 tuas
1052 720 1322 768 respondeam
1355 720 1508 767 literas,
1545 721 1733 770 primum

139 785 329 824 molestis
360 786 607 836 quibusdam
640 786 741 823 οἴκου
773 803 813 823 τε
844 786 904 822 καὶ
935 787 1052 834 αὐλῆς
1085 785 1309 835 negociolis
1342 785 1479 823 odiose
1509 785 1728 833 distentus,

139 849 284 888 deinde
307 851 503 899 ἀρρώστως
523 852 616 902 ἔχων
636 850 688 889 ob
712 850 921 900 pituitam,
943 863 1020 888 nae
1045 852 1092 888 tu
1120 849 1384 888 familiariter
1410 851 1450 888 et
1477 850 1607 888 amice
1635 851 1734 889 facis
1756 865 1795 886 20

139 915 248 964 quod
280 927 347 953 me
377 914 429 953 ob
464 915 690 965 neglectius
724 915 921 965 scriptam
950 914 1168 964 epistolam
1197 915 1255 953 sic
1283 917 1492 967 μαστιγοῖς.
1553 915 1613 953 At
1640 915 1734 953 vide

140 981 344 1029 quantum
372 980 645 1029 profecerim;
682 981 928 1032 πολυγράφος
953 980 1001 1018 ὢν
1029 979 1137 1017 male
1165 979 1345 1017 scribere
1374 979 1510 1018 didici.
1568 980 1733 1028 Quanto

138 1046 185 1082 tu
215 1044 445 1083 consultius
466 1045 538 1095 qui
566 1047 676 1083 recte
704 1045 925 1084 scribendo
954 1045 1014 1082 καὶ
1044 1045 1112 1094 τὴν
1138 1045 1399 1096 ταχυγραφιάν
1427 1058 1470 1083 es
1498 1046 1734 1083 assecutus!

140 1109 385 1159 Quanquam
409 1112 470 1148 est
501 1123 582 1159 quo
612 1110 770 1148 crimen
795 1110 873 1148 hoc
898 1110 1053 1160 partim
1078 1109 1238 1148 eleuare
1267 1123 1426 1159 queam,
1449 1109 1604 1159 partim
1629 1109 1674 1147 in
1694 1111 1735 1148 te

140 1176 393 1224 retorquere,
424 1175 502 1213 hoc
535 1177 598 1213 est
631 1178 940 1227 ἀντικατηγορεῖν.
1001 1175 1195 1213 Primum
1228 1175 1341 1213 enim
1373 1175 1470 1214 vide
1502 1188 1554 1213 ne
1585 1187 1734 1224 parum
1755 1190 1792 1221 25

139 1239 263 1278 ciuile
301 1239 356 1278 sit
389 1240 439 1279 ab
477 1240 647 1278 homine
683 1240 848 1290 magnis
884 1240 1170 1279 voluminibus
1202 1239 1486 1278 describendis
1524 1241 1730 1289 occupato,

139 1305 190 1343 ad
219 1304 318 1343 haec
345 1305 411 1343 cui
436 1318 739 1355 nonnunquam
764 1319 848 1344 vno
873 1306 941 1344 die
965 1305 1116 1355 viginti
1145 1305 1231 1344 sint
1258 1305 1497 1343 scribendae
1525 1304 1731 1355 epistolae,

139 1371 280 1409 literas
299 1373 486 1409 accurate
515 1371 689 1421 scriptas
714 1370 831 1410 velut
858 1371 908 1410 ab
934 1371 1070 1410 ocioso
1095 1371 1292 1420 flagitare.
1351 1370 1468 1419 Quod
1489 1369 1522 1408 si
1549 1370 1734 1409 laborem

139 1435 294 1474 iterum
325 1448 418 1473 mea
449 1436 690 1483 describere,
723 1449 895 1486 prorsus
928 1437 1066 1486 impar
1096 1437 1177 1474 sim
1208 1436 1324 1475 oneri
1354 1435 1526 1474 ferendo
1543 1450 1552 1483 ;
1595 1435 1661 1473 sin
1691 1435 1734 1473 id

139 1500 327 1539 muneris
364 1500 458 1539 aliis
492 1501 688 1551 delegem,
724 1502 795 1540 vix
833 1502 1017 1552 quinque
1056 1502 1242 1540 ministri
1281 1501 1530 1540 suffecerint.
1603 1500 1737 1550 Atqui.
1755 1517 1796 1547 30

139 1579 244 1604 vxor
275 1565 349 1604 illa
378 1579 471 1606 mea
503 1567 548 1605 in
579 1580 704 1617 quam
735 1569 781 1606 tu
816 1567 1043 1606 salsissime
1073 1567 1196 1614 ludis,
1225 1567 1295 1605 vix
1324 1567 1496 1606 vnicum
1524 1566 1580 1605 ali
1608 1566 1710 1604 sinit
1725 1580 1734 1612 ;

140 1631 239 1670 adeo
278 1631 393 1670 domi
434 1635 580 1681 regnat
624 1632 860 1682 imperiosa,
903 1632 1076 1671 domina
1112 1633 1251 1670 verius
1293 1644 1418 1681 quam
1455 1644 1569 1669 vxor.
1643 1630 1736 1669 Iam

141 1698 392 1746 quantopere
422 1699 464 1735 te
493 1698 665 1736 torserit
694 1698 844 1736 scheda
870 1700 918 1737 vt
947 1710 1068 1736 vocas
1096 1698 1249 1744 nostra,
1282 1696 1430 1735 nescio.
1490 1695 1605 1734 Illud
1635 1695 1732 1743 scio,

140 1764 256 1800 tuam
276 1761 393 1800 illam
416 1775 565 1812 puram
580 1764 725 1812 putam
746 1762 965 1812 epistolam
984 1764 1150 1801 tantum
1168 1761 1327 1811 negocii
1345 1761 1466 1800 nobis
1486 1760 1733 1808 exhibuisse,

141 1828 186 1865 vt
210 1826 316 1864 mihi
336 1826 464 1864 fuerit
488 1827 602 1864 hisce
629 1827 769 1876 digitis
794 1828 931 1865 denuo
958 1827 1260 1877 perscribenda,
1282 1840 1363 1876 quo
1387 1827 1525 1876 posset
1551 1826 1736 1875 primum
1756 1840 1794 1872 35

141 1906 166 1929 a
194 1891 324 1939 nobis,
355 1891 502 1929 deinde
531 1891 581 1930 ab
611 1892 786 1930 eruditis
814 1892 959 1930 amicis
988 1891 1096 1941 legi3
1135 1891 1340 1941 siquidem
1371 1893 1490 1929 antea
1519 1890 1589 1929 vix
1618 1904 1641 1928 a
1670 1903 1737 1928 me

142 1957 243 2005 ipso,
281 1969 305 1994 a
342 1956 510 1994 caeteris
543 1956 714 1995 omnino
748 1970 831 1995 non
867 1957 1102 2006 legebatur:
1142 1969 1227 1994 non
1259 1957 1346 1994 tam
1380 1955 1430 1994 ob
1464 1956 1506 1994 id
1538 1955 1644 2005 quod
1678 1955 1737 1992 in-

142 2020 366 2070 diligenter
393 2022 638 2071 scripsisses,
662 2022 733 2060 sed
763 2021 872 2071 quod
900 2024 974 2060 tuo
1002 2034 1129 2061 more.
1188 2021 1434 2070 Quanquam
1463 2020 1560 2058 huic
1582 2021 1737 2058 incom-

142 2087 266 2124 modo
285 2086 343 2124 sic
357 2087 476 2125 facile
491 2087 733 2134 medeberis,
752 2087 787 2125 si
807 2086 964 2125 curaris
978 2088 1025 2125 vt
1039 2086 1276 2136 frequentes
1295 2086 1376 2124 huc
1395 2088 1490 2124 tuae
1505 2087 1740 2124 commeent

143 2150 290 2190 literae
307 2166 316 2199 ;
345 2151 403 2189 sic
423 2151 538 2190 enim
555 2153 628 2191 tua
647 2165 797 2190 manus
817 2152 938 2190 nobis
958 2151 1155 2190 reddetur
1172 2151 1430 2190 familiarior.
1755 2167 1798 2198 40

199 2216 316 2264 Quod
355 2218 673 2269 λεπτολογήματα
709 2217 838 2255 Vertis
877 2217 922 2255 in
967 2218 1268 2269 συγγραμμάτια,
1310 2216 1501 2266 equidem
1546 2215 1738 2265 protinus

144 2281 296 2331 agnoui
308 2282 462 2332 risique
475 2283 841 2333 Aristophanicam
854 2282 973 2321 illam
987 2283 1273 2332 ἐπανορθώσεως
1285 2282 1467 2330 στροφὴν,
1482 2282 1538 2317 Οῧ
1552 2281 1740 2327 κέκλοφας

146 2345 234 2383 ἀλλ’
251 2347 428 2395 ἥρπακας.
488 2348 549 2386 De
568 2348 926 2386 lucubrationibus
945 2347 1099 2386 nostris
1118 2359 1211 2386 amo
1230 2348 1272 2385 te
1291 2346 1363 2396 qui
1387 2359 1552 2384 mecum
1571 2343 1736 2390 sentias,

150 2412 317 2450 tantum
335 2412 452 2451 abest
469 2415 517 2451 vt
535 2414 617 2452 sim
636 2413 956 2451 reclamaturus:
984 2426 1131 2452 verum
1157 2413 1266 2462 quod
1294 2414 1341 2450 tu
1367 2411 1416 2449 de
1442 2410 1569 2460 Copia
1594 2408 1738 2456 sentis,

147 2476 320 2515 Luciani
357 2478 529 2527 dialogis
566 2480 608 2516 et
638 2478 868 2517 Catunculo
902 2479 1104 2526 restituto,
1142 2477 1186 2514 id
1218 2477 1306 2526 ipse
1345 2476 1394 2514 de
1429 2475 1599 2514 caeteris
1636 2473 1739 2512 item
1757 2486 1797 2517 45

147 2540 344 2579 omnibus
381 2543 646 2581 sentiendum
678 2545 790 2592 puto.
850 2542 959 2581 Nam
989 2544 1038 2581 vt
1070 2545 1133 2580 est
1170 2541 1447 2579 maiusculum
1481 2539 1739 2588 Adagiorum

146 2606 354 2655 volumen,
377 2607 436 2645 ita
463 2610 708 2657 argumento
738 2608 839 2657 quid
868 2620 956 2646 esse
983 2609 1118 2657 potest
1143 2606 1380 2644 humilius?
1436 2605 1491 2642 Et
1517 2607 1658 2642 tamen
1681 2603 1738 2641 ita

91 2666 95 2671 ’
147 2670 255 2709 mihi
281 2671 425 2709 videor
452 2671 496 2710 in
523 2686 571 2710 eo
599 2673 790 2710 versatus
817 2674 864 2710 vt
893 2671 1128 2720 superiores
1158 2671 1317 2709 omneis
1343 2669 1527 2716 vicerim,
1561 2680 1739 2718 quorum

149 2749 247 2774 sane
280 2738 420 2774 extent
451 2738 733 2775 monumenta.
795 2737 902 2774 Tum
937 2750 1040 2785 quae
1069 2736 1228 2773 functio
1262 2736 1396 2783 potest
1424 2747 1512 2772 esse
1541 2734 1586 2771 in
1614 2733 1739 2771 sacris

150 2801 284 2839 literis
302 2801 505 2839 humilior
524 2815 647 2850 quam
666 2814 712 2839 ea
726 2814 848 2851 quam
869 2814 945 2839 nos
964 2800 1009 2839 in
1025 2801 1144 2838 Nouo
1164 2799 1422 2848 suscepimus
1437 2798 1707 2837 Testamento
1719 2798 1739 2835 ⁶?
1757 2808 1799 2839 50

424 2916 475 2944 30.
504 2905 664 2946 delegem
681 2904 736 2936 0²:
759 2905 918 2945 delegere
936 2904 977 2937 C¹.
1110 2915 1164 2945 34.
1188 2906 1312 2945 putam
1329 2907 1402 2936 aclcl.
1424 2904 1470 2935 0².

662 3019 715 3049 42.
739 3007 1071 3049 Aristophanicam]
1095 3010 1140 3040 Pl.
1159 3017 1233 3047 372.
