2010 3417
146 179 240 235 593]
442 157 445 159 ’
1656 179 1735 217 599

620 236 714 276 593.
777 234 909 276 FROM
940 233 1064 275 JOHN
1098 233 1261 276 Comz'r.

191 325 381 361 Deventer
399 325 474 361 MS.
496 336 551 371 91.
571 325 596 360 f.
621 328 684 361 182
703 331 752 360 v0.
1445 324 1615 359 London.

190 383 263 419 LB.
280 382 376 429 App.
395 385 475 427 246.
1372 381 1425 428 (c.
1444 382 1541 418 June
1563 381 1687 427 15¹7·>

640 452 937 494 [Contemporary
954 451 1044 483 with
1063 453 1124 492 Ep.
1142 451 1237 492 592]

471 552 670 582 IOANNES
712 552 905 582 COLETVS
945 551 1126 582 DOMINO
1165 552 1347 581 ERASMO
1386 553 1420 582 S.

198 633 457 671 SVanAscon
477 632 566 681 tibi,
589 632 771 681 Erasme,
794 632 901 682 quod
921 645 988 670 me
1007 632 1157 670 litteris
1175 632 1225 670 ad
1244 632 1347 671 alios
1367 645 1451 670 non
1472 632 1523 670 ad
1545 645 1610 670 me
1631 631 1737 670 datis

142 698 309 736 salutas.
382 696 490 736 Nam
510 710 746 747 quanquam
776 710 860 736 non
890 696 1030 736 diffido
1058 697 1265 735 amicitiae
1293 699 1466 746 nostrae,
1488 699 1629 736 tamen
1656 696 1736 735 ista

141 762 275 801 aliena
292 763 334 800 et
352 760 398 800 in
415 761 563 800 alienis
577 761 711 800 literis
732 762 926 801 salutatio
937 762 1033 801 facit
1052 764 1097 800 vt
1120 760 1192 800 alii
1212 763 1353 801 minus
1373 775 1440 800 me
1459 761 1532 801 abs
1546 764 1587 800 te
1603 762 1733 800 amari

143 826 336 866 iudicent.
367 827 479 866 Item
497 827 577 865 alio
598 828 767 865 nomine
785 826 1017 866 subirascor
1034 826 1112 866 tibi
1131 827 1240 877 quod
1260 827 1310 866 ad
1328 828 1565 866 Roffensem
1577 825 1734 864 misisti

140 891 403 932 Caballistica
421 892 642 931 Reuchlini
662 894 704 931 et
724 906 809 931 non
829 892 881 931 ad
901 905 993 931 me:
1023 905 1109 931 non
1128 893 1237 942 quod
1257 892 1468 931 noluerim
1487 892 1652 931 misisse
1683 891 1734 930 ad
1755 900 1774 932 5

143 971 250 1006 eum,
273 958 344 996 sed
363 958 473 1008 quod
492 957 695 997 voluerim
725 957 851 996 simul
876 958 926 996 ad
950 971 1016 996 me
1042 971 1173 996 vnum
1197 956 1354 996 librum
1373 957 1569 996 misisses.
1629 957 1733 995 Tam

141 1022 255 1061 enim
273 1023 454 1062 delector
469 1036 607 1062 amore
624 1025 708 1071 tuo,
732 1025 778 1063 vt
799 1023 959 1061 doleam
979 1023 1142 1073 quando
1153 1022 1275 1061 video
1293 1025 1335 1062 te
1354 1023 1494 1062 minus
1508 1035 1735 1061 memorem

142 1101 229 1126 esse
260 1088 344 1126 mei
376 1101 501 1139 quam
533 1087 721 1127 aliorum.
796 1087 920 1127 Liber
947 1087 1018 1127 ille
1047 1088 1165 1138 prius
1192 1088 1310 1126 venit
1346 1087 1398 1126 ad
1429 1100 1579 1126 manus
1608 1099 1731 1136 meas,

141 1153 336 1203 priusque
355 1165 379 1192 a
406 1166 472 1192 me
491 1166 708 1203 percursus
734 1154 796 1192 est
816 1166 941 1204 quam
960 1153 1082 1191 datus
1100 1153 1163 1191 est
1182 1153 1378 1192 Roffensi.
1436 1152 1496 1191 De
1517 1166 1598 1204 quo
1627 1152 1734 1191 libro

142 1231 226 1256 non
245 1217 376 1257 audeo
397 1217 585 1257 iudicare.
624 1219 818 1269 Agnosco
838 1217 1044 1256 inscitiam
1063 1231 1200 1256 meam
1219 1220 1259 1256 et
1280 1231 1407 1268 quam
1427 1231 1570 1257 caecus
1590 1217 1671 1256 sim
1691 1217 1736 1256 in
1759 1224 1797 1249 10

140 1283 263 1322 rebus
282 1285 369 1322 tam
389 1285 559 1322 remotis
577 1286 618 1322 et
640 1284 683 1322 in
711 1283 905 1334 operibus
932 1283 1042 1322 tanti
1060 1282 1148 1322 viri.
1197 1283 1441 1333 Quanquam
1470 1284 1580 1321 inter
1602 1282 1737 1333 legen-

142 1349 243 1386 dum
264 1361 565 1399 nonnunquam
584 1348 672 1387 visa
692 1348 845 1387 fuerint
860 1348 965 1386 mihi
984 1347 1142 1386 maiora
1161 1347 1359 1386 miracula
1379 1348 1602 1387 verborum
1615 1361 1739 1399 quam

144 1427 294 1452 rerum.
354 1414 461 1452 Nam
481 1414 542 1463 (vt
562 1414 693 1463 docet)
714 1412 850 1452 nescio
870 1413 968 1463 quid
991 1412 1168 1452 misterii
1189 1413 1367 1451 habeant
1387 1412 1593 1451 Hebraica
1611 1412 1733 1451 verba

143 1481 188 1518 in
209 1479 510 1518 characteribus
538 1480 578 1517 et
606 1477 996 1517 combinationibus.

197 1544 378 1591 Erasme,
401 1543 603 1582 librorum
623 1545 665 1582 et
683 1543 876 1582 scientiae
895 1556 980 1582 non
1002 1545 1065 1582 est
1084 1543 1192 1582 finis.
1254 1542 1372 1582 Nihil
1392 1543 1544 1581 melius
1562 1556 1636 1592 pro
1655 1543 1732 1581 hac
1758 1553 1795 1586 ¹5

143 1609 259 1647 breui
277 1610 363 1648 vita
381 1622 506 1659 quam
525 1611 571 1647 vt
592 1610 732 1647 sancte
749 1610 791 1647 et
805 1621 905 1658 pure
921 1608 1114 1646 viuamus
1126 1621 1171 1646 ac
1186 1608 1369 1657 quotidie
1383 1608 1477 1647 dare
1496 1620 1663 1658 operam
1682 1610 1727 1647 vt

141 1675 411 1724 purificemur
447 1676 488 1712 et
518 1673 809 1712 illuminemur
842 1674 883 1711 et
911 1673 1186 1723 perficiamur.
1247 1673 1332 1722 Que
1365 1672 1618 1722 promittunt
1649 1673 1730 1712 ista

142 1739 364 1778 Reuchlini
381 1738 628 1789 Pytagorica
653 1740 695 1776 et
723 1737 985 1777 Caballistica
1003 1751 1013 1786 ς
1041 1738 1112 1776 sed
1139 1751 1233 1776 meo
1255 1738 1409 1777 iudicio
1429 1737 1544 1776 nulla
1565 1736 1646 1776 alia
1664 1738 1733 1776 via

144 1817 408 1856 assequemur
431 1817 556 1855 quam
586 1803 751 1842 ardenti
769 1816 908 1842 amore
939 1805 980 1841 et
1006 1803 1237 1842 imitatione
1260 1803 1370 1842 Iesu.
1427 1803 1559 1852 Quare
1577 1803 1730 1842 relictis

144 1868 386 1920 ambagibus
417 1869 468 1908 ad
496 1869 712 1908 veritatem
736 1868 853 1907 breui
877 1868 1120 1918 compendio
1147 1881 1300 1906 eamus.
1358 1868 1445 1918 Ego
1472 1881 1546 1917 pro
1574 1867 1733 1907 viribus
1757 1879 1796 1901 20

145 1934 250 1973 volo.

198 2000 299 2039 Vale
318 2013 367 2038 ex
387 1999 589 2038 Londino.

187 2098 218 2128 6.
246 2105 328 2128 eum
345 2098 397 2127 ΕΒ
412 2107 420 2126 t
442 2101 461 2126 ἐ
479 2098 547 2126 ΜΞ.
775 2105 824 2126 10.
848 2104 955 2134 quam
970 2097 1080 2133 scripsi
1098 2095 1156 2136 (ἇς)
1170 2106 1177 2124 z
1201 2104 1226 2137 q
1243 2097 1308 2126 MS.
1521 2095 1590 2125 sim
1606 2098 1715 2132 scripsi
1728 2106 1734 2125 :

145 2151 225 2172 sum
240 2143 308 2172 MS.
424 2148 470 2170 11.
496 2140 622 2179 opibus
638 2140 698 2177 ΕΒ,
714 2148 898 2176 perperam;
922 2141 959 2176 cs.
975 2141 1033 2175 Ep.
1054 2148 1124 2177 104.
1142 2140 1185 2176 56
1198 2148 1228 2169 η.
1352 2148 1399 2178 17.
1427 2137 1653 2178 perficiamus
1669 2140 1732 2169 ΕΒ.

143 2194 312 2223 perperam.
432 2192 486 2213 20.
511 2182 700 2213 veritatem
717 2183 864 2212 Nichols:
885 2182 1099 2213 breuitatem
1116 2184 1184 2212 MS.

649 2299 696 2329 15.
722 2290 909 2331 librorum}
936 2291 987 2323 Cf.
1005 2290 1096 2322 Eccl.
1118 2301 1166 2322 12.
1191 2301 1237 2323 12.
