2010 3417
170 131 217 167 82
1654 135 1732 173 373

140 143 164 176 ⁴
224 127 240 182 ]
487 185 586 226 482.
648 183 779 226 FROM
813 184 962 227 Smox
993 185 1398 228 HEXAPOLITANUS.

191 289 379 326 Deventer
397 289 473 325 MS.
492 301 550 337 91,
569 290 593 325 f.
616 292 692 336 198.
1384 293 1577 338 <Brussels
1590 293 1634 340 ‘?>

188 347 260 383 LB.
278 347 374 393 App.
391 357 470 394 452.
1331 350 1521 397 <Autumn
1542 354 1632 398 1516
1644 351 1688 398 ⁴.»

190 440 323 482 [Being
348 439 471 480 copied
498 440 545 479 by
570 440 680 472 Hand
707 440 740 471 A
768 441 842 472 this
869 441 976 472 letter
1002 441 1173 482 probably
1202 441 1284 473 falls
1310 442 1430 474 before
1460 453 1495 474 11
1523 443 1609 475 Nov.
1640 453 1734 483 1517.

142 484 181 515 L.
200 494 244 514 20
265 483 382 515 shows
402 484 483 515 that
504 485 534 515 it
549 493 622 514 was
637 484 784 515 written
807 484 847 514 in
868 484 929 515 the
948 487 1111 526 autumn,
1129 485 1201 516 and
1218 495 1256 516 as
1272 486 1334 516 the
1350 486 1475 518 writer
1489 487 1735 527 accompanies

140 538 162 557 ι
196 527 308 567 priest
335 527 506 567 awaiting
531 527 764 567 preferment,
788 529 817 558 it
839 529 871 559 is
893 527 1049 568 perhaps
1071 531 1108 559 to
1131 529 1172 559 be
1201 528 1307 560 dated
1330 529 1422 560 from
1446 530 1632 561 Brussels:
1662 531 1734 562 and

142 571 322 602 therefore
346 571 386 601 in
410 570 472 601 the
495 573 649 601 autumn
673 570 712 601 of
735 571 829 610 1516.
889 571 943 602 No
970 570 1048 602 clue
1075 574 1111 602 to
1139 572 1203 602 the
1229 572 1328 612 place
1355 573 1386 603 is
1415 572 1618 605 obtainable
1642 573 1733 605 from

142 614 207 644 the
230 615 395 645 mention
419 614 457 645 of
476 613 538 645 the
563 614 782 654 Carmelites,
810 614 909 646 since
931 614 1020 654 they
1043 615 1114 646 had
1138 615 1265 646 houses
1288 618 1325 647 at
1348 615 1521 657 Brussels,
1546 617 1733 657 Antwerp,

140 657 214 688 and
230 657 401 689 Louvain.

187 701 281 732 Iam
297 700 428 732 unable
445 702 481 732 to
498 701 675 740 interpret
691 700 1000 741 Hexapolitanus;
1024 701 1088 732 but
1104 701 1141 732 ll.
1157 711 1208 741 22,
1226 702 1268 732 26
1284 704 1424 742 suggest
1439 703 1520 735 that
1536 703 1598 735 the
1610 705 1734 735 writer

143 743 216 774 had
232 753 330 775 come
342 745 434 775 from
450 754 547 776 some
564 744 723 776 distance
741 744 813 775 and
826 754 899 775 was
915 754 934 774 a
948 744 1114 776 German.
1149 744 1205 776 He
1221 754 1305 785 may
1316 746 1475 786 possibly
1486 747 1529 778 be
1546 746 1733 778 identified

141 787 235 818 with
250 787 313 818 the
329 787 456 819 Simon
472 788 511 819 of
523 788 587 828 Ep.
604 797 688 827 570:
713 797 760 819 on
776 787 838 818 the
860 788 1083 828 supposition
1102 788 1182 819 that
1198 788 1272 820 like
1293 789 1351 820 his
1371 791 1584 830 companion
1600 791 1646 822 he
1662 800 1735 822 was

140 831 180 861 in
204 833 307 871 quest
328 831 366 862 of
385 832 633 872 employment
656 832 728 862 and
750 830 862 862 found
887 831 916 862 it
939 831 1028 862 with
1050 831 1207 863 Halmal.
1256 832 1289 863 A
1312 832 1434 864 Simon
1457 832 1530 865 also
1552 843 1675 865 occurs
1698 837 1733 865 at

138 873 327 906 Zwollein
343 873 456 906 Lond.
474 875 550 906 xiii.
567 885 598 915 9,
618 874 687 906 LB.
705 884 779 914 270.

184 917 259 948 The
289 917 396 949 letter
426 918 457 949 is
487 917 654 950 followed
684 919 730 958 by
758 928 777 949 a
807 927 921 959 poem,
949 920 1005 949 Aa
1030 920 1202 949 Erasmum
1232 921 1349 950 Romo.
1372 923 1516 958 perpetuo
1547 925 1735 959 cognomento

137 963 372 999 polyhistorem:
403 962 550 1002 printed
573 963 612 993 in
636 960 726 1004 LB.]

206 1071 501 1103 ERVDITORVM
533 1071 715 1102 OMNIVM
748 1071 1073 1103 ERVDITISSIMO
1103 1071 1283 1103 ERASMO
1313 1072 1501 1103 ROTERO.
1533 1072 1674 1104 SIMON

427 1139 806 1171 HEXAPOLITANVS
837 1140 1105 1171 PERPETVAM
1135 1141 1452 1173 FELICITATEM.

200 1232 354 1271 NORAM
401 1233 517 1282 prius
559 1245 683 1282 quam
731 1231 912 1281 ingenio,
956 1232 1188 1271 eruditione
1229 1246 1275 1272 ac
1314 1233 1530 1283 Vtriusque
1571 1233 1735 1284 linguae

140 1297 469 1347 promptitudine
496 1297 631 1336 nostri
660 1297 749 1336 aeui
778 1297 1024 1337 mortalibus
1050 1297 1238 1347 auten-es,
1271 1299 1320 1337 de
1348 1299 1608 1338 humanitate
1637 1313 1734 1339 vero

139 1366 212 1402 tua
229 1362 363 1402 adhuc
391 1361 603 1402 audieram
632 1362 768 1411 nihil;
797 1363 868 1401 sed
898 1376 988 1402 eam
1017 1365 1064 1402 tu
1094 1377 1255 1413 quoque
1282 1363 1390 1402 mihi
1414 1377 1500 1403 non
1520 1364 1737 1403 delineasti

139 1429 306 1466 tantum
340 1428 412 1466 sed
445 1430 485 1466 et
510 1427 703 1478 graphice
734 1440 824 1467 eam
853 1427 1042 1478 effigiasti
1071 1441 1212 1479 nuper,
1248 1442 1343 1467 cum
1375 1431 1534 1479 praeter
1567 1443 1735 1469 omnem

137 1506 255 1543 spem
275 1493 397 1532 obuio
417 1492 525 1531 mihi
543 1494 584 1531 et
603 1495 772 1532 externo
792 1506 1046 1543 congressus,
1065 1507 1232 1544 operam
1252 1495 1369 1533 tuam
1389 1496 1431 1533 et
1449 1496 1734 1545 praesentissi-
1753 1506 1770 1537 5

137 1570 250 1597 mam
274 1571 395 1608 opem
416 1558 688 1609 desponderes
707 1559 796 1597 tam
822 1557 1002 1597 humane
1027 1560 1068 1598 et
1095 1559 1321 1599 liberaliter
1347 1572 1472 1610 quam
1491 1560 1566 1599 vni
1591 1574 1732 1600 eorum

136 1623 207 1673 qui
226 1623 351 1674 longa
375 1625 515 1663 tecum
547 1623 843 1662 consuetudine
870 1624 1110 1662 coaluerint.
1171 1624 1300 1663 Credo
1324 1625 1517 1674 equidem
1546 1626 1734 1665 animum

138 1690 261 1727 tuum
290 1702 384 1728 vere
419 1688 621 1737 diuinum,
656 1690 696 1727 et
731 1689 803 1738 qui
834 1688 943 1726 nihil
974 1690 1037 1728 est
1065 1688 1179 1728 aliud
1211 1689 1293 1728 nisi
1323 1690 1372 1728 de
1402 1690 1512 1728 coelo
1541 1693 1734 1740 sumptus

138 1753 260 1803 ignis,
282 1754 441 1793 occulto
461 1754 639 1803 quodam
658 1753 869 1803 praesagio
895 1753 1047 1792 dixisse
1066 1754 1144 1793 tibi
1162 1754 1285 1793 illum
1305 1768 1393 1793 esse
1413 1755 1639 1804 Simonem,
1663 1755 1733 1806 qui

136 1820 176 1857 te
196 1818 387 1858 nondum
406 1818 508 1856 facie
527 1818 597 1857 sed
627 1818 714 1856 sola
742 1819 998 1856 foeturarum
1026 1819 1240 1858 fertilitate
1269 1821 1416 1858 notum
1444 1820 1734 1859 ardentissime
1756 1835 1795 1856 10

139 1885 314 1932 amabat,
346 1885 469 1934 atque
501 1885 547 1922 vt
583 1882 739 1934 ingenii
773 1885 986 1932 parentem
1022 1883 1258 1923 obseruauit
1289 1897 1463 1934 semper,
1494 1885 1566 1936 qui
1599 1886 1639 1924 te
1671 1887 1734 1924 tot

136 1950 259 1988 annis
289 1948 624 1988 constantissimo
654 1947 867 1998 desyderio
895 1948 1033 1987 videre
1061 1950 1102 1987 et
1129 1949 1361 1988 exosculari
1389 1949 1639 2000 suspirauit3
1679 1951 1734 1989 di-

137 2027 350 2065 gnumque
365 2013 416 2053 ob
431 2013 471 2052 id
485 2013 622 2052 visum
636 2012 680 2051 in
697 2026 821 2062 quem
835 2012 1109 2052 humanitatis
1121 2016 1216 2052 tuae
1233 2013 1363 2053 officia
1377 2014 1607 2053 collocares.
1649 2015 1731 2054 Pro

141 2080 292 2130 quibus
312 2078 660 2130 quemadmodum
685 2079 857 2116 meritas
882 2078 960 2117 tibi
986 2091 1102 2117 nunc
1126 2079 1277 2129 gratias
1304 2092 1422 2129 agere
1447 2093 1532 2118 non
1551 2093 1731 2129 possum,

137 2145 196 2184 ita
216 2147 324 2184 certe
343 2143 494 2183 habere
519 2157 586 2182 me
614 2156 660 2182 ac
688 2143 929 2182 habiturum
958 2143 1157 2193 quamdiu
1184 2144 1293 2183 inter
1321 2143 1512 2183 homines
1540 2150 1789 2191 numerer15

140 2211 342 2249 affirmare
368 2209 529 2257 ausim3
558 2210 681 2258 atque
704 2208 749 2246 in
770 2208 849 2246 hoc
872 2208 1022 2246 referre
1045 2209 1171 2248 etiam
1190 2209 1370 2257 videbor,
1394 2210 1431 2248 si
1458 2210 1581 2249 modo
1608 2210 1732 2260 (quod

139 2276 279 2315 Cicero
297 2274 404 2325 vult)
431 2274 502 2325 qui
528 2273 703 2324 gratiam
726 2273 863 2322 habet,
886 2273 931 2312 in
959 2287 1006 2312 eo
1035 2275 1145 2324 quod
1173 2274 1299 2313 habet
1323 2274 1459 2314 refert.
1517 2274 1733 2314 Caeterum

140 2340 235 2390 quia
266 2353 332 2379 me
360 2340 551 2378 hortatus
579 2352 621 2377 es
654 2340 701 2377 vt
729 2337 807 2376 tibi
841 2339 1022 2389 aperiam
1052 2339 1241 2378 animum
1268 2353 1421 2388 meum,
1453 2339 1557 2379 scias
1593 2341 1732 2390 itaque

138 2405 380 2454 theologum
415 2404 584 2455 quicum
619 2404 702 2443 huc
734 2403 841 2452 veni,
877 2403 1069 2442 sacellani
1097 2405 1232 2443 vicem
1266 2406 1502 2455 expectare;
1540 2417 1663 2454 quam
1696 2404 1733 2442 si

139 2470 354 2520 obtineret,
376 2482 566 2520 cuperem
586 2482 660 2519 ego
681 2482 842 2520 quoque
868 2469 936 2507 hic
956 2469 1161 2519 hyemare,
1185 2470 1368 2508 maxime
1391 2470 1468 2507 hoc
1487 2471 1664 2518 secutus,
1685 2471 1732 2507 vt
1752 2485 1792 2508 20

138 2538 179 2574 te
212 2535 318 2573 forte
346 2534 532 2573 audirem
560 2534 784 2584 fieremque
812 2533 890 2572 tibi
923 2533 1070 2573 notior.
1129 2534 1204 2574 Sin
1231 2535 1308 2573 hoc
1336 2534 1435 2572 fieri·
1455 2547 1540 2572 non
1568 2534 1728 2584 poterit,

138 2602 299 2639 certum
316 2601 380 2638 est
407 2599 453 2637 in
480 2599 656 2649 patriam
682 2612 778 2637 cum
800 2599 891 2648 ipso
917 2599 1056 2648 redire,
1078 2600 1202 2649 atque
1227 2599 1273 2637 in
1301 2599 1390 2649 ipso
1417 2599 1565 2637 itinere
1584 2599 1732 2638 nihilo-

138 2665 279 2704 minus
298 2663 475 2714 experiri
499 2664 721 2703 fortunam.
780 2663 899 2713 Quod
926 2664 962 2702 si
986 2664 1093 2703 mihi
1117 2664 1277 2703 litteras
1302 2664 1660 2703 commendatitias
1679 2665 1729 2703 ad

139 2731 292 2770 amicos
323 2732 420 2768 tuos
452 2728 578 2777 dabis,
615 2730 812 2779 perpetua
843 2742 910 2767 me
944 2729 1024 2767 tibi
1055 2729 1311 2778 gratitudine
1344 2729 1602 2779 obstringes3
1638 2729 1725 2779 hoc,

141 2797 357 2845 totumque
395 2793 505 2845 quod
541 2807 591 2832 ex
627 2793 729 2844 ipsis
766 2793 811 2832 in
849 2806 917 2832 me
955 2792 1151 2832 collatum
1189 2794 1277 2842 erit,
1317 2794 1490 2834 Erasmo
1531 2795 1730 2834 referetur
1748 2810 1786 2842 25

139 2862 361 2910 acceptum.
421 2858 523 2897 Vale
569 2860 610 2897 et
648 2858 755 2906 vine,
797 2858 1043 2897 Germaniae
1087 2858 1402 2909 litterarumque
1446 2859 1639 2910 splendor
1684 2873 1730 2900 ac

685 2988 733 3016 17.
760 2977 898 3018 Cicero]
925 2979 983 3016 Off.
1002 2987 1031 3010 2.
1050 2987 1105 3009 20.
1120 2978 1173 3018 69.
