2010 3417
297 124 451 165 FROM
489 126 691 166 URBAN
723 126 941 167 RIEGER
978 126 1048 167 ΤΟ
1084 127 1236 167 JOHN
1274 128 1463 168 FABER
1604 129 1678 167 191

87 122 186 177 386]

82 253 203 282 mens
223 255 296 280 ceu
316 241 488 282 virtutis
512 242 744 292 praemium
769 242 1029 282 exosculatur
1047 257 1056 291 ;
1086 243 1157 293 qui
1176 245 1265 282 tam
1291 244 1501 283 cumulate
1519 243 1682 282 homini
1700 257 1741 289 50

82 306 351 357 impendetur
378 307 569 346 certatim
597 309 645 347 vt
673 308 836 346 onerari
860 308 1000 359 potius
1019 321 1062 347 se
1082 308 1226 347 officiis
1254 309 1371 359 (quae
1391 309 1480 348 eius
1506 311 1570 348 est
1597 321 1683 347 mo-

86 372 220 411 destia
254 371 491 423 singularis)
525 386 650 423 quam
675 373 869 412 honorari
902 373 956 412 sit
987 375 1300 424 conquesturus.
1377 376 1445 424 Et,
1476 376 1522 413 vt
1554 374 1682 414 semel

80 437 242 486 finiam,
265 437 373 476 nihil
402 451 487 476 non
516 438 808 477 adblandietur
838 438 1023 478 ErasmO.
1083 439 1199 488 Quod
1225 439 1261 478 si
1287 442 1510 490 antequam
1542 439 1680 479 huius·

82 502 197 541 modi
223 502 504 542 conditionem
533 503 712 554 recipiat,
740 503 918 553 placeret
946 504 1058 543 adire
1085 506 1276 544 nostrum
1301 505 1554 555 Principem,
1575 504 1681 543 inui-

80 581 171 606 sere
203 567 352 617 locum,
390 568 588 618 Princeps
620 568 784 607 viarum
810 569 1022 619 impendia
1054 571 1095 608 et
1122 569 1393 609 honorarium
1434 570 1680 621 neutiquam
1698 584 1738 617 55

81 632 329 682 despicabile
349 631 639 672 lubentissime
667 633 798 672 offert.
859 634 997 673 Tuum
1027 634 1164 684 itaque
1190 635 1316 673 fuerit
1335 635 1560 674 Erasmum
1588 648 1680 674 con-

81 698 236 746 uenire,
259 696 456 736 omnibus
475 697 626 747 quibus
644 700 762 747 potes
781 698 918 738 modis
931 698 1103 746 allicere,
1126 699 1346 749 adhortari,
1371 700 1616 739 extimulare
1637 702 1679 739 et

80 776 207 813 quam
227 764 368 812 gratus
398 761 454 801 sit
482 762 670 813 Principi
690 776 784 801 cum
813 763 1126 813 exaggeratione
1151 764 1415 803 manifestare
1435 767 1486 813 et,
1515 765 1676 814 silicet,

82 841 228 878 Vrgere
247 830 293 867 vt
311 827 357 866 in
378 827 600 867 Germania
619 827 731 867 coelo
750 829 884 878 patrio
902 828 1041 878 potius
1057 842 1152 867 cum
1172 829 1258 867 suis
1277 829 1403 879 viuat,
1422 829 1509 868 illis
1535 832 1676 880 prosit,

79 906 207 943 quam
226 906 321 931 cum
342 893 519 932 exteris:
558 893 630 932 vbi
655 893 734 933 etsi
760 893 899 933 omnia
923 907 1026 944 quae
1052 894 1121 934 vel
1149 894 1200 933 ad
1223 895 1356 934 vitam
1382 895 1450 934 vel
1477 895 1677 934 honorem
1696 901 1738 933 60

78 960 277 1008 spectant,
301 960 522 1010 suppetant
543 972 666 1009 supra
684 961 792 1007 vota,
814 959 1025 1009 antiquior
1043 962 1184 998 tamen
1203 962 1245 998 et
1264 959 1539 999 venerabilior
1558 960 1679 999 debet

77 1036 168 1063 esse
198 1024 342 1074 patria,
379 1024 620 1074 praesertim
648 1026 711 1063 tot
735 1024 856 1073 votis,
879 1026 967 1063 tam
996 1024 1238 1063 ardentibus
1266 1024 1506 1075 desyderiis5
1542 1025 1680 1065 omnis

78 1089 291 1128 doctrinae
309 1088 540 1140 principem
560 1091 601 1129 et
620 1092 928 1140 praeceptorem
955 1103 1079 1129 suum
1098 1089 1245 1128 sitiens
1274 1092 1315 1129 et
1341 1091 1568 1140 suspirans.

135 1154 249 1194 Haec
269 1156 367 1194 sunt
388 1168 491 1204 quae
510 1154 555 1193 in
575 1155 902 1205 praesentiarum
921 1155 972 1194 ad
992 1157 1034 1194 te
1059 1156 1282 1205 patronum
1308 1156 1349 1194 et
1371 1157 1678 1206 praeceptorem

77 1219 297 1259 scribenda
315 1233 400 1259 non
427 1220 500 1259 abs
520 1233 563 1258 re
583 1219 751 1259 institui
768 1235 778 1268 ;
822 1221 939 1259 tanta
957 1219 1071 1258 enim
1100 1220 1319 1259 autoritate
1339 1220 1470 1270 polles
1498 1222 1540 1259 et
1563 1220 1678 1260 vales
1696 1228 1736 1271 65

78 1285 211 1336 gratia
239 1285 347 1336 apud
378 1285 600 1324 Erasmum
634 1287 680 1324 vt
710 1285 954 1336 persuadere
984 1285 1021 1323 ei
1060 1298 1183 1324 nemo
1213 1287 1253 1324 te
1280 1286 1430 1325 melius
1464 1286 1678 1326 faciliusue

78 1350 221 1400 possit.
283 1350 395 1399 Vale,
420 1350 634 1389 doctorum
655 1349 787 1399 decus,
810 1363 860 1389 ex
881 1349 1132 1400 Angelipoli.

972 1415 1167 1466 Magister
1186 1415 1380 1455 Vrbanus
1399 1415 1564 1466 Regius.

134 1516 301 1566 Optime
320 1515 396 1565 vir,
418 1515 490 1555 illa
519 1530 593 1567 ego
621 1516 768 1567 scripsi
788 1530 838 1555 ex
856 1517 971 1555 iussu
992 1516 1199 1566 Principis
1218 1515 1419 1555 Hernesti
1442 1519 1483 1555 et
1517 1517 1677 1556 domini

80 1581 287 1620 Leonardi
306 1581 405 1631 Eck,
426 1581 508 1622 viri
522 1581 859 1630 nobilis,artium
879 1583 920 1621 et
939 1581 1098 1621 iurium
1117 1582 1305 1630 doctoris,
1322 1581 1457 1621 nostri
1468 1582 1679 1632 gymnasii
1698 1590 1737 1624 70

80 1646 365 1694 moderatoris,
381 1646 448 1685 cui
466 1660 561 1686 sum
580 1647 930 1686 familiarissimus
946 1662 955 1695 ;
985 1647 1055 1685 ille
1074 1649 1235 1686 nostras
1254 1647 1393 1686 literas
1412 1647 1520 1686 vidit
1539 1660 1679 1697 appro-

80 1711 287 1761 bauitque.
344 1711 564 1750 Praeterea
583 1712 642 1751 ita
663 1714 852 1762 expectat
871 1711 1072 1761 Princeps
1098 1712 1321 1751 Erasmum
1339 1714 1385 1751 vt
1413 1712 1525 1750 hunc
1554 1724 1678 1762 quem

82 1776 201 1815 vides
219 1775 484 1815 tabellarium
506 1777 556 1815 ad
574 1777 784 1815 Basileam
804 1776 940 1816 solum
959 1776 1074 1815 illius
1093 1777 1253 1826 negocii
1271 1777 1415 1827 gratia,
1439 1777 1604 1815 Erasmi
1618 1778 1680 1816 vt-

80 1844 177 1892 pote
205 1842 396 1890 vocandi,
424 1841 598 1881 miserit.
659 1842 778 1891 Quod
812 1842 849 1881 si
876 1842 1016 1880 animo
1046 1842 1153 1892 apud
1185 1855 1260 1880 nos
1296 1841 1495 1880 manendi
1537 1841 1680 1881 venire

79 1906 344 1955 recusauerit,
372 1920 515 1945 aureos
544 1907 745 1946 ducentos
765 1906 987 1956 quotannis
1016 1906 1052 1945 si
1082 1906 1264 1945 noluerit
1292 1909 1334 1946 et
1362 1906 1679 1957 opulentissima
1698 1917 1736 1951 75

83 1971 308 2011 sacerdotia
336 1972 551 2022 respuerit,
574 1971 775 2022 Princeps
798 1975 940 2011 tamen
968 1971 1045 2011 hoc
1070 1985 1200 2011 vnum
1225 1971 1331 2022 petit
1356 1972 1606 2022 confiditque
1635 1986 1679 2011 se

77 2038 372 2076 exoraturumx
401 2039 447 2076 vt
481 2036 674 2076 videlicet
704 2037 905 2076 Erasmus
935 2037 1097 2076 visendi
1126 2037 1338 2087 gymnasii
1370 2050 1492 2076 causa
1522 2037 1674 2077 veniat.

79 2101 194 2141 Huic
227 2101 371 2140 itineri
401 2114 588 2141 mensem
621 2102 846 2152 impendat,
870 2103 918 2143 vt
943 2115 967 2141 a
991 2102 1185 2152 Principe
1215 2102 1416 2148 videatur,
1435 2102 1675 2152 excipiatur,

76 2165 338 2217 amplexetur
354 2181 365 2215 ;
393 2166 535 2206 videre
554 2166 667 2206 enim
687 2181 738 2206 ex
757 2167 897 2206 animo
917 2167 1139 2207 Erasmum
1156 2167 1278 2218 cupit.
1338 2168 1394 2206 Et
1412 2169 1607 2217 sumptus
1627 2168 1678 2206 ad

80 2231 163 2270 iter
191 2231 447 2271 ministrabit
475 2232 731 2282 magnificos,
753 2232 1113 2283 remunerabitque
1143 2233 1283 2272 virum
1308 2232 1609 2281 liberalissime,
1632 2235 1679 2272 vt
1696 2239 1737 2270 80

78 2297 219 2335 videat
238 2296 477 2347 Principem
498 2297 607 2336 nihil
635 2310 763 2348 aeque
782 2311 827 2336 ac
848 2297 1036 2337 literatos
1056 2299 1097 2336 et
1120 2297 1262 2336 literas
1277 2310 1425 2345 amare,
1447 2296 1675 2345 obseruare,

78 2360 297 2410 suspicere.
357 2361 505 2401 Denuo
523 2362 626 2402 vale.

134 2425 248 2465 Haec
278 2426 396 2466 velut
423 2427 688 2467 amanuensis
717 2427 907 2478 Principi
934 2429 1076 2466 nostro
1103 2429 1144 2466 et
1175 2427 1264 2477 ipso
1295 2426 1476 2465 dictante
1506 2425 1677 2476 scripsi;

79 2503 204 2541 quare
233 2490 292 2529 ita
323 2491 510 2542 accipias,
532 2491 591 2531 ita
623 2505 711 2531 rem
748 2504 846 2542 agas
869 2505 919 2531 ex
947 2492 1028 2531 fide
1056 2505 1102 2531 ac
1131 2491 1166 2531 si
1195 2491 1395 2542 Princeps
1426 2490 1504 2529 tibi
1537 2503 1679 2528 coram

168 2597 221 2636 67.
245 2597 457 2638 Angelopoli
475 2597 520 2631 Οἳ.
654 2600 708 2631 68.
733 2600 904 2639 Magister
921 2610 978 2632 om.
1000 2600 1042 2631 0².
1147 2599 1312 2630 Vrbanus
1328 2598 1459 2638 Regius
1475 2608 1534 2629 om.
1550 2600 1587 2629 F.

127 2722 176 2750 70.
220 2711 310 2752 Eck]
358 2714 396 2752 (†
416 2722 454 2750 17
494 2713 616 2743 March
662 2714 758 2754 1550)
808 2713 846 2744 of

81 2755 247 2795 Wolfegg
273 2756 312 2786 in
337 2755 598 2795 Wiirtemberg,
625 2756 664 2786 of
691 2766 712 2786 a
738 2756 842 2787 noble

79 2799 259 2830 Bavarian
280 2798 416 2838 family.
464 2798 520 2830 He
536 2799 792 2830 matriculated
807 2801 844 2830 at

80 2841 282 2882 Ingolstadt
309 2843 349 2873 in
376 2842 459 2881 1489
481 2842 553 2873 and
580 2851 652 2872 was
682 2842 774 2874 M.A.
804 2843 844 2873 in

84 2895 179 2926 1493.
223 2885 328 2917 After
357 2885 531 2926 studying
560 2885 630 2916 law
656 2887 694 2916 at
724 2886 843 2925 Siena,

81 2929 128 2960 he
161 2938 234 2960 was
271 2928 465 2970 appointed
502 2930 601 2960 tutor
631 2929 703 2960 and
738 2929 845 2960 after·

80 2972 198 3004 wards
225 2972 422 3004 councillor
447 2974 484 3004 to
510 2973 572 3004 the
596 2982 715 3013 young
742 2973 844 3004 Duke

910 2714 1004 2744 Wm.
1044 2722 1082 2743 1v
1125 2713 1162 2744 of
1202 2712 1365 2749 Bavaria,
1404 2711 1476 2742 and
1515 2712 1554 2742 in
1593 2721 1676 2751 1519

911 2756 1145 2794 Chancellor;
1175 2755 1247 2786 and
1274 2754 1453 2785 exercised
1481 2763 1501 2785 a
1525 2754 1677 2795 guiding

912 2799 1094 2830 infiuence
1111 2799 1150 2829 in
1173 2798 1349 2829 Bavarian
1373 2798 1517 2837 politics
1540 2798 1594 2829 for
1611 2798 1674 2829 the

912 2841 1115 2874 remainder
1152 2842 1190 2873 of
1231 2841 1290 2872 his
1326 2840 1399 2872 life.
1460 2841 1525 2872 See
1562 2841 1674 2875 ADB.

912 2885 984 2917 and
1017 2885 1154 2924 Prantl,
1187 2894 1241 2925 op.
1276 2885 1346 2924 cit„
1382 2884 1406 2916 i.
1439 2894 1498 2924 pp.
1535 2894 1609 2924 143,
1641 2895 1674 2923 4.

912 2929 1041 2969 Regius
1063 2928 1247 2960 mentions
1274 2927 1352 2959 him
1376 2937 1415 2959 as
1437 2938 1457 2959 a
1482 2930 1610 2968 patron
1633 2929 1674 2959 in

913 2973 976 3004 the
991 2975 1034 3004 De
1049 2975 1194 3012 dignitate
1209 2974 1410 3010 sacerdotum,
1426 2971 1466 3003 f0.
1485 2971 1512 3002 f*
1528 2975 1574 3004 νο.
