2010 3417
134 148 231 212 337]
666 152 738 191 'ro
777 151 1000 192 MARTIN
1040 153 1191 192 nom>
1674 153 1726 191 93

132 273 200 299 me
220 261 453 300 mordacem
472 261 692 301 iudicasset
719 262 789 301 sed
815 275 1002 312 aequum,
1024 262 1096 301 sed
1117 262 1351 300 modestum
1378 261 1505 300 etiam
1524 275 1570 301 ac
1591 263 1728 301 mode-

132 328 279 366 ratum.
339 327 419 366 Sed
447 326 504 366 ita
532 340 696 366 mecum
727 327 968 377 cogitabam,
1000 327 1097 378 quid
1126 326 1218 366 aliis
1247 339 1342 365 cum
1371 327 1526 366 nostris
1553 327 1728 378 priuatis

132 391 377 431 affectibus?
406 395 478 431 aut
497 392 568 442 qui
594 394 734 431 nostra
759 393 857 431 haec
878 394 976 431 nota
994 393 1189 442 poterunt
1215 404 1305 430 esse
1324 392 1391 430 vel
1411 392 1552 442 procul
1572 392 1729 431 dissitis

132 456 200 496 vel
228 458 436 507 posteris?
490 458 579 507 Ego
607 471 690 496 non
712 457 821 507 quod
846 457 944 505 illis,
966 457 1036 496 sed
1058 458 1167 507 quod
1193 471 1259 496 me
1283 458 1457 507 dignum
1485 460 1558 506 est,
1580 459 1724 498 fecero.
1748 472 1788 506 70

133 521 350 561 Praeterea
377 520 520 560 nullus
548 524 611 560 est
640 524 726 560 tam
754 521 949 560 inimicus
968 535 1093 571 quem
1123 535 1206 560 non
1235 524 1385 572 optem,
1407 522 1442 560 si
1468 522 1559 561 fieri
1583 525 1723 573 possit,

133 586 179 626 in
207 586 385 625 amicum
414 586 558 625 redire.
619 586 702 625 Cur
722 586 759 624 ei
783 586 842 624 rei
865 586 1128 635 praecludam
1149 587 1295 626 viam?
1333 600 1405 626 cur
1424 587 1465 625 id
1486 588 1663 627 scribam
1682 588 1727 626 in

133 651 296 690 hostem
333 651 443 700 quod
477 650 698 701 aliquando
730 651 885 689 frustra
917 651 1047 689 nolim
1081 651 1282 701 scriptum
1315 652 1359 690 in
1393 652 1610 692 amicum?
1655 666 1728 692 cur

134 715 283 755 notabo
302 715 476 754 carbone
495 715 560 754 cui
580 728 704 753 suum
724 714 955 763 candorem,
973 715 1136 753 etiamsi
1156 718 1446 765 promereatur,
1469 730 1554 755 non
1573 718 1728 766 possim

132 780 381 819 restituere?
437 779 547 819 Malo
584 779 629 817 in
666 779 774 819 hanc
807 793 974 830 peccare
1007 782 1167 829 partem
1200 783 1247 818 vt
1278 781 1346 819 vel
1379 794 1526 830 parum
1558 784 1729 822 meritos
1750 795 1787 828 75

131 845 373 895 praedicem,
394 858 520 894 quam
538 846 585 884 vt
605 845 775 884 meritos
793 845 1036 895 vituperem.
1086 845 1193 884 Nam
1214 845 1248 884 si
1269 859 1392 895 quem
1411 846 1515 885 falso
1535 846 1724 896 laudaris,

133 910 298 949 candori
325 909 524 949 tribuitur
538 924 549 958 ;
595 910 660 948 sin
690 909 998 960 quantumlibet
1026 909 1151 949 etiam
1179 910 1410 960 ignominia
1437 910 1613 960 dignum
1643 913 1729 951 suis

132 974 318 1025 pinxeris
347 975 565 1024 coloribus,
594 988 679 1014 non
707 975 821 1014 illius
847 975 968 1014 factis
997 975 1066 1013 sed
1092 979 1165 1013 tuo
1193 975 1339 1014 morbo
1363 976 1614 1015 asscribitur.
1671 977 1729 1015 Vt

132 1054 184 1080 ne
204 1040 338 1079 dicam
358 1040 538 1089 interim,
561 1040 669 1090 quod
689 1043 735 1080 vt
761 1054 811 1079 ex
836 1040 1002 1079 iniuriis
1028 1042 1174 1079 mutua
1199 1039 1353 1079 talione
1379 1040 1729 1091 reciprocantibus

132 1107 282 1156 ingens
309 1105 466 1145 bellum
503 1106 720 1156 aliquoties
758 1107 949 1155 exoritur,
982 1106 1041 1145 sic
1069 1119 1120 1144 ex
1151 1106 1381 1145 maledictis
1408 1106 1592 1145 vicissim
1620 1107 1728 1146 vltro
1747 1115 1788 1145 80

133 1171 314 1222 citroque
339 1170 512 1221 regestis
533 1171 932 1221 periculosissimum
957 1171 1198 1210 incendium
1225 1184 1310 1210 non
1329 1185 1421 1210 raro
1441 1173 1627 1211 nascitur
1640 1186 1650 1219 5
1689 1175 1728 1211 et

132 1240 178 1276 vt
193 1250 341 1287 parum
355 1237 639 1276 Christianum
656 1239 718 1276 est
732 1236 930 1275 iniuriam
943 1236 1097 1275 iniuria
1111 1250 1293 1287 pensare,
1309 1238 1367 1276 ita
1380 1251 1528 1288 parum
1544 1240 1730 1289 generosi

132 1303 308 1353 pectoris
327 1303 390 1340 est
409 1302 592 1341 dolorem
611 1315 736 1341 suum
755 1302 1031 1341 foeminarum
1051 1303 1242 1353 exemplo
1263 1303 1455 1342 conuitiis
1474 1303 1628 1343 vlcisci.

187 1367 444 1407 Huiusmodi
462 1368 692 1408 rationibus
711 1368 798 1418 ipse
818 1368 924 1407 mihi
943 1369 1129 1417 persuasi
1157 1371 1203 1407 vt
1223 1381 1385 1419 semper
1403 1369 1594 1408 innoxias
1613 1371 1653 1408 et
1671 1369 1729 1408 in-

133 1435 323 1471 cruentas
341 1433 537 1472 haberem
556 1433 728 1481 litteras,
750 1447 825 1472 nec
843 1446 910 1472 eas
927 1433 1056 1472 vllius
1082 1433 1182 1471 mali
1201 1433 1369 1472 nomine
1389 1434 1726 1473 contaminarem.
1750 1440 1787 1480 85

100 1494 218 1536 ‘Nec
232 1498 346 1536 aliud
361 1499 532 1537 omnino
548 1499 825 1549 spectauimus
840 1499 885 1537 in
898 1498 1028 1538 Moria
1041 1512 1167 1549 quam
1181 1499 1289 1549 quod
1304 1499 1351 1537 in
1366 1499 1533 1538 caeteris
1546 1499 1730 1538 lucubra-

132 1562 328 1612 tionibus,
350 1564 517 1603 tametsi
537 1563 605 1603 via
633 1564 805 1603 diuersa.
866 1564 920 1602 In
939 1563 1184 1603 Enchiridio
1211 1564 1453 1614 simpliciter
1473 1564 1730 1603 Christianae

133 1627 242 1667 vitae
261 1628 439 1667 formam
457 1628 717 1668 tradidimus.
778 1628 832 1667 In
851 1628 993 1667 libello
1008 1629 1070 1667 De
1089 1629 1291 1679 principis
1309 1630 1573 1668 institutione
1592 1629 1729 1679 palam

134 1692 405 1732 admonemus
426 1693 578 1744 quibus
606 1694 730 1732 rebus
756 1693 985 1743 principem
1012 1696 1194 1743 oporteat
1221 1707 1309 1733 esse
1337 1695 1602 1734 instructum.
1676 1695 1729 1733 In

134 1758 393 1808 Panegyrico
423 1758 500 1797 sub
528 1758 662 1797 laudis
689 1760 903 1808 praetextu
933 1758 1010 1797 1100
1041 1759 1178 1808 ipsum
1206 1761 1348 1797 tamen
1377 1759 1537 1808 agimus
1565 1759 1729 1809 oblique
1749 1775 1790 1808 90

135 1822 246 1872 quod
264 1823 348 1860 illic
367 1823 528 1872 egimus
547 1824 689 1872 aperta
708 1823 857 1862 fronte.
908 1823 993 1861 Nec
1012 1823 1124 1862 aliud
1143 1823 1279 1873 agitur
1293 1824 1340 1862 in
1354 1824 1484 1862 Moria
1502 1824 1578 1862 sub
1598 1824 1731 1875 specie

134 1887 252 1926 lusus
285 1901 411 1937 quam
449 1890 587 1926 actum
626 1890 689 1926 est
727 1888 772 1926 in
807 1888 1059 1927 Enchiridio.
1120 1888 1361 1927 Admonere
1389 1888 1612 1937 voluimus,
1647 1903 1730 1928 non

135 1953 324 1991 mordere
340 1966 350 2000 ;
379 1953 582 2002 prodesse,
606 1966 692 1992 non
721 1953 883 1992 laedere
899 1967 909 2001 ;
939 1942 1150 1992 consul—ere
1180 1954 1367 1992 moribus
1394 1954 1625 2001 hominum,
1648 1967 1732 1993 non

137 2017 304 2057 officere.
361 2018 484 2057 Plato
503 2018 774 2068 philosophus
798 2020 884 2058 tam
909 2018 1049 2068 grauis
1076 2019 1271 2068 largiores
1290 2020 1336 2057 in
1355 2019 1733 2069 compotationibus

135 2082 479 2122 inuitatiunculas
508 2083 715 2134 approbat,
748 2084 856 2134 quod
886 2083 1108 2122 arbitretur
1136 2084 1337 2139 quaedam
1364 2084 1467 2123 vitia
1493 2098 1567 2134 per
1593 2084 1731 2123 hilari·
1749 2090 1788 2122 95

135 2149 264 2186 tatem
291 2148 382 2186 vini
415 2160 532 2198 posse
567 2148 729 2197 discuti,
761 2161 862 2199 quae
894 2149 1112 2188 seueritate
1144 2149 1293 2200 corrigi
1325 2162 1411 2188 non
1444 2151 1620 2199 possent.
1678 2149 1731 2187 Et

137 2213 307 2252 Flaccus
334 2213 544 2252 existimat
572 2214 752 2253 iocosam
779 2227 940 2264 quoque
970 2214 1297 2253 admonitionem
1326 2228 1410 2254 non
1440 2215 1582 2254 minus
1610 2217 1731 2265 atque

137 2279 287 2317 seriam
307 2279 542 2318 conducere.

733 2355 965 2404 Ridentem,
999 2355 1148 2406 inquit,
1179 2355 1312 2394 dicere
1338 2369 1485 2395 verum

353 2420 461 2468 Quid
489 2421 637 2459 vetat?
1754 2434 1813 2456 100

140 2493 282 2543 Neque
308 2507 394 2533 non
412 2497 672 2545 perspectum
693 2498 755 2535 est
775 2495 851 2534 hoc
871 2495 1187 2546 sapientissimis
1207 2496 1307 2534 olim
1326 2495 1440 2545 viris,
1465 2496 1536 2546 qui
1559 2495 1734 2534 saluber-

140 2558 246 2596 rima
264 2558 372 2597 vitae
392 2562 605 2609 praecepta
630 2560 816 2598 ridendis
844 2573 888 2599 ac
913 2559 1143 2610 puerilibus
1168 2560 1212 2598 in
1240 2560 1419 2610 speciem
1444 2560 1627 2610 apologis
1645 2574 1732 2610 pro-

140 2635 290 2673 ponere
310 2623 556 2672 maluerunt‚
579 2624 687 2674 quod
705 2637 779 2674 per
798 2637 840 2663 se
860 2625 1100 2663 subaustera
1117 2625 1280 2671 veritas,
1300 2624 1526 2674 voluptatis
1544 2624 1734 2664 illecebra

142 2687 438 2736 commendata,
459 2688 624 2726 facilius
643 2691 831 2738 penetrat
858 2689 902 2727 in
928 2689 1091 2728 animos
1113 2690 1365 2728 mortalium.
1425 2689 1635 2728 Nimirum
1655 2690 1733 2729 hoc

142 2754 206 2792 est
225 2751 330 2791 illud
351 2752 444 2799 mel,
465 2752 571 2802 quod
587 2753 694 2802 apud
711 2753 951 2791 Lucretium
967 2753 1117 2791 medici
1137 2753 1276 2803 pueris
1295 2753 1509 2793 medentes
1522 2754 1733 2804 absynthii
1754 2764 1811 2795 105

782 2842 832 2872 72.
858 2833 895 2863 id
910 2836 939 2864 Α
955 2844 961 2863 z
987 2833 1045 2864 hic
1061 2845 1090 2865 α.

185 2912 240 2949 84.
266 2908 488 2949 incruentas]
513 2908 581 2939 For
604 2908 680 2939 this
701 2909 900 2939 sentiment
920 2909 962 2942 cf.
1009 2920 1062 2949 94.
1088 2908 1205 2950 Plato]
1231 2909 1282 2941 Cf.
1302 2910 1408 2942 Macr.
1428 2913 1492 2942 Sat.
1513 2921 1540 2943 2.
1559 2912 1589 2943 8.

142 2963 183 2984 11.
204 2963 275 2993 150,
298 2963 312 2983 1
332 2953 403 2984 and
419 2954 514 2983 note.
1011 2962 1062 2991 97.
1089 2952 1252 2993 Flaccus]
1276 2956 1309 2985 S.
1330 2963 1356 2985 1.
1379 2963 1405 2985 1.
1426 2964 1513 2993 245.

189 2997 242 3027 88.
259 2997 311 3028 De
320 2995 745 3037 principisinstitutione]
759 2994 962 3035 Cf.Ep.393.
1013 3006 1084 3035 105.
1111 2996 1334 3038 Lucretium]
1363 3006 1388 3029 1.
1408 2999 1528 3038 936-8.
