2010 3417
270 181 350 220 542
732 179 985 218 LETTERS
1023 180 1092 218 OF
1129 179 1394 219 ERASMUS
1735 179 1774 234 [1
1783 191 1804 229 5
1813 194 1828 218 1
1839 192 1858 231 7

270 292 371 341 ipsis
400 302 543 328 verum
573 289 624 338 (si
653 290 739 328 Deo
767 289 914 338 placet)
943 291 1112 328 erutum
1141 303 1162 327 e
1191 289 1280 339 lege
1309 303 1490 338 sensum,
1523 303 1644 340 quem
1672 290 1863 331 funditus

271 371 294 396 a
314 370 354 395 se
375 355 572 394 obrutum
592 354 731 393 verius
752 355 967 394 dixissent.
1025 355 1117 393 Hac
1135 368 1207 405 ego
1227 357 1463 394 commotus
1482 355 1742 406 indignitate,
1765 369 1865 396 non·

270 433 484 471 nunquam
511 420 560 459 de
586 433 684 459 vera
708 420 896 469 lectione,
929 433 1032 470 quae
1059 421 1330 470 deprauatum
1357 421 1493 460 locum
1518 421 1864 461 animaduertenti

272 487 377 525 mihi
409 485 672 524 succurrebat
704 485 889 534 interim,
922 486 972 524 de
1011 488 1120 524 recto
1158 486 1370 525 interdum
1408 499 1530 524 sensu
1563 486 1864 526 submonebam

192 567 250 599 145
271 551 584 591 hallucinantes.
643 552 802 590 Verum
835 551 877 590 id
912 552 1073 602 quoties
1101 552 1191 598 feci,
1212 553 1300 590 tam
1330 565 1403 602 ego
1432 565 1543 605 sum.
1555 552 1642 591 illis
1669 566 1865 603 arrogans

270 618 384 656 visus
403 629 529 667 quam
544 616 609 655 illi
628 616 734 656 mihi
755 616 920 656 ridiculi
938 632 948 666 ;
977 617 1167 656 Accursii
1183 618 1307 664 enim,
1328 617 1371 655 in
1388 618 1506 656 cuius
1525 617 1651 656 verba
1662 617 1860 667 inuitant,

271 685 571 722 sacrosanctam
605 683 871 722 autoritatem
904 696 928 722 a
962 697 1172 734 quoquam
1205 684 1339 722 minui
1372 683 1578 734 flagitium
1611 683 1863 735 inexpiabile

270 749 484 788 ducebant.
545 749 823 797 Quamobrem
864 749 1061 788 miseram
1101 749 1273 788 illorum
1302 751 1540 799 temporum
1578 748 1733 789 deflens
1768 752 1862 790 tum

271 816 436 863 sortem,
469 814 665 864 optabam
690 814 913 865 aliquando
942 814 1131 853 futurum
1160 817 1207 854 vt
1232 815 1420 853 veritatis
1444 815 1622 853 assertor
1645 815 1796 866 aliquis
1817 816 1862 855 in

189 895 251 926 150
271 880 457 919 medium
471 881 668 930 prodiret,
685 880 757 930 qui
771 880 963 920 tenebras
978 880 1054 919 has
1069 894 1091 919 e
1106 880 1196 919 iure
1209 879 1324 919 ciuili
1336 879 1507 918 reducta
1521 879 1611 919 luce
1627 880 1861 920 discuteret:

272 946 314 984 id
344 947 452 996 quod
475 947 647 986 tandem
674 946 751 985 Dei
771 946 932 997 Optimi
956 946 1128 986 Maximi
1151 945 1408 997 benignitate
1438 945 1558 984 nobis
1581 946 1767 997 contigit,
1791 949 1863 998 qui

269 1012 485 1051 Budaeum
505 1013 627 1051 nobis
645 1014 810 1051 tantum
829 1025 915 1051 non
935 1026 957 1050 e
972 1011 1081 1051 caelo
1100 1011 1228 1051 misit.
1285 1011 1394 1050 Nam
1414 1011 1516 1062 quis,
1536 1024 1697 1061 quaeso,
1712 1014 1774 1051 est
1793 1014 1864 1064 qui

270 1077 475 1124 barbaros,
507 1078 613 1117 iuris
641 1078 776 1117 ciuilis
804 1079 1031 1129 puritatem
1067 1076 1232 1116 sordida
1270 1077 1480 1116 foedantes
1508 1076 1859 1128 interpretatione,

270 1143 523 1193 ridiculaque
560 1157 680 1194 saepe
711 1143 944 1194 aenigmata
975 1157 1050 1194 pro
1088 1143 1177 1182 iure
1210 1143 1429 1182 reddentes
1459 1157 1480 1181 e
1512 1143 1601 1182 foro
1640 1144 1865 1183 deturbat?

190 1223 248 1255 155
268 1221 418 1259 nempe
457 1209 659 1248 Budaeus.
719 1210 819 1258 Quis
846 1211 908 1248 est

511 1285 583 1335 qui
611 1285 712 1324 iuris
740 1286 886 1333 nodos,
916 1286 986 1336 qui
1015 1286 1155 1335 legum
1181 1285 1416 1336 aenigmata
1445 1285 1613 1325 soluat?

270 1367 371 1416 Quis
390 1369 462 1418 qui
480 1370 662 1406 veterem
683 1368 726 1406 in
747 1369 835 1407 foro
855 1368 1093 1408 facundiam
1114 1368 1352 1407 instaurat?
1406 1367 1611 1407 Budaeus.
1673 1368 1774 1417 Quis
1793 1369 1864 1418 qui

268 1433 494 1482 Sceuolam‚
518 1433 806 1484 Papinianum,
829 1434 1069 1485 leianum,
1103 1433 1294 1481 Paulum,
1327 1435 1587 1483 caeterosque
1617 1434 1720 1472 iuris
1749 1436 1862 1473 auto·

268 1512 332 1538 res
362 1512 386 1537 a
413 1499 596 1538 barbaris
628 1500 699 1538 diu
740 1500 785 1538 in
813 1499 992 1538 vinculis
1035 1498 1200 1537 habitos
1241 1499 1286 1537 in
1319 1499 1497 1549 patriam
1535 1512 1586 1537 ex
1621 1499 1862 1550 captiuitate

187 1572 248 1604 160
267 1564 527 1613 postliminio
551 1564 768 1603 redeuntes
797 1565 842 1603 in
870 1565 1009 1603 forum
1039 1563 1231 1603 reducit?
1268 1576 1321 1602 an
1350 1577 1434 1603 non
1464 1565 1500 1603 is
1530 1566 1592 1603 est
1621 1564 1848 1604 Budaeus?

323 1629 452 1679 Perge
472 1630 619 1680 itaque,
643 1631 708 1669 vir
720 1629 1011 1679 eruditissime,
1034 1630 1218 1678 feliciter,
1242 1632 1289 1668 vt
1309 1630 1491 1680 coepisti,
1509 1632 1550 1669 et
1562 1631 1669 1669 hanc
1683 1631 1861 1680 gloriam

267 1696 436 1734 caeteris
464 1695 664 1735 intactam
692 1698 765 1735 tuo
794 1696 882 1734 iure
910 1695 1088 1734 solidam
1116 1695 1369 1746 amplectere.
1431 1695 1549 1734 Nihil
1577 1709 1663 1734 non
1691 1695 1861 1736 inuesti-

266 1762 409 1810 gatum
439 1761 518 1800 ista
547 1761 725 1800 eruditio
754 1761 877 1810 dabit,
901 1761 1008 1800 nihil
1038 1774 1124 1800 non
1153 1762 1375 1801 inuentum
1405 1775 1500 1800 cum
1529 1761 1726 1801 studiosis
1753 1775 1861 1801 com—

266 1825 494 1864 municabit
514 1826 592 1865 iste
611 1827 742 1865 animi
761 1827 823 1865 tui
844 1827 1006 1867 candor.
1067 1826 1149 1865 Illa
1167 1840 1265 1866 vero
1284 1828 1356 1865 tua
1375 1826 1424 1864 ad
1444 1826 1668 1866 Erasmum
1688 1826 1863 1877 epistola

187 1900 247 1941 165
267 1893 482 1941 tantopere
502 1892 608 1931 mihi
626 1893 791 1942 placuit,
815 1895 862 1931 vt
881 1892 988 1931 nihil
1007 1905 1193 1943 vnquam
1214 1892 1286 1931 abs
1306 1894 1348 1931 te
1373 1892 1574 1942 scriptum
1597 1892 1775 1931 viderim
1795 1893 1861 1932 vel

268 1956 460 1996 festinius
479 1957 545 1995 vel
571 1957 800 2008 elegantius
819 1958 885 1997 vel
911 1958 1019 2008 quod
1047 1957 1294 1997 eruditionis
1319 1957 1525 2007 specimen
1545 1971 1640 2008 prae
1661 1970 1703 1996 se
1724 1958 1859 1997 maius

267 2022 438 2070 tulerit;
469 2023 803 2073 quandoquidem
830 2024 931 2063 adeo
962 2037 1057 2063 cum
1083 2036 1272 2062 sermone
1293 2023 1443 2062 Latino
1465 2023 1644 2062 Graecus
1663 2036 1712 2062 ex
1731 2036 1860 2074 aequo

267 2090 406 2135 certat,
439 2090 484 2126 vt
513 2088 630 2127 facile
660 2089 877 2128 diiudicari
906 2102 990 2128 non
1019 2089 1149 2139 possit
1185 2088 1418 2128 Graecusne
1447 2102 1537 2127 eam
1567 2088 1776 2139 scripserit
1805 2102 1857 2128 an

266 2153 451 2191 Latinus.
530 2154 642 2192 Illud
676 2155 798 2205 plane
827 2168 949 2194 nemo
984 2168 1069 2193 non
1099 2155 1380 2202 affirmauerit,
1420 2167 1512 2193 eam
1549 2154 1735 2193 hominis
1772 2168 1859 2194 esse

189 2233 248 2266 170
266 2218 538 2258 eruditissimi
558 2222 598 2257 et
618 2220 687 2270 qui
707 2221 777 2258 vix
798 2220 923 2259 huius
946 2219 1074 2259 seculi
1093 2219 1223 2270 possit
1239 2219 1481 2259 existimari.
1542 2219 1655 2258 Vale.

635 2342 731 2382 572.
791 2340 923 2383 FROM
955 2339 1206 2383 CUTHBERT
1237 2341 1490 2384 TUNSTALL.

311 2424 497 2461 Deventer
514 2425 592 2460 MS.
611 2436 666 2471 91,
686 2426 710 2461 f.
732 2426 809 2462 118.
1547 2427 1737 2472 Antwerp.

311 2483 383 2518 LB.
402 2484 498 2529 App.
520 2494 596 2528 131.
1468 2495 1511 2520 22
1529 2484 1637 2530 April
1656 2484 1812 2531 (1517).

656 2565 766 2606 [¹517ae
786 2566 934 2597 because
951 2566 988 2597 of
1000 2565 1063 2597 the
1081 2568 1206 2598 events
1222 2564 1463 2606 mentioned.]

492 2641 749 2672 CVTBERTVS
780 2642 1064 2673 TVNSTALLVS
1096 2643 1275 2673 ERASMO
1307 2643 1435 2674 ROTE.
1462 2643 1497 2673 S.
1523 2643 1561 2673 P.
1588 2642 1628 2673 D.

317 2711 455 2749 BINAs
492 2712 564 2750 abs
602 2714 642 2750 te
680 2712 842 2751 litteras
875 2713 1022 2762 accepi,
1059 2713 1118 2751 mi
1151 2713 1331 2762 Erasme‚
1365 2726 1540 2763 quarum
1572 2712 1757 2763 vtrisque
1789 2725 1856 2751 me

264 2775 442 2815 hortaris
479 2780 525 2815 vt
562 2778 611 2815 ad
651 2778 866 2817 Budaeum
904 2779 1092 2826 scribam,
1129 2778 1170 2816 id
1211 2779 1319 2828 quod
1357 2777 1602 2817 iamdudum
1639 2777 1684 2816 in
1721 2777 1857 2816 medio

266 2842 527 2889 negociorum
561 2843 746 2882 tumultu
780 2844 882 2890 feci;
922 2844 1075 2894 partim
1109 2846 1156 2882 vt
1189 2843 1340 2882 eruditi
1373 2844 1452 2882 viri
1485 2843 1659 2894 gratiam
1691 2842 1853 2887 inirem,

267 2906 416 2953 partim
444 2910 489 2945 vt
515 2910 630 2946 tuam
658 2908 876 2948 liberarem
902 2909 1037 2948 fidem.
1099 2909 1178 2947 Sed
1208 2911 1254 2947 tu
1282 2909 1454 2947 fortasse
1482 2908 1690 2958 pollicitus
1718 2921 1761 2946 es
1791 2920 1856 2946 me

365 3028 438 3059 571.
470 3031 539 3068 156.
566 3033 629 3071 qui
644 3034 750 3075 iuris]
776 3034 827 3066 Cf.
844 3035 923 3067 Juv.
943 3035 974 3067 8.
995 3045 1044 3074 50.
1331 3033 1406 3064 572.
1430 3043 1460 3073 3.
1485 3031 1567 3073 feci]
1592 3033 1654 3073 ΕΡ·
1675 3041 1749 3072 571·
