2010 3417
155 137 252 193 447]
553 141 623 180 TO
661 141 1009 181 LAMBERTUS
1048 142 1348 182 GRUNNIUS
1668 144 1748 182 301

153 263 330 298 summa,
362 249 399 288 si
426 251 612 290 audisses
640 251 864 299 hominem,
899 251 1072 290 dixisses
1101 252 1186 291 illic
1214 266 1302 291 esse
1332 266 1418 292 non
1449 254 1751 293 monasterium

153 316 222 354 sed
242 315 398 354 virecta
418 315 646 355 Musarum.
706 316 889 355 Amabat
910 316 1147 356 Florentius
1173 331 1248 368 pro
1268 320 1440 356 naturae
1461 332 1557 357 suae
1576 318 1751 357 candore

153 380 388 420 Oantelium
417 381 570 430 puerili
597 381 916 431 vehementique
945 382 1104 430 affectu,
1126 383 1373 433 praesertim
1401 397 1452 422 ex
1480 386 1598 422 tanto
1626 385 1751 423 inter-

153 446 266 484 uallo
286 447 450 495 praeter
476 459 592 496 spem
620 448 844 496 repertum,
868 448 914 485 vt
937 447 1024 486 fere
1047 448 1150 486 solet
1170 461 1217 486 ea
1243 450 1355 487 aetas
1380 449 1562 488 feruidos
1588 462 1750 487 amores
1768 458 1831 490 320

151 510 198 550 in
227 511 388 549 sodales
417 511 617 560 quosdam
646 511 871 560 concipere.
932 512 1131 551 Nondum
1159 513 1274 551 enim
1303 516 1478 552 nouerat
1505 514 1750 553 mortalium

151 575 327 626 ingenia,
363 575 433 613 sed
465 589 514 613 ex
549 589 622 614 suo
654 575 795 615 animo
829 576 1073 615 aestimabat
1107 591 1261 616 omnes.
1332 579 1547 618 Cantelius
1580 579 1749 629 quidem

151 640 318 679 nullum
356 653 441 678 non
475 641 670 679 mouebat
704 641 896 690 lapidem,
938 641 984 679 in
1022 642 1165 680 onmia
1203 656 1246 680 se
1283 645 1452 682 vertens
1490 646 1537 682 vt
1569 644 1748 683 incanta-

151 706 308 744 mentis
337 705 546 755 subigeret-
575 706 764 744 animum
793 706 937 755 pueri;
976 719 1051 744 nec
1079 707 1194 745 flexit
1221 710 1372 747 tamen.

205 771 274 809 Ab
293 783 340 808 eo
360 770 566 820 colloquio
587 771 800 820 digressus
820 771 1059 809 Florentius
1077 772 1128 810 ab
1148 773 1288 811 alteris
1307 773 1461 811 maiore
1485 773 1568 812 iam
1588 775 1749 825 impetu
1768 786 1830 819 325

150 837 346 885 exceptus
384 837 456 874 est.
526 835 797 875 Adornarant
837 836 952 875 enim
988 837 1209 875 validiores
1244 838 1406 877 arietes.
1477 839 1749 888 Ingerebatur

151 913 316 939 summa
355 913 496 938 rerum
541 901 782 950 desperatio,
824 902 1054 940 amicorum
1092 904 1282 942 omnium
1327 903 1529 952 simultas,
1571 906 1748 955 denique

150 966 246 1016 (quo
285 979 434 1015 genere
473 966 626 1004 mortis
668 979 753 1005 non
795 966 908 1005 aliud
952 968 1230 1018 cruciabilius)
1267 970 1461 1019 βουλιμία,
1504 970 1548 1008 ni
1590 971 1749 1010 mundo

151 1031 435 1070 renunciaret:
467 1031 523 1069 sic
543 1031 655 1069 enim
670 1031 736 1070 illi
752 1031 992 1082 loquuntur⁷
1011 1034 1311 1072 contumelioso
1326 1034 1526 1073 vocabulo
1540 1036 1749 1075 mundum

151 1096 407 1146 appellantes
422 1110 526 1146 quos
542 1095 734 1134 Christus
750 1110 823 1135 suo
839 1097 1040 1147 sanguine
1056 1099 1232 1137 redemit
1250 1113 1273 1138 a
1287 1100 1458 1148 mundo,
1476 1114 1521 1139 ac
1537 1102 1751 1140 monachis
1768 1112 1830 1144 330

151 1175 224 1200 ceu
246 1162 462 1211 proprium
480 1163 713 1200 asserentes
733 1162 842 1211 quod
861 1165 924 1201 est
945 1162 1282 1203 Christianorum
1302 1165 1493 1204 omnium
1514 1179 1746 1207 commune.

150 1227 220 1267 Ab
251 1227 318 1265 his
353 1226 426 1264 diu
458 1228 633 1265 vexatus
661 1227 796 1277 magis
830 1241 955 1277 quam
988 1228 1260 1268 labefactatus
1293 1231 1402 1269 redit
1431 1231 1480 1270 ad
1513 1231 1749 1270 Cantelium

149 1294 317 1331 tantum
345 1291 561 1330 fabulandi
584 1292 727 1341 gratia.
788 1292 868 1331 Ille
900 1294 1080 1332 summis
1108 1295 1192 1333 iam
1219 1295 1384 1334 viribus
1412 1296 1488 1334 hoc
1517 1297 1671 1346 agebat,
1703 1298 1751 1336 vt

152 1356 233 1396 sibi
261 1359 466 1395 secretum
494 1359 535 1395 et
562 1358 793 1406 gratuitum
821 1361 1131 1408 praeceptorem
1160 1360 1416 1410 adiungeret.
1479 1362 1578 1400 Erat
1608 1364 1749 1401 autem

151 1422 391 1462 Florentius
418 1422 524 1460 mire
551 1435 782 1472 propensus
808 1423 859 1461 ad
884 1424 1091 1463 amicitias
1119 1438 1165 1464 ac
1195 1425 1329 1464 facilis
1355 1428 1407 1465 ad
1439 1427 1749 1477 obsequendum
1768 1436 1829 1469 335

149 1487 353 1526 amiculis.
414 1486 562 1537 Itaque
589 1501 718 1537 quum
743 1488 887 1526 nullus
913 1491 1021 1528 esset
1048 1490 1305 1529 obtundendi
1330 1492 1426 1530 finis
1450 1505 1525 1531 nec
1544 1492 1630 1531 vlla
1657 1506 1751 1542 spes

150 1552 378 1602 affulgeret,
403 1553 454 1590 ad
481 1552 703 1602 collegium
729 1567 770 1592 se
796 1554 985 1603 contulit,
1008 1568 1094 1593 non
1120 1555 1224 1594 illud
1252 1557 1361 1606 quod
1382 1559 1600 1606 parauerat
1619 1559 1746 1606 tutor,

151 1618 222 1656 sed
245 1618 290 1656 in
318 1631 399 1667 quo
423 1618 531 1656 forte
560 1618 742 1668 repperit
764 1620 947 1658 veterem
974 1620 1288 1660 collactaneum.
1350 1622 1450 1661 Erat
1474 1625 1612 1661 autem
1636 1623 1751 1661 locus

150 1683 222 1722 ille
247 1685 336 1721 tam
361 1683 499 1732 putris
523 1685 565 1721 et
591 1683 815 1722 insalubris
834 1687 879 1723 vt
907 1685 978 1723 vix
998 1685 1136 1724 bubus
1161 1686 1322 1725 alendis
1341 1690 1448 1726 esset
1475 1688 1657 1736 idoneus,
1682 1701 1750 1726 ne·

152 1748 254 1786 dum
283 1749 370 1785 tam
402 1747 575 1786 delicato
608 1749 865 1798 corpusculo.
921 1750 1078 1788 Verum
1108 1753 1219 1789 aetas
1251 1751 1325 1790 illa
1352 1764 1428 1790 nec
1457 1753 1645 1791 ciborum
1673 1765 1749 1791 nec
1769 1762 1831 1795 340

152 1812 255 1852 coeli
280 1825 355 1851 nec
382 1812 463 1851 loci
488 1813 694 1852 rationem
717 1814 848 1852 vllam
875 1814 1028 1853 habere
1053 1815 1268 1854 didicerat.
1326 1816 1409 1855 Nec
1428 1818 1568 1855 tamen
1594 1817 1675 1856 huc
1701 1830 1749 1856 eo

153 1891 195 1917 se
234 1871 411 1916 contulit
446 1878 586 1916 animo
623 1881 669 1917 vt
713 1879 959 1918 institutum
1003 1880 1336 1930 amplecteretur,
1376 1882 1445 1920 sed
1490 1884 1537 1921 vt
1578 1881 1748 1921 interim

152 1942 474 1982 obtundentium
499 1956 620 1981 voces
644 1943 853 1993 effugeret,
875 1945 1006 1983 donec
1031 1944 1121 1995 ipsa
1149 1944 1238 1984 dies
1266 1946 1447 1986 adferret
1475 1947 1627 1986 melius
1655 1960 1748 1986 con-

153 2008 306 2047 silium.

207 2072 423 2113 Cantelius
455 2072 627 2111 interim
660 2074 826 2112 saedulo
857 2087 976 2113 suam
1008 2088 1096 2113 rem
1127 2076 1284 2126 agebat,
1314 2077 1488 2116 abutens
1519 2077 1674 2116 sodalis
1707 2080 1747 2116 et
1767 2086 1828 2118 345

152 2138 347 2178 facilitate
366 2140 407 2176 et
426 2138 708 2187 simplicitate.
750 2139 858 2177 Nam
877 2139 1114 2178 Florentius
1132 2141 1197 2179 illi
1217 2141 1325 2179 clam
1343 2155 1427 2180 vna
1446 2155 1749 2193 nonnunquam

152 2205 273 2243 nocte
301 2204 557 2242 comoediam
588 2204 885 2243 Terentianam
916 2207 1047 2244 totam
1079 2206 1351 2257 praelegebat,
1382 2210 1429 2246 vt
1457 2208 1569 2246 intra
1597 2220 1750 2258 paucos

152 2281 318 2307 menses
355 2268 596 2318 praecipuos
627 2271 791 2308 autores
823 2270 1087 2310 absoluerent
1119 2272 1293 2310 furtiuis
1329 2286 1374 2310 ac
1411 2274 1628 2312 nocturnis
1659 2286 1748 2311 con-

154 2333 375 2383 gressibuS‚
411 2346 564 2383 magno
595 2334 838 2374 discrimine
870 2335 1017 2374 tenelli
1050 2337 1304 2386 corpusculi:
1347 2351 1496 2376 verum
1529 2338 1606 2376 hoc
1640 2337 1749 2376 nihil

154 2398 205 2437 ad
236 2397 482 2446 Cantelium,
506 2400 579 2449 qui
604 2402 750 2438 nactus
776 2400 1034 2439 occasionem
1064 2402 1143 2440 sibi
1168 2402 1285 2440 intus
1310 2403 1504 2451 canebat3
1534 2417 1608 2441 nec
1635 2402 1747 2441 enim
1767 2410 1831 2443 350

156 2475 391 2513 quenquam
411 2464 575 2502 amabat
595 2478 645 2503 ex
665 2465 806 2504 animo
820 2469 983 2515 praeter
1003 2468 1196 2516 seipsum.
1244 2468 1420 2515 Interea,
1439 2481 1491 2506 ne
1511 2467 1749 2506 Florentius

155 2526 333 2566 resiliret
365 2539 389 2565 a
421 2529 584 2577 coeptis,
622 2530 729 2568 nihil
759 2530 823 2568 illi
853 2544 939 2569 non
970 2532 1304 2580 permittebatur.
1363 2532 1590 2571 Arridebat
1619 2545 1747 2582 puero

155 2591 391 2642 aequalium
420 2595 537 2642 grata
567 2595 775 2633 sodalitas.
831 2596 1073 2643 emebatur,
1104 2596 1334 2641 ludebatur,
1364 2598 1598 2636 certabatur
1622 2597 1748 2635 versi-

156 2656 283 2696 culis:
324 2669 409 2695 non
441 2657 684 2707 adigebatur
716 2659 768 2697 ad
805 2659 1020 2707 ieiunium,
1056 2674 1140 2699 non
1172 2661 1426 2699 excitabatur
1456 2662 1505 2700 ad
1538 2662 1748 2701 cantiones

156 2723 403 2761 nocturnas:
432 2734 557 2760 nemo
582 2723 788 2771 monebat,
812 2736 934 2762 nemo
961 2724 1214 2774 obiurgabat,
1238 2725 1430 2764 fauebant
1449 2727 1491 2764 et
1509 2726 1747 2765 arridebant
1767 2736 1828 2769 355

158 2798 314 2825 omnes.

211 2851 351 2902 Atque
371 2851 428 2890 ita
445 2865 519 2901 per
538 2851 854 2902 incogitantiam
879 2866 1044 2891 menses
1062 2853 1221 2903 aliquot
1244 2854 1502 2894 effluxerunt.
1562 2855 1644 2895 Vbi
1662 2856 1748 2895 iam

158 2916 396 2955 immineret
427 2916 514 2955 dies
545 2917 809 2966 deponendae
842 2918 970 2956 vestis
1000 2918 1235 2967 prophanae
1264 2922 1306 2958 et
1333 2919 1567 2960 induendae
1599 2934 1744 2969 sacrae,

734 2981 810 3020 338.
835 2981 1091 3012 collectaneum
1106 2984 1168 3014 LB.

398 3048 473 3086 338.
501 3046 773 3088 collactaneum]
792 3046 866 3078 The
882 3047 979 3078 word
997 3057 1118 3079 occurs
1134 3048 1173 3079 in
1187 3048 1291 3089 Vulg.
1307 3051 1377 3082 Act.
1399 3058 1447 3088 13.
1473 3060 1500 3080 1.
