2010 3417
267 145 346 183 304
732 143 987 182 LETTERS
1026 143 1095 181 OF
1134 143 1400 182 ERASMUS

1741 142 1865 197 [1516

265 255 380 304 parte
425 252 626 302 Vrgebant
670 254 711 290 et
758 253 917 289 tutores
962 253 1003 289 et
1048 250 1183 297 amici,
1226 264 1405 300 quorum
1450 251 1578 301 aliqui
1622 265 1711 291 rem
1756 253 1867 291 furto

267 317 514 355 minuerant.
566 316 620 354 In
647 328 822 363 summa,
846 315 1038 354 vicerunt
1059 315 1341 364 improbitate.
1393 316 1648 354 Adolescens
1667 319 1709 355 et
1729 318 1868 356 animo

266 382 493 420 abhorrens
523 382 565 419 et
595 381 734 419 verbis
766 380 977 418 reluctans
1007 382 1172 418 coactus
1202 381 1264 418 est
1297 381 1527 430 capistrum
1558 380 1752 430 accipere,
1783 395 1869 420 non

185 459 245 490 445
265 446 388 484 aliter
426 459 552 494 quam
591 445 699 484 bello
738 446 847 495 capti
883 446 1124 484 vinciendas
1167 459 1320 484 manus
1357 446 1508 486 victori
1545 446 1755 495 praebent,
1796 449 1869 486 aut

266 511 441 550 diutinis
459 511 559 550 victi
586 511 806 550 tormentis
824 511 985 550 faciunt
1011 525 1095 550 non
1122 511 1232 560 quod
1255 511 1407 550 volunt
1437 512 1505 550 sed
1534 511 1643 561 quod
1667 511 1869 551 collubuit

265 577 499 627 potentiori

318 642 526 681 Animum
547 642 785 681 Florentius
803 644 1014 692 vtcunque
1033 642 1214 687 vicisset,
1235 645 1447 681 caeterum
1474 656 1623 692 corpus
1645 656 1770 681 nemo
1790 642 1870 682 sibi

264 708 420 757 fingere
446 709 592 757 potest.
653 708 833 746 Interim
858 708 957 746 fecit
982 708 1219 746 adolescens
1248 708 1357 758 quod
1388 709 1525 747 solent
1554 708 1586 747 ii
1614 708 1686 758 qui
1711 721 1870 746 carcere

182 785 247 816 450
264 774 364 811 sunt
398 773 593 821 conclusi,
627 773 837 812 solabatur
866 787 909 812 se
946 773 1108 820 studiis,
1141 775 1348 823 quatenus
1379 774 1438 812 ibi
1470 774 1589 812 licuit
1607 788 1616 822 ;
1658 787 1759 812 nam
1792 773 1870 812 hoc

263 838 403 887 ipsum
430 838 576 877 furtim
603 841 690 877 erat
716 839 936 887 agendum,
958 852 1088 889 quum
1116 839 1255 888 palam
1282 839 1483 877 inebriari
1505 839 1639 878 liceat.
1700 839 1870 878 Litteris

264 904 392 954 igitur
429 904 597 943 fallebat
630 904 887 954 captiuitatis
919 904 1092 953 tedium,
1131 905 1260 943 donec
1299 918 1418 943 casus
1450 905 1701 954 insperatus,
1736 905 1870 944 veluti

265 970 368 1008 deus
401 970 605 1020 quispiam
640 971 713 1008 ἀπὸ
746 973 926 1021 μηχανῆς,
965 983 1083 1020 spem
1117 970 1266 1008 salutis
1300 971 1546 1009 ostenderet.
1613 969 1664 1008 Id
1697 970 1869 1016 euenit;

264 1048 362 1073 nam
393 1036 444 1073 ab
469 1035 660 1085 episcopo
688 1035 868 1085 quodam
895 1037 1164 1085 praepotente
1194 1038 1389 1074 euocatus
1415 1035 1460 1073 iu
1488 1035 1621 1085 ipsius
1649 1036 1866 1084 familiam,

183 1112 245 1143 455
263 1100 362 1139 inde
393 1101 523 1151 gradu
555 1101 661 1139 facto
695 1102 902 1150 profectus
933 1103 995 1139 est
1029 1101 1081 1140 ad
1118 1101 1321 1140 celebrem
1355 1101 1630 1140 academiam:
1680 1101 1788 1151 quod
1823 1101 1870 1140 ni

263 1167 486 1214 accidisset,
505 1168 592 1204 tam
612 1166 791 1215 insignis
809 1167 971 1205 indoles
989 1167 1034 1205 in
1055 1167 1154 1215 ocio,
1173 1167 1218 1205 in
1233 1167 1402 1215 deliciis,
1422 1167 1468 1205 in
1489 1167 1870 1216 compotationibus

262 1231 596 1281 computruisset.
668 1232 763 1270 Non
797 1233 905 1282 quod
938 1232 1183 1271 criminetur
1213 1246 1337 1271 suum
1367 1233 1621 1281 sodalitium,
1653 1233 1725 1271 sed
1759 1232 1868 1283 quod

262 1297 395 1347 ipsius
413 1299 583 1336 naturae
611 1311 691 1336 non
719 1299 992 1348 congruebat:
1022 1299 1259 1348 frequenter
1285 1298 1399 1337 enim
1427 1298 1537 1348 quod
1566 1298 1660 1336 aliis
1679 1297 1766 1337 vita
1790 1300 1865 1346 est,

263 1363 356 1402 aliis
389 1376 503 1401 mors
532 1365 606 1402 est.
676 1364 737 1402 Ea
767 1365 909 1402 autem
943 1365 1006 1402 est
1036 1364 1201 1402 iuuenis
1228 1364 1478 1403 verecundia
1506 1364 1793 1414 modestiaque
1820 1365 1868 1402 vt

184 1428 248 1469 460
264 1428 373 1467 nihil
392 1428 562 1467 inimice
589 1428 638 1467 de
664 1442 738 1467 suo
764 1429 956 1468 sodalitio
983 1430 1115 1468 veteri
1140 1430 1372 1478 praedicet;
1403 1430 1473 1468 sed
1502 1430 1671 1479 quidam
1698 1429 1867 1468 silentio

265 1496 306 1533 et
324 1495 479 1544 pudore
500 1494 594 1543 plus
612 1494 843 1544 loquuntur
862 1508 987 1544 quam
1008 1496 1043 1533 si
1062 1495 1197 1534 multa
1215 1495 1341 1533 verba
1360 1495 1556 1534 facerent.
1593 1529 1596 1531 .
1616 1496 1700 1534 Nec
1726 1497 1868 1533 tamen

263 1560 414 1598 horum
435 1560 656 1609 quicquam
677 1560 833 1598 factum
851 1562 925 1606 est,
947 1561 1030 1598 nisi
1048 1561 1253 1610 permissu
1279 1562 1401 1610 atque
1428 1562 1528 1599 adeo
1548 1560 1667 1599 iussu
1686 1560 1868 1610 episcopi

266 1625 474 1672 ordinarii,
498 1625 704 1674 permissu
724 1626 957 1674 praepos1ti,
980 1628 1072 1664 tum
1093 1625 1320 1673 domestici,
1340 1627 1432 1664 tum
1451 1626 1670 1675 generalis,
1689 1625 1868 1675 denique

266 1704 362 1729 cum
395 1704 493 1739 pace
526 1690 655 1728 totius
689 1691 933 1730 sodalitatis.
1004 1692 1250 1741 Quanquam
1284 1693 1425 1729 autem
1464 1693 1571 1730 esset
1609 1691 1739 1730 libera
1777 1704 1869 1729 con-

234 1767 243 1772 ·
267 1756 439 1795 scientia
472 1755 675 1805 sciretque
706 1769 748 1794 se
779 1759 878 1795 voto
911 1757 1054 1795 adacto
1085 1770 1171 1795 non
1201 1757 1344 1805 teneri,
1378 1756 1485 1795 illud
1517 1758 1661 1795 tamen
1693 1756 1866 1795 interim

267 1821 381 1860 dedit
417 1821 573 1871 partim
609 1822 881 1861 verecundiae
925 1823 1117 1868 naturali,
1156 1835 1325 1872 prorsus
1369 1823 1626 1870 immodicae,
1667 1835 1768 1873 quae
1805 1821 1869 1860 illi

266 1900 561 1937 saepenumero
594 1901 744 1937 magno
777 1888 857 1926 fuit
891 1888 1013 1935 malo,
1049 1888 1201 1938 partim
1241 1888 1462 1926 hominum
1495 1888 1784 1937 imperitorum
1822 1900 1869 1926 ac

268 1952 651 2001 superstitiosorum
670 1953 909 1992 inuincibili
930 1953 1190 2001 offendiculo,
1213 1967 1265 1992 ne
1283 1956 1442 1993 vestem
1461 1956 1654 2002 mutaret,
1676 1953 1869 2003 quamuis

267 2020 318 2057 ad
338 2018 416 2056 hoc
435 2032 458 2057 a
478 2031 552 2056 suo
571 2018 757 2068 praesule
775 2019 989 2058 inuitatus.

322 2084 551 2133 Aliquanto
573 2086 667 2132 post
685 2085 827 2122 euenit
846 2098 919 2134 per
937 2085 1194 2123 occasionem
1222 2086 1268 2123 vt
1294 2085 1338 2122 in
1358 2084 1633 2135 longinquam
1653 2084 1867 2134 regionem

267 2163 406 2188 amore
433 2149 667 2187 studiorum
695 2150 1037 2199 proficisceretur.
1097 2150 1165 2188 Ibi
1193 2151 1309 2189 iuxta
1333 2163 1493 2189 morem
1523 2149 1703 2189 Gallicae
1731 2148 1867 2199 gentis

268 2214 456 2264 togulam
489 2214 644 2252 lineam
678 2228 802 2264 supra
834 2218 995 2255 vestem
1033 2215 1233 2266 gestabat,
1265 2217 1416 2265 putans
1449 2215 1527 2253 hoc
1559 2215 1647 2253 illic
1687 2227 1773 2253 non
1806 2213 1866 2251 in·

269 2281 438 2319 solitum
459 2293 556 2318 esse.
617 2279 776 2319 Verum
795 2281 895 2319 hinc
914 2280 980 2319 bis
1002 2281 1047 2318 in
1073 2294 1268 2330 praesens
1289 2280 1434 2330 capitis
1453 2280 1684 2330 periculum
1703 2279 1864 2326 incidit,

270 2345 379 2395 quod
416 2346 503 2383 illic
541 2345 725 2395 chirurgi
769 2346 839 2395 qui
882 2346 1120 2395 pestilentia
1165 2346 1402 2384 laborantes
1445 2347 1601 2394 curant,
1643 2344 1866 2384 candidum

269 2412 449 2450 linteum
467 2411 633 2460 gestant
651 2410 824 2449 humero
843 2411 973 2459 laeuo,
998 2424 1021 2449 a
1039 2411 1176 2450 fronte
1202 2413 1243 2449 et
1270 2424 1293 2450 a
1317 2412 1432 2461 tergo
1452 2411 1621 2460 pensile,
1645 2424 1726 2460 quo
1745 2410 1865 2449 facile

269 2477 480 2527 conspicui
513 2476 674 2526 possint
704 2479 746 2515 et
774 2478 826 2516 ab
857 2477 991 2515 obuiis
1020 2480 1062 2515 et
1090 2490 1114 2515 a
1141 2477 1410 2526 sequentibus
1437 2477 1583 2516 vitari:
1624 2477 1696 2526 qui
1722 2478 1863 2515 tamen

269 2543 361 2592 ipsa
383 2542 466 2581 nisi
495 2555 567 2592 per
595 2542 777 2581 desertas
800 2541 889 2581 vias
917 2541 1374 2590 obanabularent‚sands
1399 2542 1701 2591 inapeterentur
1725 2556 1749 2581 a
1775 2554 1865 2581 con-

271 2608 558 2654 currentibus3
586 2620 716 2657 vsque
735 2608 836 2646 adeo
861 2621 962 2657 gens
987 2620 1034 2646 ea
1059 2609 1236 2646 mortem
1261 2607 1414 2655 horret,
1435 2609 1483 2646 vt
1508 2608 1559 2646 ad
1582 2607 1721 2646 thuris
1739 2608 1865 2646 etiam

186 2091 250 2124 470

187 2418 249 2452 475

1105 2698 1155 2739 (p.
1173 2698 1264 2738 589).
1313 2700 1370 2730 He
1393 2708 1466 2729 was
1490 2699 1666 2738 certainly
1689 2697 1863 2729 ordained

316 2711 390 2740 455.
427 2701 540 2740 gradu
571 2698 679 2740 facto]
711 2699 797 2730 This
829 2701 1034 2742 statement,

1105 2743 1216 2782 priest
1240 2744 1277 2773 at
1305 2743 1466 2782 Utrecht,
1489 2742 1561 2773 and
1586 2745 1659 2781 not,
1681 2751 1720 2773 as
1742 2740 1863 2772 would

272 2745 353 2774 that
371 2745 540 2775 Erasmus
555 2754 628 2774 was
649 2743 821 2774 ordained
838 2743 930 2774 after
941 2743 1036 2782 join-

274 2789 334 2827 ing
358 2788 420 2818 the
443 2788 507 2827 Bp.
529 2788 566 2818 of
588 2786 773 2827 Cambray,
793 2787 921 2818 should
945 2788 1036 2817 have

273 2831 361 2861 been
386 2831 517 2870 quoted
539 2831 579 2861 in
605 2831 697 2870 App.
716 2840 748 2869 5,
766 2840 803 2861 as
826 2831 855 2861 it
877 2831 1037 2861 conflicts

274 2874 364 2904 with
384 2875 515 2906 Beatus
539 2874 745 2906 Rhenanus.
792 2874 831 2905 If
851 2875 1031 2913 Erasmus,

273 2927 311 2946 as
334 2927 444 2948 seems
465 2917 643 2957 probable,
662 2918 692 2948 is
713 2919 857 2957 correct,
877 2917 935 2947 his
951 2918 1036 2947 resi-

275 2959 386 2990 dence
407 2961 496 2991 with
518 2961 580 2992 the
601 2962 665 3001 Bp.
689 2963 785 2992 must
807 2961 897 2991 have
920 2960 1034 2991 lasted

273 3002 396 3042 longer
448 3004 536 3035 than
581 3004 613 3038 is
657 3004 759 3035 there
806 3004 1034 3044 represented

1104 2786 1195 2817 have
1212 2786 1302 2817 been
1323 2786 1486 2826 possible,
1505 2789 1541 2817 at
1559 2786 1754 2826 Cambray3
1777 2784 1864 2815 thus

1105 2830 1318 2870 continuing
1341 2830 1400 2860 his
1428 2830 1549 2860 orders
1572 2831 1611 2860 in
1635 2830 1697 2860 the
1723 2828 1862 2859 diocese

1105 2874 1143 2904 in
1172 2873 1294 2904 which
1321 2873 1366 2904 he
1394 2873 1465 2904 had
1491 2873 1569 2904 first
1594 2871 1741 2903 entered
1765 2880 1862 2910 upon

1104 2917 1215 2948 them.
1262 2917 1358 2948 Such
1379 2927 1398 2947 a
1411 2916 1565 2956 journey
1580 2915 1700 2946 would
1716 2914 1862 2954 explain

1103 2961 1165 2992 the
1182 2961 1460 2991 circumstances
1477 2960 1516 2990 of
1528 2960 1591 2998 Ep.
1608 2968 1661 2997 33.

1145 3013 1220 3042 473.
1238 3002 1457 3043 periculum]
1475 3003 1524 3033 Cf.
1537 3003 1599 3042 Ep.
1618 3002 1690 3042 296.
1715 3001 1774 3040 178
1787 3010 1860 3039 seq.
