2010 3417
196 281 238 311 40

197 606 237 637 45

199 1259 238 1290 55

201 1578 242 1609 60

202 1904 241 1945 65

205 2239 244 2271 70

205 2564 242 2597 75

255 160 335 198 392
719 155 968 195 LETTERS
1008 155 1078 194 OF
1115 154 1377 193 ERASMUS
1718 153 1758 206 [1
1768 166 1789 202 5
1798 165 1813 190 1
1822 156 1843 189 6

255 269 384 307 effuso
407 267 645 316 prosecutus
671 277 778 312 sum,
804 264 843 304 ὅς
865 281 910 316 γε
939 264 1047 303 αὐτὸς
1076 266 1192 302 κακῶς
1219 263 1524 314 χειρογραφήσας
1552 263 1650 311 ὅμως
1677 264 1847 314 ἐγκαλεῖν

256 351 319 372 σοι
338 331 590 383 κακογραφίας
608 330 807 379 ὑπέμειναε
838 341 1077 379 quanquam
1097 327 1207 378 quod
1226 327 1272 365 in
1292 328 1333 365 te
1355 326 1610 377 negligentia
1622 328 1709 375 est„
1719 327 1847 366 etiam

254 399 317 436 est
344 396 391 434 in
418 409 487 434 me
514 394 733 445 imperitia.
795 394 928 443 Quare
955 394 991 432 si
1017 393 1125 431 mihi
1152 392 1196 431 in
1225 394 1438 442 posterum
1463 391 1509 430 in
1533 405 1581 431 eo
1610 391 1845 441 indulseris,

255 475 328 513 per
344 474 412 499 me
432 460 573 499 licebit
594 462 640 499 vt
661 472 823 510 quoquo
843 459 969 497 modo
989 458 1142 498 scribas
1159 472 1168 506 ;
1199 458 1259 496 καὶ
1281 458 1326 507 δὴ
1352 458 1413 496 καὶ
1438 457 1507 507 ἤδη
1531 458 1648 510 ἔγωγε
1666 459 1760 507 μετὰ
1779 461 1849 497 σοῦ

256 526 472 576 συντίθεμαι
491 524 550 575 ἐφ’
571 524 638 576 ᾧτε
658 525 767 565 αὐτὸς
792 523 878 575 μήτ’
898 526 1069 576 ἐγκαλεῖν
1094 525 1250 574 ὕστερον
1277 521 1361 573 μήτ’
1381 522 1622 575 ἐγκαλεῖσθαι
1641 523 1701 561 ἐπὶ
1719 523 1845 575 τούτῳ.

256 591 486 642 Epistolam
499 604 627 631 vnam
641 603 778 629 meam
794 589 882 629 vidi
900 589 1011 628 inter
1031 590 1122 627 tuas
1142 589 1398 639 impressam,
1418 588 1463 626 in
1478 601 1558 639 qua
1577 601 1674 626 cum
1692 587 1850 626 mult-ae

256 658 429 696 mendae
448 658 558 705 sunt,
581 658 675 695 tum
693 655 736 694 id
758 655 984 694 molestum
1008 655 1099 703 fuit,
1122 654 1231 705 quod
1251 654 1296 692 in
1316 654 1398 693 fine
1421 655 1585 703 quinque
1603 653 1759 704 legitur
1777 667 1851 703 pro

257 725 406 772 quique,
429 722 472 760 id
495 724 558 760 est
584 722 684 767 ὅστε,
705 734 791 759 non
818 733 946 771 paruo
975 733 1067 759 meo
1088 720 1328 770 dispendio:
1358 721 1509 770 quippe
1534 720 1605 770 qui
1631 720 1696 758 bis
1722 720 1851 758 trium

256 788 440 827 filiorum
478 789 592 837 pater
629 788 670 825 et
703 786 848 825 Vnicae
886 785 1038 824 filiolae
1077 785 1128 823 ad
1167 786 1349 835 quinque
1381 785 1492 824 filios
1528 786 1717 825 redactus
1755 786 1846 833 sim,

258 854 456 904 quasique
474 853 563 891 iure
583 851 739 902 duplici
757 851 887 889 trium
907 851 1132 889 liberorum
1152 850 1413 889 imminutus.
1463 850 1645 890 Proinde
1664 851 1852 890 crimino-

258 932 347 958 sam
375 918 613 969 quampiam
642 917 777 955 dicam
805 917 1045 966 impressori
1072 918 1144 954 tuo
1173 916 1317 964 dicam,
1343 916 1425 955 nisi
1451 916 1494 955 id
1521 917 1624 955 mihi
1651 917 1853 956 damnum

258 984 393 1035 primo
432 996 593 1034 quoque
626 984 811 1032 tempore
846 982 1070 1030 sarcietur3
1107 983 1229 1032 atque
1260 982 1387 1020 etiam
1419 983 1556 1020 tecum
1583 981 1758 1021 fortasse
1789 995 1852 1020 ex-

257 1050 399 1100 periar,
423 1049 459 1087 si
477 1048 529 1087 ab
548 1049 638 1098 ipso
657 1060 820 1086 seruare
839 1047 1080 1085 indemnem
1098 1060 1165 1086 me
1185 1060 1270 1085 non
1288 1049 1471 1098 potuero.

313 1114 407 1164 Περὶ
439 1113 781 1165 λεπτολογημάτων
810 1112 895 1151 iam
927 1115 968 1151 te
1001 1112 1287 1162 conquieuisse
1320 1114 1421 1162 puto
1453 1114 1494 1151 et
1527 1113 1712 1151 nostram
1741 1111 1854 1150 satis-

258 1179 484 1218 factionem
520 1179 732 1229 accepisse.
809 1177 922 1226 Quin
960 1179 1006 1216 tu
1039 1178 1127 1228 ipse
1159 1178 1423 1217 incommode
1456 1176 1750 1227 interpretaris,
1783 1176 1855 1226 qui

258 1245 301 1283 id
331 1245 380 1283 de
402 1244 573 1283 scholiis
598 1244 643 1282 in
669 1243 838 1283 Nouum
864 1242 1205 1282 Instrumentum
1230 1245 1272 1282 et
1296 1256 1462 1282 rursum
1488 1244 1538 1282 de
1558 1242 1797 1291 Paroemiis,
1819 1242 1855 1280 si

260 1309 368 1348 diuis
395 1310 538 1360 placet,
567 1309 792 1359 intelligis;
826 1322 1002 1360 quarum
1030 1309 1214 1359 ipsarum
1243 1308 1440 1348 volumen
1468 1309 1638 1347 tantum
1667 1307 1783 1346 abest
1810 1309 1856 1346 vt

260 1375 631 1426 λεπτολογηματικὸν
650 1387 738 1413 esse
758 1387 959 1422 censeam,
983 1375 1030 1413 Vb
1055 1375 1197 1424 σεμνήν
1221 1392 1303 1413 τινα
1328 1374 1542 1426 λογοθήκην
1561 1374 1621 1411 καὶ
1642 1373 1856 1419 ἀξιοθέατον

259 1453 346 1478 esse
374 1442 587 1479 autumem
614 1439 830 1489 Vtriusque
858 1439 1025 1490 linguae
1055 1439 1204 1478 delitiis
1232 1439 1426 1478 refertam
1453 1441 1496 1477 et
1525 1440 1767 1478 exornatam
1799 1439 1850 1484 et,

261 1505 298 1543 si
323 1505 447 1544 verbo
476 1505 696 1544 Homerico
720 1504 781 1543 vti
806 1504 914 1542 mihi
936 1504 1157 1555 permittis,
1180 1506 1463 1557 σιγαλόεσσανε
1491 1504 1659 1542 tametsi
1677 1504 1772 1553 πέρα
1791 1506 1856 1541 τοῦ

261 1570 405 1611 δέοντος
423 1571 541 1610 πολὺς
568 1570 661 1608 εἶναί
683 1588 748 1620 μοι
773 1570 890 1610 δοκεῖς
915 1571 1006 1619 πρὸς
1031 1574 1080 1622 τῷ
1109 1571 1424 1622 παροιμιολογεῖν,
1444 1571 1493 1608 vt
1519 1569 1652 1608 obiter
1676 1570 1718 1607 te
1737 1568 1855 1607 recri-

262 1635 407 1684 miner,
431 1635 503 1685 qui
529 1648 596 1673 me
621 1648 668 1674 eo
689 1635 861 1673 nomine
883 1635 1038 1673 notasti
1058 1635 1167 1684 quod
1187 1648 1360 1674 manum
1379 1635 1522 1673 tollere
1542 1635 1591 1673 de
1610 1634 1751 1673 tabula
1769 1647 1855 1672 non

262 1713 437 1739 nossem.
497 1700 584 1738 Nae
603 1700 709 1739 illud
737 1701 953 1750 perplacet,
978 1701 1085 1750 quod
1112 1701 1255 1739 scribis
1281 1700 1481 1738 nonnihil
1501 1702 1541 1738 te
1559 1699 1735 1738 monitis
1753 1699 1857 1739 meis

260 1766 555 1804 extimulatum
583 1765 624 1804 ἵν’
649 1770 687 1804 ἐν
711 1769 788 1806 τοῖς
812 1767 906 1816 μετὰ
930 1768 1046 1804 ταῦτα
1066 1767 1303 1817 ἐπιχειρήσῃς
1327 1767 1403 1806 τοῖς
1428 1766 1594 1815 μείζονος
1619 1766 1858 1815 φρονήματος

259 1833 486 1882 χωρητικοῖς.
554 1831 758 1881 Agedum,
793 1831 1019 1882 ἀναδέχομαι
1051 1832 1182 1870 τούτου
1215 1834 1280 1869 τοῦ
1310 1832 1574 1883 ἐγχειρήματος
1603 1830 1768 1869 κίνδυνον
1798 1830 1857 1879 ἐφ’

261 1896 385 1934 ἅπασί
407 1913 480 1946 μου
507 1898 584 1937 τοῖς
613 1897 788 1946 κτήμασι.
847 1897 894 1934 Τί
919 1899 992 1948 γὰρ
1021 1896 1066 1935 ἂν
1094 1899 1136 1935 οὐ
1165 1896 1425 1947 κατορθώσαις,
1458 1896 1485 1934 ὦ
1515 1897 1605 1935 θεῖοι
1631 1896 1853 1949 πανάγαθοι,

263 1961 310 2000 ὧν
334 1979 379 2013 γε
404 1961 448 2011 δὴ
477 1963 515 2000 αἱ
542 1963 708 2012 περιτταὶ
736 1965 809 2001 τῶν
840 1963 992 2011 φύσεων
1021 1962 1081 2000 καὶ
1109 1965 1158 2003 εἰς
1186 1964 1298 2012 ἄκρον
1325 1965 1390 2011 τῆς
1418 1962 1582 2003 παιδείας
1609 1961 1856 2012 ἐξησκημέναι

263 2026 417 2065 δύναιντ’
445 2026 490 2065 ἂν
518 2027 743 2076 ἐφικέσθαι;
793 2027 876 2066 Hic
904 2030 951 2066 tu
983 2027 1146 2067 delitias
1173 2027 1285 2076 facis,
1318 2029 1378 2066 mi
1411 2027 1594 2076 Erasme,
1625 2028 1667 2066 et
1699 2027 1856 2066 ‘Pede'

262 2092 411 2142 inquis,
434 2093 443 2111 ⁴
457 2105 548 2130 meo
568 2106 635 2130 me
649 2093 809 2141 metior,
828 2106 904 2131 nec
925 2106 1068 2131 omnes
1087 2093 1248 2132 Budaei
1262 2093 1435 2132 sumus.’
1473 2093 1558 2131 Nae
1574 2092 1857 2131 cauillatorem

263 2157 470 2208 quendam
498 2158 677 2196 facetum
705 2160 746 2196 et
778 2158 975 2197 callidum
1004 2171 1091 2197 esse
1119 2160 1170 2206 te,
1195 2159 1261 2197 vir
1288 2158 1474 2207 mirifice,
1502 2159 1670 2208 oportet.
1730 2157 1857 2205 Quasi

261 2236 358 2261 vero
379 2223 602 2273 quicquam
620 2222 728 2261 mihi
747 2223 1054 2262 incommodius
1073 2223 1254 2262 accidere
1279 2225 1410 2274 possit
1435 2235 1560 2273 quam
1587 2223 1623 2261 si
1647 2235 1718 2272 pes
1737 2235 1855 2261 meus

262 2301 357 2326 cum
374 2301 421 2326 eo
435 2288 539 2338 pede
558 2290 884 2338 componeretur,
903 2289 970 2327 cui
985 2289 1054 2327 vix
1073 2289 1174 2328 satis
1193 2302 1282 2327 esse
1296 2288 1515 2327 Maximini
1535 2288 1694 2326 calceus
1708 2288 1851 2338 possit.

262 2355 391 2404 εΗμῶν
404 2355 494 2406 γοῦν
508 2354 591 2403 παρ’
612 2354 803 2403 ἀλλήλους
820 2354 1075 2403 θεωρουμένων
1089 2354 1325 2405 δισημιόλιόν
1339 2371 1385 2392 σε
1400 2355 1562 2403 φανῆναι
1581 2352 1625 2392 ἂν
1640 2354 1852 2406 ἐπάναγκες.

317 2418 544 2457 Enimuero
571 2418 762 2467 demiror,
785 2418 1007 2466 deosculor,
1031 2419 1268 2469 amplector,
1292 2419 1472 2469 suspicio
1497 2421 1619 2457 tuum
1639 2418 1750 2457 istud
1768 2419 1857 2457 tam

262 2496 362 2531 acre,
399 2485 487 2521 tam
524 2484 726 2532 exactum,
764 2486 851 2522 tam
885 2484 1025 2533 celere,
1063 2486 1152 2522 tam
1184 2497 1386 2535 praesens,
1423 2486 1513 2522 tam
1550 2484 1630 2522 sibi
1664 2485 1858 2522 constans

262 2548 471 2587 iudicium.
529 2548 588 2586 Vt
615 2561 681 2586 me
710 2562 793 2587 vno
823 2549 970 2588 obtutu
1003 2551 1141 2588 totum
1173 2549 1444 2599 perlustrasti,
1475 2551 1523 2588 vt
1549 2549 1779 2597 excussisti,
1810 2550 1859 2587 vt

262 2612 426 2662 penitus
459 2612 680 2663 explorasti
713 2615 754 2652 et
783 2614 1062 2664 perpendisti!
1129 2615 1247 2653 Certe
1280 2614 1346 2653 his
1378 2614 1513 2653 literis
1550 2628 1717 2653 omnem
1750 2613 1858 2652 mihi

306 2731 358 2761 43.
384 2720 486 2762 ἔγωγε
504 2724 577 2754 add.
594 2723 628 2756 β.
697 2732 749 2760 44.
777 2720 826 2752 ἐπὶ
841 2720 945 2762 τούτῳ
962 2725 1033 2754 add.
1051 2724 1085 2757 β.
1161 2725 1214 2761 48.
1239 2723 1307 2754 sim
1318 2725 1341 2758 β
1358 2735 1365 2754 :
1381 2732 1462 2754 sum
1475 2725 1504 2754 C.
1577 2732 1631 2761 50.
1659 2722 1777 2753 dicam
1790 2725 1857 2759 post

265 2766 326 2795 tuo
341 2766 363 2795 0
373 2775 381 2795 ε
404 2766 558 2796 scribam
572 2766 607 2800 β.
697 2774 749 2805 55.
774 2766 805 2796 si
821 2765 916 2796 diuis
932 2766 1048 2806 placet
1060 2769 1133 2798 add.
1148 2769 1182 2801 β.
1270 2776 1322 2806 59.
1349 2765 1427 2807 πέρα
1439 2768 1462 2801 β
1476 2777 1484 2797 :
1507 2765 1588 2806 παρὰ
1606 2768 1633 2797 G'.
1723 2767 1778 2805 69.
1800 2765 1857 2796 vir

267 2807 416 2839 mirifice
433 2811 506 2840 add.
523 2809 557 2843 β.
693 2818 743 2847 72.
768 2810 791 2843 β
807 2820 815 2839 :
838 2808 1044 2850 δυσημιόλιον
1063 2812 1092 2841 C.
1162 2810 1295 2850 φανῆναι
1313 2808 1353 2840 ἂν
1369 2813 1407 2841 C:
1432 2808 1596 2850 φαίνεσθαι
1612 2811 1645 2844 β.
1740 2809 1793 2848 76.
1817 2810 1854 2839 et

266 2852 487 2889 perpendisti
504 2854 574 2882 add.
594 2853 628 2885 B.

311 2969 361 2997 45.
388 2960 600 3002 Epistolam]
618 2961 681 3000 Ep.
700 2970 774 3000 403.
794 2971 864 3001 149.
1097 2972 1149 3000 71.
1173 2962 1379 3003 Maximini]
1407 2962 1483 2993 The
1506 2961 1645 2992 Roman
1668 2961 1853 3000 Emperor,

308 3004 361 3040 67.
387 3002 494 3042 Pede]
520 3004 571 3035 Cf.
591 3004 679 3035 Hor.
698 3006 755 3042 Ep.
776 3014 802 3035 1.
822 3015 850 3044 7.
868 3006 920 3044 98.
1055 3015 1172 3045 235-7‚
1192 3006 1273 3037 who
1290 3016 1360 3037 was
1378 3005 1416 3036 of
1428 3005 1584 3045 gigantic
1599 3005 1744 3036 stature.
