<?xml version="1.0" encoding="UTF-8"?>
<!DOCTYPE html PUBLIC "-//W3C//DTD XHTML 1.0 Transitional//EN"
    "http://www.w3.org/TR/xhtml1/DTD/xhtml1-transitional.dtd">
<html xmlns="http://www.w3.org/1999/xhtml" xml:lang="en" lang="en">
 <head>
  <title>
</title>
<meta http-equiv="Content-Type" content="text/html;charset=utf-8" />
  <meta name='ocr-system' content='tesseract 3.04.00' />
  <meta name='ocr-capabilities' content='ocr_page ocr_carea ocr_par ocr_line ocrx_word'/>
</head>
<body>
  <div class='ocr_page' id='page_1' title='image "./opusepistolarumd02erasuoft/opusepistolarumd02erasuoft_0311.png"; bbox 0 0 2010 3417; ppageno 0'>
   <div class='ocr_carea' id='block_1_1' title="bbox 144 131 1736 187">
    <p class='ocr_par' dir='ltr' id='par_1_1' title="bbox 144 131 1736 187">
     <span class='ocr_line' id='line_1_1' title="bbox 144 131 1736 187; baseline -0.002 -13"><span class='ocrx_word' id='word_1_1' title='bbox 144 131 242 187; x_wconf 86' lang='lat'>444]</span> <span class='ocrx_word' id='word_1_2' title='bbox 594 135 748 175; x_wconf 79' lang='lat' dir='ltr'>FROM</span> <span class='ocrx_word' id='word_1_3' title='bbox 786 135 972 175; x_wconf 82' lang='lat' dir='ltr'>PETER</span> <span class='ocrx_word' id='word_1_4' title='bbox 1010 135 1282 175; x_wconf 79' lang='lat' dir='ltr'><strong>VITERIUS</strong></span> <span class='ocrx_word' id='word_1_5' title='bbox 1657 133 1736 172; x_wconf 84' lang='lat'>285</span> 
     </span>
    </p>
   </div>
   <div class='ocr_carea' id='block_1_2' title="bbox 137 242 1797 2704">
    <p class='ocr_par' dir='ltr' id='par_1_2' title="bbox 139 242 1797 1459">
     <span class='ocr_line' id='line_1_2' title="bbox 140 242 1776 295; baseline -0.001 -12"><span class='ocrx_word' id='word_1_6' title='bbox 140 244 283 283; x_wconf 85' lang='lat' dir='ltr'>omnia</span> <span class='ocrx_word' id='word_1_7' title='bbox 301 243 566 294; x_wconf 73' lang='lat' dir='ltr'>displicerent</span> <span class='ocrx_word' id='word_1_8' title='bbox 592 245 786 295; x_wconf 91' lang='lat' dir='ltr'>quicquid</span> <span class='ocrx_word' id='word_1_9' title='bbox 813 245 993 293; x_wconf 89' lang='lat' dir='ltr'>molirer,</span> <span class='ocrx_word' id='word_1_10' title='bbox 1017 245 1151 294; x_wconf 90' lang='lat' dir='ltr'>pudor</span> <span class='ocrx_word' id='word_1_11' title='bbox 1177 244 1315 293; x_wconf 87' lang='lat' dir='ltr'>sepius</span> <span class='ocrx_word' id='word_1_12' title='bbox 1335 245 1531 282; x_wconf 89' lang='lat' dir='ltr'>conatum</span> <span class='ocrx_word' id='word_1_13' title='bbox 1551 242 1735 281; x_wconf 89' lang='lat' dir='ltr'>retinuit.</span> <span class='ocrx_word' id='word_1_14' title='bbox 1758 249 1776 281; x_wconf 88' lang='grc'>5</span> 
     </span>
     <span class='ocr_line' id='line_1_3' title="bbox 142 308 1738 360; baseline -0.002 -12"><span class='ocrx_word' id='word_1_15' title='bbox 142 309 287 359; x_wconf 87' lang='lat' dir='ltr'>Itaque</span> <span class='ocrx_word' id='word_1_16' title='bbox 318 322 489 359; x_wconf 85' lang='lat' dir='ltr'>sperans</span> <span class='ocrx_word' id='word_1_17' title='bbox 524 310 721 348; x_wconf 88' lang='lat' dir='ltr'>daturum</span> <span class='ocrx_word' id='word_1_18' title='bbox 759 311 864 349; x_wconf 89' lang='lat' dir='ltr'>mihi</span> <span class='ocrx_word' id='word_1_19' title='bbox 896 309 1119 360; x_wconf 83' lang='lat' dir='ltr'>aliquando</span> <span class='ocrx_word' id='word_1_20' title='bbox 1157 310 1263 360; x_wconf 91' lang='lat' dir='ltr'>quod</span> <span class='ocrx_word' id='word_1_21' title='bbox 1300 309 1407 348; x_wconf 86' lang='lat' dir='ltr'>mihi</span> <span class='ocrx_word' id='word_1_22' title='bbox 1446 322 1532 348; x_wconf 91' lang='lat' dir='ltr'>non</span> <span class='ocrx_word' id='word_1_23' title='bbox 1567 308 1738 346; x_wconf 92' lang='lat' dir='ltr'>omnino</span> 
     </span>
     <span class='ocr_line' id='line_1_4' title="bbox 142 372 1738 425; baseline -0.001 -12"><span class='ocrx_word' id='word_1_24' title='bbox 142 374 389 425; x_wconf 75' lang='lat' dir='ltr'>displiceret,</span> <span class='ocrx_word' id='word_1_25' title='bbox 413 374 591 414; x_wconf 89' lang='lat' dir='ltr'>contriui</span> <span class='ocrx_word' id='word_1_26' title='bbox 613 375 659 413; x_wconf 92' lang='lat' dir='ltr'>in</span> <span class='ocrx_word' id='word_1_27' title='bbox 686 376 917 425; x_wconf 88' lang='lat' dir='ltr'>quaerendo</span> <span class='ocrx_word' id='word_1_28' title='bbox 942 375 1108 425; x_wconf 87' lang='lat' dir='ltr'>longam</span> <span class='ocrx_word' id='word_1_29' title='bbox 1129 377 1318 413; x_wconf 88' lang='lat' dir='ltr'>aetatem.</span> <span class='ocrx_word' id='word_1_30' title='bbox 1379 374 1571 412; x_wconf 85' lang='lat' dir='ltr'>Ceterum</span> <span class='ocrx_word' id='word_1_31' title='bbox 1595 372 1738 411; x_wconf 88' lang='lat' dir='ltr'>nullus</span> 
     </span>
     <span class='ocr_line' id='line_1_5' title="bbox 141 439 1739 491; baseline -0.002 -12"><span class='ocrx_word' id='word_1_32' title='bbox 141 453 326 491; x_wconf 89' lang='lat' dir='ltr'>vnquam</span> <span class='ocrx_word' id='word_1_33' title='bbox 358 440 567 490; x_wconf 89' lang='lat' dir='ltr'>praeteriit</span> <span class='ocrx_word' id='word_1_34' title='bbox 601 439 689 478; x_wconf 90' lang='lat' dir='ltr'>dies</span> <span class='ocrx_word' id='word_1_35' title='bbox 722 454 801 490; x_wconf 91' lang='lat' dir='ltr'>quo</span> <span class='ocrx_word' id='word_1_36' title='bbox 835 441 943 479; x_wconf 91' lang='lat' dir='ltr'>mihi</span> <span class='ocrx_word' id='word_1_37' title='bbox 976 454 1062 479; x_wconf 91' lang='lat' dir='ltr'>non</span> <span class='ocrx_word' id='word_1_38' title='bbox 1094 440 1389 479; x_wconf 89' lang='lat' dir='ltr'>honestissima</span> <span class='ocrx_word' id='word_1_39' title='bbox 1419 439 1482 478; x_wconf 88' lang='lat' dir='ltr'>tui</span> <span class='ocrx_word' id='word_1_40' title='bbox 1513 439 1739 477; x_wconf 78' lang='lat' dir='ltr'><strong>recordatio</strong></span> 
     </span>
     <span class='ocr_line' id='line_1_6' title="bbox 141 503 1738 555; baseline -0.002 -11"><span class='ocrx_word' id='word_1_41' title='bbox 141 506 326 554; x_wconf 87' lang='lat' dir='ltr'>subiret余</span> <span class='ocrx_word' id='word_1_42' title='bbox 365 505 435 544; x_wconf 90' lang='lat' dir='ltr'>sed</span> <span class='ocrx_word' id='word_1_43' title='bbox 465 506 502 544; x_wconf 90' lang='lat' dir='ltr'>ei</span> <span class='ocrx_word' id='word_1_44' title='bbox 531 505 598 544; x_wconf 89' lang='lat' dir='ltr'>cui</span> <span class='ocrx_word' id='word_1_45' title='bbox 626 506 767 544; x_wconf 88' lang='lat' dir='ltr'>omnia</span> <span class='ocrx_word' id='word_1_46' title='bbox 796 506 986 544; x_wconf 84' lang='lat' dir='ltr'>deberem</span> <span class='ocrx_word' id='word_1_47' title='bbox 1015 506 1075 555; x_wconf 85' lang='lat' dir='ltr'>(vt</span> <span class='ocrx_word' id='word_1_48' title='bbox 1105 506 1184 545; x_wconf 90' lang='lat' dir='ltr'>scis</span> <span class='ocrx_word' id='word_1_49' title='bbox 1211 519 1278 544; x_wconf 85' lang='lat' dir='ltr'>me</span> <span class='ocrx_word' id='word_1_50' title='bbox 1307 507 1445 544; x_wconf 92' lang='lat' dir='ltr'>totum</span> <span class='ocrx_word' id='word_1_51' title='bbox 1475 504 1555 542; x_wconf 89' lang='lat' dir='ltr'>tibi</span> <span class='ocrx_word' id='word_1_52' title='bbox 1583 503 1738 554; x_wconf 88' lang='lat' dir='ltr'>deberi)</span> 
     </span>
     <span class='ocr_line' id='line_1_7' title="bbox 141 569 1797 621; baseline -0.002 -11"><span class='ocrx_word' id='word_1_53' title='bbox 141 571 322 621; x_wconf 89' lang='lat' dir='ltr'>pudebat</span> <span class='ocrx_word' id='word_1_54' title='bbox 340 570 560 610; x_wconf 81' lang='lat' dir='ltr'>rescribere</span> <span class='ocrx_word' id='word_1_55' title='bbox 579 569 802 620; x_wconf 87' lang='lat' dir='ltr'>indignum</span> <span class='ocrx_word' id='word_1_56' title='bbox 821 572 952 609; x_wconf 88' lang='lat' dir='ltr'>tantis</span> <span class='ocrx_word' id='word_1_57' title='bbox 976 571 1157 619; x_wconf 88' lang='lat' dir='ltr'>auribus,</span> <span class='ocrx_word' id='word_1_58' title='bbox 1180 572 1386 620; x_wconf 83' lang='lat' dir='ltr'>praeterea</span> <span class='ocrx_word' id='word_1_59' title='bbox 1405 570 1495 608; x_wconf 89' lang='lat' dir='ltr'>viro</span> <span class='ocrx_word' id='word_1_60' title='bbox 1523 569 1580 608; x_wconf 88' lang='lat' dir='ltr'>sic</span> <span class='ocrx_word' id='word_1_61' title='bbox 1600 569 1650 608; x_wconf 92' lang='lat' dir='ltr'>de</span> <span class='ocrx_word' id='word_1_62' title='bbox 1669 582 1736 607; x_wconf 93' lang='lat' dir='ltr'>me</span> <span class='ocrx_word' id='word_1_63' title='bbox 1758 580 1797 603; x_wconf 92' lang='lat'>10</span> 
     </span>
     <span class='ocr_line' id='line_1_8' title="bbox 140 635 1738 686; baseline -0.002 -11"><span class='ocrx_word' id='word_1_64' title='bbox 140 636 302 675; x_wconf 87' lang='lat' dir='ltr'>merito.</span> <span class='ocrx_word' id='word_1_65' title='bbox 342 637 422 675; x_wconf 86' lang='lat' dir='ltr'>Sed</span> <span class='ocrx_word' id='word_1_66' title='bbox 443 636 606 686; x_wconf 90' lang='lat' dir='ltr'>quando</span> <span class='ocrx_word' id='word_1_67' title='bbox 625 635 667 673; x_wconf 92' lang='lat' dir='ltr'>id</span> <span class='ocrx_word' id='word_1_68' title='bbox 688 637 894 684; x_wconf 89' lang='lat' dir='ltr'>praestare</span> <span class='ocrx_word' id='word_1_69' title='bbox 914 649 1084 685; x_wconf 87' lang='lat' dir='ltr'>nequeo,</span> <span class='ocrx_word' id='word_1_70' title='bbox 1108 636 1154 674; x_wconf 86' lang='lat' dir='ltr'>vt</span> <span class='ocrx_word' id='word_1_71' title='bbox 1174 638 1244 675; x_wconf 88' lang='lat' dir='ltr'>tua</span> <span class='ocrx_word' id='word_1_72' title='bbox 1263 635 1538 685; x_wconf 88' lang='lat' dir='ltr'>equanimitas</span> <span class='ocrx_word' id='word_1_73' title='bbox 1558 635 1738 684; x_wconf 86' lang='lat' dir='ltr'>praestet</span> 
     </span>
     <span class='ocr_line' id='line_1_9' title="bbox 142 700 1735 750; baseline -0.001 -10"><span class='ocrx_word' id='word_1_74' title='bbox 142 715 307 741; x_wconf 89' lang='lat' dir='ltr'>necesse</span> <span class='ocrx_word' id='word_1_75' title='bbox 325 704 398 740; x_wconf 88' lang='lat' dir='ltr'>est.</span> <span class='ocrx_word' id='word_1_76' title='bbox 444 701 606 740; x_wconf 90' lang='lat' dir='ltr'>Poteris</span> <span class='ocrx_word' id='word_1_77' title='bbox 624 702 670 739; x_wconf 90' lang='lat' dir='ltr'>tu</span> <span class='ocrx_word' id='word_1_78' title='bbox 690 713 758 739; x_wconf 91' lang='lat' dir='ltr'>me</span> <span class='ocrx_word' id='word_1_79' title='bbox 779 702 1061 739; x_wconf 70' lang='lat' dir='ltr'>testudineum</span> <span class='ocrx_word' id='word_1_80' title='bbox 1081 702 1262 740; x_wconf 78' lang='lat' dir='ltr'>vocitare</span> <span class='ocrx_word' id='word_1_81' title='bbox 1281 703 1323 739; x_wconf 92' lang='lat' dir='ltr'>et</span> <span class='ocrx_word' id='word_1_82' title='bbox 1343 713 1542 750; x_wconf 86' lang='lat' dir='ltr'>perquam</span> <span class='ocrx_word' id='word_1_83' title='bbox 1562 700 1735 748; x_wconf 90' lang='lat' dir='ltr'>lentum,</span> 
     </span>
     <span class='ocr_line' id='line_1_10' title="bbox 142 765 1736 815; baseline -0.001 -10"><span class='ocrx_word' id='word_1_84' title='bbox 142 779 217 805; x_wconf 91' lang='lat' dir='ltr'>nec</span> <span class='ocrx_word' id='word_1_85' title='bbox 243 765 468 814; x_wconf 88' lang='lat' dir='ltr'>immerito,</span> <span class='ocrx_word' id='word_1_86' title='bbox 491 766 704 815; x_wconf 86' lang='lat' dir='ltr'>dicereque</span> <span class='ocrx_word' id='word_1_87' title='bbox 732 765 839 803; x_wconf 90' lang='lat' dir='ltr'>nihil</span> <span class='ocrx_word' id='word_1_88' title='bbox 868 766 947 804; x_wconf 89' lang='lat' dir='ltr'>tibi</span> <span class='ocrx_word' id='word_1_89' title='bbox 977 766 1066 804; x_wconf 88' lang='lat' dir='ltr'>dari</span> <span class='ocrx_word' id='word_1_90' title='bbox 1094 766 1177 804; x_wconf 92' lang='lat' dir='ltr'>nisi</span> <span class='ocrx_word' id='word_1_91' title='bbox 1205 766 1329 804; x_wconf 85' lang='lat' dir='ltr'>tricas</span> <span class='ocrx_word' id='word_1_92' title='bbox 1358 767 1399 803; x_wconf 91' lang='lat' dir='ltr'>et</span> <span class='ocrx_word' id='word_1_93' title='bbox 1425 765 1579 814; x_wconf 87' lang='lat' dir='ltr'>apinas.</span> <span class='ocrx_word' id='word_1_94' title='bbox 1641 765 1736 803; x_wconf 87' lang='lat' dir='ltr'>Non</span> 
     </span>
     <span class='ocr_line' id='line_1_11' title="bbox 139 829 1737 881; baseline -0.001 -12"><span class='ocrx_word' id='word_1_95' title='bbox 139 831 331 881; x_wconf 89' lang='lat' dir='ltr'>equidem</span> <span class='ocrx_word' id='word_1_96' title='bbox 361 831 523 869; x_wconf 89' lang='lat' dir='ltr'>inficias</span> <span class='ocrx_word' id='word_1_97' title='bbox 553 844 610 878; x_wconf 92' lang='lat' dir='ltr'>eo,</span> <span class='ocrx_word' id='word_1_98' title='bbox 644 831 795 880; x_wconf 87' lang='lat' dir='ltr'>quippe</span> <span class='ocrx_word' id='word_1_99' title='bbox 829 830 901 880; x_wconf 93' lang='lat' dir='ltr'>qui</span> <span class='ocrx_word' id='word_1_100' title='bbox 932 830 1029 868; x_wconf 89' lang='lat' dir='ltr'>haec</span> <span class='ocrx_word' id='word_1_101' title='bbox 1063 843 1226 880; x_wconf 91' lang='lat' dir='ltr'>quoque</span> <span class='ocrx_word' id='word_1_102' title='bbox 1257 843 1331 879; x_wconf 92' lang='lat' dir='ltr'>pro</span> <span class='ocrx_word' id='word_1_103' title='bbox 1361 829 1527 867; x_wconf 89' lang='lat' dir='ltr'>leuibus</span> <span class='ocrx_word' id='word_1_104' title='bbox 1556 829 1737 879; x_wconf 85' lang='lat' dir='ltr'>nugellis</span> 
     </span>
     <span class='ocr_line' id='line_1_12' title="bbox 140 894 1794 946; baseline -0.002 -11"><span class='ocrx_word' id='word_1_105' title='bbox 140 897 307 935; x_wconf 91' lang='lat' dir='ltr'>mittere</span> <span class='ocrx_word' id='word_1_106' title='bbox 344 910 429 935; x_wconf 91' lang='lat' dir='ltr'>non</span> <span class='ocrx_word' id='word_1_107' title='bbox 467 910 619 935; x_wconf 86' lang='lat' dir='ltr'>vereor.</span> <span class='ocrx_word' id='word_1_108' title='bbox 689 895 1003 946; x_wconf 81' lang='lat' dir='ltr'>Qualescunque</span> <span class='ocrx_word' id='word_1_109' title='bbox 1045 895 1130 934; x_wconf 91' lang='lat' dir='ltr'>sint</span> <span class='ocrx_word' id='word_1_110' title='bbox 1173 897 1327 943; x_wconf 89' lang='lat' dir='ltr'>tamen,</span> <span class='ocrx_word' id='word_1_111' title='bbox 1366 907 1440 944; x_wconf 93' lang='lat' dir='ltr'>pro</span> <span class='ocrx_word' id='word_1_112' title='bbox 1476 896 1548 932; x_wconf 89' lang='lat' dir='ltr'>tua</span> <span class='ocrx_word' id='word_1_113' title='bbox 1585 894 1630 932; x_wconf 91' lang='lat' dir='ltr'>in</span> <span class='ocrx_word' id='word_1_114' title='bbox 1670 907 1736 932; x_wconf 92' lang='lat' dir='ltr'>me</span> <span class='ocrx_word' id='word_1_115' title='bbox 1757 905 1794 938; x_wconf 85' lang='lat'>15</span> 
     </span>
     <span class='ocr_line' id='line_1_13' title="bbox 141 960 1733 1011; baseline -0.002 -11"><span class='ocrx_word' id='word_1_116' title='bbox 141 962 332 1001; x_wconf 86' lang='lat' dir='ltr'>comitate</span> <span class='ocrx_word' id='word_1_117' title='bbox 351 962 572 1000; x_wconf 79' lang='lat' dir='ltr'>lectitabis.</span> <span class='ocrx_word' id='word_1_118' title='bbox 615 961 727 999; x_wconf 90' lang='lat' dir='ltr'>Huic</span> <span class='ocrx_word' id='word_1_119' title='bbox 742 974 890 1011; x_wconf 89' lang='lat' dir='ltr'>nempe</span> <span class='ocrx_word' id='word_1_120' title='bbox 906 961 1072 1000; x_wconf 88' lang='lat' dir='ltr'>chartae</span> <span class='ocrx_word' id='word_1_121' title='bbox 1092 961 1164 999; x_wconf 78' lang='lat' dir='ltr'>vix</span> <span class='ocrx_word' id='word_1_122' title='bbox 1179 960 1315 998; x_wconf 91' lang='lat' dir='ltr'>ausim</span> <span class='ocrx_word' id='word_1_123' title='bbox 1330 972 1503 998; x_wconf 88' lang='lat' dir='ltr'>manum</span> <span class='ocrx_word' id='word_1_124' title='bbox 1519 972 1733 1008; x_wconf 90' lang='lat' dir='ltr'>apponere,</span> 
     </span>
     <span class='ocr_line' id='line_1_14' title="bbox 139 1025 1736 1075; baseline -0.003 -9"><span class='ocrx_word' id='word_1_125' title='bbox 139 1028 211 1066; x_wconf 89' lang='lat' dir='ltr'>sed</span> <span class='ocrx_word' id='word_1_126' title='bbox 234 1027 342 1066; x_wconf 91' lang='lat' dir='ltr'>mihi</span> <span class='ocrx_word' id='word_1_127' title='bbox 367 1028 606 1066; x_wconf 87' lang='lat' dir='ltr'>humanitas</span> <span class='ocrx_word' id='word_1_128' title='bbox 634 1028 706 1065; x_wconf 91' lang='lat' dir='ltr'>tua</span> <span class='ocrx_word' id='word_1_129' title='bbox 734 1026 991 1065; x_wconf 86' lang='lat' dir='ltr'>incredibilis</span> <span class='ocrx_word' id='word_1_130' title='bbox 1016 1026 1204 1064; x_wconf 89' lang='lat' dir='ltr'>animum</span> <span class='ocrx_word' id='word_1_131' title='bbox 1232 1025 1421 1075; x_wconf 87' lang='lat' dir='ltr'>viresque</span> <span class='ocrx_word' id='word_1_132' title='bbox 1451 1025 1660 1074; x_wconf 83' lang='lat' dir='ltr'>suggerit3</span> <span class='ocrx_word' id='word_1_133' title='bbox 1694 1026 1736 1063; x_wconf 90' lang='lat' dir='ltr'>et</span> 
     </span>
     <span class='ocr_line' id='line_1_15' title="bbox 140 1091 1736 1144; baseline -0.001 -12"><span class='ocrx_word' id='word_1_134' title='bbox 140 1093 211 1144; x_wconf 90' lang='lat' dir='ltr'>qui</span> <span class='ocrx_word' id='word_1_135' title='bbox 233 1107 301 1132; x_wconf 90' lang='lat' dir='ltr'>me</span> <span class='ocrx_word' id='word_1_136' title='bbox 325 1093 425 1132; x_wconf 93' lang='lat' dir='ltr'>olim</span> <span class='ocrx_word' id='word_1_137' title='bbox 452 1093 501 1131; x_wconf 90' lang='lat' dir='ltr'>ab</span> <span class='ocrx_word' id='word_1_138' title='bbox 529 1093 633 1131; x_wconf 88' lang='lat' dir='ltr'>Orco</span> <span class='ocrx_word' id='word_1_139' title='bbox 659 1094 873 1131; x_wconf 87' lang='lat' dir='ltr'>mortuum</span> <span class='ocrx_word' id='word_1_140' title='bbox 903 1092 947 1130; x_wconf 91' lang='lat' dir='ltr'>in</span> <span class='ocrx_word' id='word_1_141' title='bbox 974 1092 1110 1131; x_wconf 92' lang='lat' dir='ltr'>lucem</span> <span class='ocrx_word' id='word_1_142' title='bbox 1137 1092 1382 1140; x_wconf 88' lang='lat' dir='ltr'>restitueris,</span> <span class='ocrx_word' id='word_1_143' title='bbox 1402 1105 1477 1130; x_wconf 89' lang='lat' dir='ltr'>nec</span> <span class='ocrx_word' id='word_1_144' title='bbox 1504 1091 1736 1130; x_wconf 89' lang='lat' dir='ltr'>restitueris</span> 
     </span>
     <span class='ocr_line' id='line_1_16' title="bbox 139 1157 1736 1208; baseline -0.002 -10"><span class='ocrx_word' id='word_1_145' title='bbox 139 1159 263 1198; x_wconf 90' lang='lat' dir='ltr'>modo</span> <span class='ocrx_word' id='word_1_146' title='bbox 301 1159 372 1197; x_wconf 87' lang='lat' dir='ltr'>sed</span> <span class='ocrx_word' id='word_1_147' title='bbox 406 1159 450 1197; x_wconf 90' lang='lat' dir='ltr'>in</span> <span class='ocrx_word' id='word_1_148' title='bbox 482 1159 616 1208; x_wconf 87' lang='lat' dir='ltr'>patria</span> <span class='ocrx_word' id='word_1_149' title='bbox 649 1171 813 1208; x_wconf 92' lang='lat' dir='ltr'>quoque</span> <span class='ocrx_word' id='word_1_150' title='bbox 846 1157 1110 1196; x_wconf 89' lang='lat' dir='ltr'>collocaueris</span> <span class='ocrx_word' id='word_1_151' title='bbox 1145 1157 1486 1207; x_wconf 89' lang='lat' dir='ltr'>amplissimoque</span> <span class='ocrx_word' id='word_1_152' title='bbox 1519 1157 1736 1206; x_wconf 88' lang='lat' dir='ltr'>praeconio</span> 
     </span>
     <span class='ocr_line' id='line_1_17' title="bbox 139 1222 1795 1272; baseline -0.002 -9"><span class='ocrx_word' id='word_1_153' title='bbox 139 1225 421 1263; x_wconf 73' lang='lat' dir='ltr'>immortalem</span> <span class='ocrx_word' id='word_1_154' title='bbox 440 1222 632 1271; x_wconf 87' lang='lat' dir='ltr'>effeceris,</span> <span class='ocrx_word' id='word_1_155' title='bbox 655 1235 774 1272; x_wconf 86' lang='lat' dir='ltr'>spero</span> <span class='ocrx_word' id='word_1_156' title='bbox 799 1222 1135 1261; x_wconf 88' lang='lat' dir='ltr'>imbecillitatem</span> <span class='ocrx_word' id='word_1_157' title='bbox 1161 1235 1299 1261; x_wconf 87' lang='lat' dir='ltr'>meam</span> <span class='ocrx_word' id='word_1_158' title='bbox 1323 1223 1500 1272; x_wconf 86' lang='lat' dir='ltr'>benigne</span> <span class='ocrx_word' id='word_1_159' title='bbox 1520 1223 1734 1272; x_wconf 89' lang='lat' dir='ltr'>supporta-</span> <span class='ocrx_word' id='word_1_160' title='bbox 1755 1234 1795 1256; x_wconf 88' lang='lat'>20</span> 
     </span>
     <span class='ocr_line' id='line_1_18' title="bbox 140 1286 1735 1338; baseline -0.003 -9"><span class='ocrx_word' id='word_1_161' title='bbox 140 1292 296 1329; x_wconf 89' lang='lat' dir='ltr'>turum.</span> <span class='ocrx_word' id='word_1_162' title='bbox 353 1288 471 1337; x_wconf 77' lang='lat' dir='ltr'>Quod</span> <span class='ocrx_word' id='word_1_163' title='bbox 499 1289 540 1327; x_wconf 92' lang='lat' dir='ltr'>te</span> <span class='ocrx_word' id='word_1_164' title='bbox 568 1301 642 1338; x_wconf 91' lang='lat' dir='ltr'>per</span> <span class='ocrx_word' id='word_1_165' title='bbox 669 1287 865 1326; x_wconf 79' lang='lat' dir='ltr'>eximiam</span> <span class='ocrx_word' id='word_1_166' title='bbox 895 1287 1128 1326; x_wconf 87' lang='lat' dir='ltr'>Mineruam</span> <span class='ocrx_word' id='word_1_167' title='bbox 1156 1289 1285 1336; x_wconf 87' lang='lat' dir='ltr'>tuam,</span> <span class='ocrx_word' id='word_1_168' title='bbox 1308 1301 1380 1338; x_wconf 89' lang='lat' dir='ltr'>per</span> <span class='ocrx_word' id='word_1_169' title='bbox 1407 1287 1547 1326; x_wconf 86' lang='lat' dir='ltr'>Musas</span> <span class='ocrx_word' id='word_1_170' title='bbox 1576 1286 1735 1325; x_wconf 88' lang='lat' dir='ltr'>omneis</span> 
     </span>
     <span class='ocr_line' id='line_1_19' title="bbox 139 1352 1733 1404; baseline -0.003 -10"><span class='ocrx_word' id='word_1_171' title='bbox 139 1367 366 1404; x_wconf 88' lang='lat' dir='ltr'>omnesque</span> <span class='ocrx_word' id='word_1_172' title='bbox 405 1353 587 1392; x_wconf 87' lang='lat' dir='ltr'>obtestor</span> <span class='ocrx_word' id='word_1_173' title='bbox 626 1353 734 1401; x_wconf 88' lang='lat' dir='ltr'>deos,</span> <span class='ocrx_word' id='word_1_174' title='bbox 776 1366 857 1391; x_wconf 90' lang='lat' dir='ltr'>neu</span> <span class='ocrx_word' id='word_1_175' title='bbox 894 1352 1106 1391; x_wconf 88' lang='lat' dir='ltr'>Viterium</span> <span class='ocrx_word' id='word_1_176' title='bbox 1143 1366 1237 1392; x_wconf 90' lang='lat' dir='ltr'>vere</span> <span class='ocrx_word' id='word_1_177' title='bbox 1277 1354 1399 1392; x_wconf 91' lang='lat' dir='ltr'>tuum</span> <span class='ocrx_word' id='word_1_178' title='bbox 1437 1365 1606 1402; x_wconf 84' lang='lat' dir='ltr'>spernas</span> <span class='ocrx_word' id='word_1_179' title='bbox 1651 1366 1733 1391; x_wconf 91' lang='lat' dir='ltr'>neu</span> 
     </span>
     <span class='ocr_line' id='line_1_20' title="bbox 139 1421 312 1459; baseline -0.012 0"><span class='ocrx_word' id='word_1_180' title='bbox 139 1421 312 1459; x_wconf 86' lang='lat' dir='ltr'>deseras.</span> 
     </span>
    </p>

    <p class='ocr_par' dir='ltr' id='par_1_3' title="bbox 137 1482 1794 2446">
     <span class='ocr_line' id='line_1_21' title="bbox 193 1482 1735 1534; baseline -0.001 -11"><span class='ocrx_word' id='word_1_181' title='bbox 193 1485 281 1534; x_wconf 89' lang='lat' dir='ltr'>Ego</span> <span class='ocrx_word' id='word_1_182' title='bbox 313 1483 411 1533; x_wconf 88' lang='lat' dir='ltr'>quid</span> <span class='ocrx_word' id='word_1_183' title='bbox 443 1482 520 1521; x_wconf 89' lang='lat' dir='ltr'>tibi</span> <span class='ocrx_word' id='word_1_184' title='bbox 550 1482 777 1533; x_wconf 83' lang='lat' dir='ltr'>pollicerer,</span> <span class='ocrx_word' id='word_1_185' title='bbox 811 1496 906 1521; x_wconf 92' lang='lat' dir='ltr'>cum</span> <span class='ocrx_word' id='word_1_186' title='bbox 937 1484 1051 1522; x_wconf 90' lang='lat' dir='ltr'>totus</span> <span class='ocrx_word' id='word_1_187' title='bbox 1081 1484 1180 1521; x_wconf 91' lang='lat' dir='ltr'>tuus</span> <span class='ocrx_word' id='word_1_188' title='bbox 1211 1483 1302 1531; x_wconf 90' lang='lat' dir='ltr'>sim,</span> <span class='ocrx_word' id='word_1_189' title='bbox 1335 1485 1443 1521; x_wconf 90' lang='lat' dir='ltr'>certe</span> <span class='ocrx_word' id='word_1_190' title='bbox 1474 1496 1558 1521; x_wconf 91' lang='lat' dir='ltr'>non</span> <span class='ocrx_word' id='word_1_191' title='bbox 1589 1482 1735 1531; x_wconf 86' lang='lat' dir='ltr'>video余</span> 
     </span>
     <span class='ocr_line' id='line_1_22' title="bbox 138 1547 1794 1599; baseline -0.002 -11"><span class='ocrx_word' id='word_1_192' title='bbox 138 1549 221 1589; x_wconf 91' lang='lat' dir='ltr'>nisi</span> <span class='ocrx_word' id='word_1_193' title='bbox 248 1549 354 1588; x_wconf 89' lang='lat' dir='ltr'>forte</span> <span class='ocrx_word' id='word_1_194' title='bbox 383 1548 456 1599; x_wconf 87' lang='lat' dir='ltr'>qui</span> <span class='ocrx_word' id='word_1_195' title='bbox 484 1561 645 1597; x_wconf 89' lang='lat' dir='ltr'>semper</span> <span class='ocrx_word' id='word_1_196' title='bbox 674 1547 838 1598; x_wconf 84' lang='lat' dir='ltr'>aufugit</span> <span class='ocrx_word' id='word_1_197' title='bbox 866 1547 917 1586; x_wconf 90' lang='lat' dir='ltr'>ad</span> <span class='ocrx_word' id='word_1_198' title='bbox 946 1550 999 1594; x_wconf 82' lang='lat' dir='ltr'>te,</span> <span class='ocrx_word' id='word_1_199' title='bbox 1026 1547 1215 1586; x_wconf 88' lang='lat' dir='ltr'>animum</span> <span class='ocrx_word' id='word_1_200' title='bbox 1243 1561 1473 1598; x_wconf 87' lang='lat' dir='ltr'>syncerum,</span> <span class='ocrx_word' id='word_1_201' title='bbox 1498 1548 1730 1596; x_wconf 88' lang='lat' dir='ltr'>candidum,</span> <span class='ocrx_word' id='word_1_202' title='bbox 1755 1561 1794 1593; x_wconf 82' lang='lat'>25</span> 
     </span>
     <span class='ocr_line' id='line_1_23' title="bbox 138 1612 1735 1665; baseline -0.001 -12"><span class='ocrx_word' id='word_1_203' title='bbox 138 1614 376 1665; x_wconf 86' lang='lat' dir='ltr'>ingenuum.</span> <span class='ocrx_word' id='word_1_204' title='bbox 447 1613 543 1663; x_wconf 89' lang='lat' dir='ltr'>Ipse</span> <span class='ocrx_word' id='word_1_205' title='bbox 576 1612 706 1663; x_wconf 87' lang='lat' dir='ltr'>igitur</span> <span class='ocrx_word' id='word_1_206' title='bbox 738 1613 817 1651; x_wconf 87' lang='lat' dir='ltr'>tibi</span> <span class='ocrx_word' id='word_1_207' title='bbox 848 1614 943 1662; x_wconf 91' lang='lat' dir='ltr'>post</span> <span class='ocrx_word' id='word_1_208' title='bbox 976 1612 1258 1652; x_wconf 88' lang='lat' dir='ltr'>immortalem</span> <span class='ocrx_word' id='word_1_209' title='bbox 1293 1613 1429 1651; x_wconf 90' lang='lat' dir='ltr'>Deum</span> <span class='ocrx_word' id='word_1_210' title='bbox 1468 1614 1735 1663; x_wconf 90' lang='lat' dir='ltr'>praecipuum</span> 
     </span>
     <span class='ocr_line' id='line_1_24' title="bbox 138 1677 1731 1728; baseline -0.002 -9"><span class='ocrx_word' id='word_1_211' title='bbox 138 1693 184 1719; x_wconf 86' lang='lat' dir='ltr'>ac</span> <span class='ocrx_word' id='word_1_212' title='bbox 206 1692 420 1718; x_wconf 91' lang='lat' dir='ltr'>summum</span> <span class='ocrx_word' id='word_1_213' title='bbox 446 1691 639 1725; x_wconf 85' lang='lat' dir='ltr'>amorem,</span> <span class='ocrx_word' id='word_1_214' title='bbox 663 1677 971 1716; x_wconf 89' lang='lat' dir='ltr'>obseruantiam</span> <span class='ocrx_word' id='word_1_215' title='bbox 1001 1678 1241 1728; x_wconf 89' lang='lat' dir='ltr'>cultumque</span> <span class='ocrx_word' id='word_1_216' title='bbox 1268 1678 1393 1716; x_wconf 86' lang='lat' dir='ltr'>offero</span> <span class='ocrx_word' id='word_1_217' title='bbox 1408 1693 1418 1725; x_wconf 89' lang='lat'>余</span> <span class='ocrx_word' id='word_1_218' title='bbox 1448 1680 1493 1716; x_wconf 91' lang='lat' dir='ltr'>tu</span> <span class='ocrx_word' id='word_1_219' title='bbox 1520 1680 1731 1727; x_wconf 89' lang='lat' dir='ltr'>patronus,</span> 
     </span>
     <span class='ocr_line' id='line_1_25' title="bbox 138 1742 1735 1794; baseline -0.002 -11"><span class='ocrx_word' id='word_1_220' title='bbox 138 1747 186 1784; x_wconf 92' lang='lat' dir='ltr'>tu</span> <span class='ocrx_word' id='word_1_221' title='bbox 205 1745 450 1794; x_wconf 88' lang='lat' dir='ltr'>praeceptor,</span> <span class='ocrx_word' id='word_1_222' title='bbox 473 1745 521 1781; x_wconf 93' lang='lat' dir='ltr'>tu</span> <span class='ocrx_word' id='word_1_223' title='bbox 541 1745 665 1792; x_wconf 86' lang='lat' dir='ltr'>pater,</span> <span class='ocrx_word' id='word_1_224' title='bbox 690 1743 867 1792; x_wconf 80' lang='lat' dir='ltr'>denique</span> <span class='ocrx_word' id='word_1_225' title='bbox 893 1745 941 1781; x_wconf 90' lang='lat' dir='ltr'>tu</span> <span class='ocrx_word' id='word_1_226' title='bbox 970 1743 1078 1781; x_wconf 90' lang='lat' dir='ltr'>mihi</span> <span class='ocrx_word' id='word_1_227' title='bbox 1104 1745 1317 1782; x_wconf 90' lang='lat' dir='ltr'>terrenum</span> <span class='ocrx_word' id='word_1_228' title='bbox 1337 1756 1506 1791; x_wconf 88' lang='lat' dir='ltr'>numen,</span> <span class='ocrx_word' id='word_1_229' title='bbox 1528 1756 1552 1780; x_wconf 95' lang='lat' dir='ltr'>o</span> <span class='ocrx_word' id='word_1_230' title='bbox 1572 1742 1735 1781; x_wconf 85' lang='lat' dir='ltr'>vtinam</span> 
     </span>
     <span class='ocr_line' id='line_1_26' title="bbox 140 1807 1734 1858; baseline -0.001 -10"><span class='ocrx_word' id='word_1_231' title='bbox 140 1808 377 1848; x_wconf 89' lang='lat' dir='ltr'>immortale</span> <span class='ocrx_word' id='word_1_232' title='bbox 404 1810 675 1858; x_wconf 89' lang='lat' dir='ltr'>eternumque</span> <span class='ocrx_word' id='word_1_233' title='bbox 703 1807 906 1846; x_wconf 80' lang='lat' dir='ltr'>dixerim!</span> <span class='ocrx_word' id='word_1_234' title='bbox 967 1808 1046 1846; x_wconf 86' lang='lat' dir='ltr'>Sed</span> <span class='ocrx_word' id='word_1_235' title='bbox 1075 1821 1148 1846; x_wconf 89' lang='lat' dir='ltr'>cur</span> <span class='ocrx_word' id='word_1_236' title='bbox 1177 1821 1262 1846; x_wconf 91' lang='lat' dir='ltr'>non</span> <span class='ocrx_word' id='word_1_237' title='bbox 1290 1808 1345 1856; x_wconf 92' lang='lat' dir='ltr'>id,</span> <span class='ocrx_word' id='word_1_238' title='bbox 1377 1821 1535 1857; x_wconf 86' lang='lat' dir='ltr'>quaeso,</span> <span class='ocrx_word' id='word_1_239' title='bbox 1567 1807 1734 1846; x_wconf 91' lang='lat' dir='ltr'>diuinae</span> 
     </span>
     <span class='ocr_line' id='line_1_27' title="bbox 140 1866 1793 1920; baseline -0.001 -7"><span class='ocrx_word' id='word_1_240' title='bbox 140 1875 234 1913; x_wconf 83' lang='lat' dir='ltr'>illae</span> <span class='ocrx_word' id='word_1_241' title='bbox 278 1866 449 1920; x_wconf 85' lang='lat' dir='ltr'>litterae,</span> <span class='ocrx_word' id='word_1_242' title='bbox 489 1885 586 1910; x_wconf 89' lang='lat' dir='ltr'>vere</span> <span class='ocrx_word' id='word_1_243' title='bbox 627 1872 820 1910; x_wconf 91' lang='lat' dir='ltr'>diuinum</span> <span class='ocrx_word' id='word_1_244' title='bbox 863 1872 1091 1920; x_wconf 86' lang='lat' dir='ltr'>ingenium,</span> <span class='ocrx_word' id='word_1_245' title='bbox 1134 1872 1384 1911; x_wconf 86' lang='lat' dir='ltr'>immortalis</span> <span class='ocrx_word' id='word_1_246' title='bbox 1427 1872 1602 1920; x_wconf 88' lang='lat' dir='ltr'>animus,</span> <span class='ocrx_word' id='word_1_247' title='bbox 1644 1872 1733 1910; x_wconf 90' lang='lat' dir='ltr'>iure</span> <span class='ocrx_word' id='word_1_248' title='bbox 1752 1881 1793 1912; x_wconf 83' lang='lat'>30</span> 
     </span>
     <span class='ocr_line' id='line_1_28' title="bbox 138 1936 1733 1988; baseline -0.001 -10"><span class='ocrx_word' id='word_1_249' title='bbox 138 1939 333 1979; x_wconf 90' lang='lat' dir='ltr'>diuinum</span> <span class='ocrx_word' id='word_1_250' title='bbox 364 1939 406 1976; x_wconf 92' lang='lat' dir='ltr'>te</span> <span class='ocrx_word' id='word_1_251' title='bbox 434 1936 712 1975; x_wconf 85' lang='lat' dir='ltr'>immortalem</span> <span class='ocrx_word' id='word_1_252' title='bbox 743 1938 1012 1986; x_wconf 91' lang='lat' dir='ltr'>eternumque</span> <span class='ocrx_word' id='word_1_253' title='bbox 1039 1937 1232 1977; x_wconf 78' lang='lat' dir='ltr'>faciunt?</span> <span class='ocrx_word' id='word_1_254' title='bbox 1287 1938 1408 1988; x_wconf 84' lang='lat' dir='ltr'>Ergo,</span> <span class='ocrx_word' id='word_1_255' title='bbox 1443 1937 1733 1976; x_wconf 88' lang='lat' dir='ltr'>candidissime</span> 
     </span>
     <span class='ocr_line' id='line_1_29' title="bbox 137 2001 1732 2052; baseline -0.001 -9"><span class='ocrx_word' id='word_1_256' title='bbox 137 2018 183 2043; x_wconf 91' lang='lat' dir='ltr'>ac</span> <span class='ocrx_word' id='word_1_257' title='bbox 220 2002 466 2043; x_wconf 89' lang='lat' dir='ltr'>suauissime</span> <span class='ocrx_word' id='word_1_258' title='bbox 504 2004 750 2052; x_wconf 87' lang='lat' dir='ltr'>praeceptor,</span> <span class='ocrx_word' id='word_1_259' title='bbox 787 2003 823 2040; x_wconf 88' lang='lat' dir='ltr'>si</span> <span class='ocrx_word' id='word_1_260' title='bbox 861 2001 959 2052; x_wconf 90' lang='lat' dir='ltr'>quid</span> <span class='ocrx_word' id='word_1_261' title='bbox 996 2015 1020 2040; x_wconf 90' lang='lat' dir='ltr'>a</span> <span class='ocrx_word' id='word_1_262' title='bbox 1057 2002 1212 2041; x_wconf 90' lang='lat' dir='ltr'>diuinis</span> <span class='ocrx_word' id='word_1_263' title='bbox 1250 2003 1400 2041; x_wconf 90' lang='lat' dir='ltr'>studiis</span> <span class='ocrx_word' id='word_1_264' title='bbox 1438 2002 1517 2041; x_wconf 92' lang='lat' dir='ltr'>ocii</span> <span class='ocrx_word' id='word_1_265' title='bbox 1555 2005 1628 2051; x_wconf 91' lang='lat' dir='ltr'>est,</span> <span class='ocrx_word' id='word_1_266' title='bbox 1668 2002 1732 2041; x_wconf 83' lang='lat' dir='ltr'>fac</span> 
     </span>
     <span class='ocr_line' id='line_1_30' title="bbox 138 2067 1732 2118; baseline -0.002 -10"><span class='ocrx_word' id='word_1_267' title='bbox 138 2068 287 2109; x_wconf 81' lang='lat' dir='ltr'>Viterii</span> <span class='ocrx_word' id='word_1_268' title='bbox 315 2069 378 2107; x_wconf 92' lang='lat' dir='ltr'>tui</span> <span class='ocrx_word' id='word_1_269' title='bbox 410 2080 714 2117; x_wconf 89' lang='lat' dir='ltr'>nonnunquam</span> <span class='ocrx_word' id='word_1_270' title='bbox 743 2067 992 2105; x_wconf 87' lang='lat' dir='ltr'>memineris.</span> <span class='ocrx_word' id='word_1_271' title='bbox 1048 2068 1249 2117; x_wconf 86' lang='lat' dir='ltr'>Magnum</span> <span class='ocrx_word' id='word_1_272' title='bbox 1279 2067 1386 2105; x_wconf 90' lang='lat' dir='ltr'>mihi</span> <span class='ocrx_word' id='word_1_273' title='bbox 1414 2068 1630 2118; x_wconf 87' lang='lat' dir='ltr'>praeconio</span> <span class='ocrx_word' id='word_1_274' title='bbox 1660 2068 1732 2105; x_wconf 89' lang='lat' dir='ltr'>tuo</span> 
     </span>
     <span class='ocr_line' id='line_1_31' title="bbox 138 2132 1732 2184; baseline -0.001 -10"><span class='ocrx_word' id='word_1_275' title='bbox 138 2136 420 2184; x_wconf 88' lang='lat' dir='ltr'>honoremque</span> <span class='ocrx_word' id='word_1_276' title='bbox 455 2145 640 2183; x_wconf 89' lang='lat' dir='ltr'>onusque</span> <span class='ocrx_word' id='word_1_277' title='bbox 672 2132 920 2183; x_wconf 88' lang='lat' dir='ltr'>imposuisti.</span> <span class='ocrx_word' id='word_1_278' title='bbox 991 2133 1035 2172; x_wconf 84' lang='lat' dir='ltr'>Si</span> <span class='ocrx_word' id='word_1_279' title='bbox 1068 2133 1166 2183; x_wconf 91' lang='lat' dir='ltr'>quid</span> <span class='ocrx_word' id='word_1_280' title='bbox 1199 2134 1267 2172; x_wconf 84' lang='lat' dir='ltr'>vel</span> <span class='ocrx_word' id='word_1_281' title='bbox 1303 2133 1548 2171; x_wconf 88' lang='lat' dir='ltr'>breuissime</span> <span class='ocrx_word' id='word_1_282' title='bbox 1579 2134 1630 2172; x_wconf 89' lang='lat' dir='ltr'>ad</span> <span class='ocrx_word' id='word_1_283' title='bbox 1664 2146 1732 2172; x_wconf 89' lang='lat' dir='ltr'>me</span> 
     </span>
     <span class='ocr_line' id='line_1_32' title="bbox 137 2197 1789 2250; baseline -0.002 -11"><span class='ocrx_word' id='word_1_284' title='bbox 137 2199 352 2250; x_wconf 85' lang='lat' dir='ltr'>scripseris</span> <span class='ocrx_word' id='word_1_285' title='bbox 389 2198 455 2248; x_wconf 87' lang='lat' dir='ltr'>(ne</span> <span class='ocrx_word' id='word_1_286' title='bbox 491 2211 558 2236; x_wconf 92' lang='lat' dir='ltr'>me</span> <span class='ocrx_word' id='word_1_287' title='bbox 595 2197 670 2236; x_wconf 87' lang='lat' dir='ltr'>abs</span> <span class='ocrx_word' id='word_1_288' title='bbox 701 2199 743 2235; x_wconf 91' lang='lat' dir='ltr'>te</span> <span class='ocrx_word' id='word_1_289' title='bbox 778 2197 987 2236; x_wconf 90' lang='lat' dir='ltr'>desertum</span> <span class='ocrx_word' id='word_1_290' title='bbox 1019 2198 1197 2248; x_wconf 88' lang='lat' dir='ltr'>putent),</span> <span class='ocrx_word' id='word_1_291' title='bbox 1238 2198 1322 2236; x_wconf 89' lang='lat' dir='ltr'>tuis</span> <span class='ocrx_word' id='word_1_292' title='bbox 1354 2198 1404 2236; x_wconf 91' lang='lat' dir='ltr'>de</span> <span class='ocrx_word' id='word_1_293' title='bbox 1438 2212 1505 2236; x_wconf 90' lang='lat' dir='ltr'>me</span> <span class='ocrx_word' id='word_1_294' title='bbox 1538 2198 1731 2237; x_wconf 88' lang='lat' dir='ltr'>laudibus</span> <span class='ocrx_word' id='word_1_295' title='bbox 1750 2207 1789 2240; x_wconf 81' lang='lat'>35</span> 
     </span>
     <span class='ocr_line' id='line_1_33' title="bbox 137 2261 1731 2315; baseline -0.002 -11"><span class='ocrx_word' id='word_1_296' title='bbox 137 2264 384 2315; x_wconf 89' lang='lat' dir='ltr'>respondere</span> <span class='ocrx_word' id='word_1_297' title='bbox 407 2263 529 2312; x_wconf 88' lang='lat' dir='ltr'>longe</span> <span class='ocrx_word' id='word_1_298' title='bbox 552 2262 659 2300; x_wconf 91' lang='lat' dir='ltr'>mihi</span> <span class='ocrx_word' id='word_1_299' title='bbox 684 2261 810 2301; x_wconf 90' lang='lat' dir='ltr'>fuerit</span> <span class='ocrx_word' id='word_1_300' title='bbox 835 2262 1023 2311; x_wconf 76' lang='lat' dir='ltr'>facilius3</span> <span class='ocrx_word' id='word_1_301' title='bbox 1051 2263 1087 2301; x_wconf 88' lang='lat' dir='ltr'>si</span> <span class='ocrx_word' id='word_1_302' title='bbox 1106 2276 1336 2314; x_wconf 87' lang='lat' dir='ltr'>cognouero</span> <span class='ocrx_word' id='word_1_303' title='bbox 1361 2265 1403 2301; x_wconf 91' lang='lat' dir='ltr'>te</span> <span class='ocrx_word' id='word_1_304' title='bbox 1428 2264 1533 2302; x_wconf 89' lang='lat' dir='ltr'>meis</span> <span class='ocrx_word' id='word_1_305' title='bbox 1550 2262 1731 2302; x_wconf 89' lang='lat' dir='ltr'>literulis</span> 
     </span>
     <span class='ocr_line' id='line_1_34' title="bbox 139 2327 1730 2380; baseline -0.002 -11"><span class='ocrx_word' id='word_1_306' title='bbox 139 2344 223 2369; x_wconf 91' lang='lat' dir='ltr'>non</span> <span class='ocrx_word' id='word_1_307' title='bbox 242 2328 469 2380; x_wconf 81' lang='lat' dir='ltr'>(grauari),</span> <span class='ocrx_word' id='word_1_308' title='bbox 485 2330 640 2378; x_wconf 89' lang='lat' dir='ltr'>quanto</span> <span class='ocrx_word' id='word_1_309' title='bbox 657 2327 753 2366; x_wconf 90' lang='lat' dir='ltr'>olim</span> <span class='ocrx_word' id='word_1_310' title='bbox 768 2328 831 2366; x_wconf 92' lang='lat' dir='ltr'>fui</span> <span class='ocrx_word' id='word_1_311' title='bbox 845 2328 1065 2376; x_wconf 86' lang='lat' dir='ltr'>remissior,</span> <span class='ocrx_word' id='word_1_312' title='bbox 1080 2330 1200 2367; x_wconf 90' lang='lat' dir='ltr'>tanto</span> <span class='ocrx_word' id='word_1_313' title='bbox 1213 2342 1280 2367; x_wconf 91' lang='lat' dir='ltr'>me</span> <span class='ocrx_word' id='word_1_314' title='bbox 1294 2341 1405 2367; x_wconf 90' lang='lat' dir='ltr'>nunc</span> <span class='ocrx_word' id='word_1_315' title='bbox 1421 2328 1730 2379; x_wconf 89' lang='lat' dir='ltr'>diligentiorem</span> 
     </span>
     <span class='ocr_line' id='line_1_35' title="bbox 140 2396 325 2446; baseline -0.005 -12"><span class='ocrx_word' id='word_1_316' title='bbox 140 2396 325 2446; x_wconf 85' lang='lat' dir='ltr'>reperies.</span> 
     </span>
    </p>

    <p class='ocr_par' dir='ltr' id='par_1_4' title="bbox 138 2458 1790 2704">
     <span class='ocr_line' id='line_1_36' title="bbox 194 2458 1730 2507; baseline -0.001 -8"><span class='ocrx_word' id='word_1_317' title='bbox 194 2461 255 2499; x_wconf 90' lang='lat' dir='ltr'>De</span> <span class='ocrx_word' id='word_1_318' title='bbox 284 2460 452 2498; x_wconf 87' lang='lat' dir='ltr'>fortuna</span> <span class='ocrx_word' id='word_1_319' title='bbox 481 2460 623 2497; x_wconf 88' lang='lat' dir='ltr'>nostra</span> <span class='ocrx_word' id='word_1_320' title='bbox 653 2458 722 2497; x_wconf 93' lang='lat' dir='ltr'>hic</span> <span class='ocrx_word' id='word_1_321' title='bbox 753 2459 861 2497; x_wconf 91' lang='lat' dir='ltr'>nihil</span> <span class='ocrx_word' id='word_1_322' title='bbox 890 2471 1003 2497; x_wconf 92' lang='lat' dir='ltr'>nunc</span> <span class='ocrx_word' id='word_1_323' title='bbox 1030 2459 1082 2497; x_wconf 89' lang='lat' dir='ltr'>ad</span> <span class='ocrx_word' id='word_1_324' title='bbox 1112 2460 1153 2497; x_wconf 93' lang='lat' dir='ltr'>te</span> <span class='ocrx_word' id='word_1_325' title='bbox 1181 2459 1341 2507; x_wconf 89' lang='lat' dir='ltr'>scribo余</span> <span class='ocrx_word' id='word_1_326' title='bbox 1382 2462 1443 2498; x_wconf 89' lang='lat' dir='ltr'>est</span> <span class='ocrx_word' id='word_1_327' title='bbox 1471 2459 1583 2497; x_wconf 92' lang='lat' dir='ltr'>enim</span> <span class='ocrx_word' id='word_1_328' title='bbox 1613 2459 1730 2497; x_wconf 82' lang='lat' dir='ltr'>iuxta</span> 
     </span>
     <span class='ocr_line' id='line_1_37' title="bbox 138 2523 1790 2574; baseline -0.001 -10"><span class='ocrx_word' id='word_1_329' title='bbox 138 2524 387 2564; x_wconf 86' lang='lat' dir='ltr'>tenuitatem</span> <span class='ocrx_word' id='word_1_330' title='bbox 425 2525 611 2562; x_wconf 87' lang='lat' dir='ltr'>nostram</span> <span class='ocrx_word' id='word_1_331' title='bbox 649 2523 878 2572; x_wconf 89' lang='lat' dir='ltr'>mediocris,</span> <span class='ocrx_word' id='word_1_332' title='bbox 921 2524 993 2562; x_wconf 90' lang='lat' dir='ltr'>sed</span> <span class='ocrx_word' id='word_1_333' title='bbox 1036 2523 1208 2562; x_wconf 87' lang='lat' dir='ltr'>meliora</span> <span class='ocrx_word' id='word_1_334' title='bbox 1252 2524 1392 2562; x_wconf 87' lang='lat' dir='ltr'>omnia</span> <span class='ocrx_word' id='word_1_335' title='bbox 1433 2537 1644 2574; x_wconf 88' lang='lat' dir='ltr'>speramus</span> <span class='ocrx_word' id='word_1_336' title='bbox 1687 2525 1730 2562; x_wconf 87' lang='lat' dir='ltr'>et</span> <span class='ocrx_word' id='word_1_337' title='bbox 1746 2531 1790 2565; x_wconf 84' lang='lat'>40</span> 
     </span>
     <span class='ocr_line' id='line_1_38' title="bbox 141 2587 1728 2628; baseline -0.001 0"><span class='ocrx_word' id='word_1_338' title='bbox 141 2589 341 2628; x_wconf 85' lang='lat' dir='ltr'>maiorem</span> <span class='ocrx_word' id='word_1_339' title='bbox 398 2587 606 2626; x_wconf 88' lang='lat' dir='ltr'>scribendi</span> <span class='ocrx_word' id='word_1_340' title='bbox 653 2588 917 2626; x_wconf 89' lang='lat' dir='ltr'>occasionem.</span> <span class='ocrx_word' id='word_1_341' title='bbox 1003 2587 1093 2626; x_wconf 93' lang='lat' dir='ltr'>Hec</span> <span class='ocrx_word' id='word_1_342' title='bbox 1139 2589 1306 2626; x_wconf 89' lang='lat' dir='ltr'>tantum</span> <span class='ocrx_word' id='word_1_343' title='bbox 1355 2588 1541 2627; x_wconf 82' lang='lat' dir='ltr'>dixerim.</span> <span class='ocrx_word' id='word_1_344' title='bbox 1620 2589 1728 2627; x_wconf 82' lang='lat' dir='ltr'>Cum</span> 
     </span>
     <span class='ocr_line' id='line_1_39' title="bbox 139 2651 1728 2704; baseline -0.001 -11"><span class='ocrx_word' id='word_1_345' title='bbox 139 2654 325 2704; x_wconf 89' lang='lat' dir='ltr'>primum</span> <span class='ocrx_word' id='word_1_346' title='bbox 358 2652 440 2691; x_wconf 90' lang='lat' dir='ltr'>huc</span> <span class='ocrx_word' id='word_1_347' title='bbox 471 2665 539 2690; x_wconf 91' lang='lat' dir='ltr'>me</span> <span class='ocrx_word' id='word_1_348' title='bbox 573 2651 723 2701; x_wconf 88' lang='lat' dir='ltr'>appuli,</span> <span class='ocrx_word' id='word_1_349' title='bbox 758 2651 844 2701; x_wconf 90' lang='lat' dir='ltr'>ipse</span> <span class='ocrx_word' id='word_1_350' title='bbox 875 2664 1029 2701; x_wconf 88' lang='lat' dir='ltr'>egenus</span> <span class='ocrx_word' id='word_1_351' title='bbox 1062 2652 1275 2702; x_wconf 88' lang='lat' dir='ltr'>inopsque,</span> <span class='ocrx_word' id='word_1_352' title='bbox 1309 2654 1355 2691; x_wconf 86' lang='lat' dir='ltr'>vt</span> <span class='ocrx_word' id='word_1_353' title='bbox 1388 2653 1506 2691; x_wconf 88' lang='lat' dir='ltr'>facile</span> <span class='ocrx_word' id='word_1_354' title='bbox 1541 2652 1728 2691; x_wconf 90' lang='lat' dir='ltr'>diuinare</span> 
     </span>
    </p>
   </div>
   <div class='ocr_carea' id='block_1_3' title="bbox 138 2770 1732 2852">
    <p class='ocr_par' dir='ltr' id='par_1_5' title="bbox 138 2770 1732 2852">
     <span class='ocr_line' id='line_1_40' title="bbox 186 2770 1732 2812; baseline -0.001 -10"><span class='ocrx_word' id='word_1_355' title='bbox 186 2782 234 2812; x_wconf 89' lang='lat'>17.</span> <span class='ocrx_word' id='word_1_356' title='bbox 260 2771 352 2802; x_wconf 90' lang='lat' dir='ltr'>mihi</span> <span class='ocrx_word' id='word_1_357' title='bbox 366 2773 438 2801; x_wconf 88' lang='lat' dir='ltr'>LB:</span> <span class='ocrx_word' id='word_1_358' title='bbox 463 2780 519 2801; x_wconf 90' lang='lat' dir='ltr'>me</span> <span class='ocrx_word' id='word_1_359' title='bbox 534 2772 603 2801; x_wconf 79' lang='lat' dir='ltr'>MS.</span> <span class='ocrx_word' id='word_1_360' title='bbox 721 2771 756 2799; x_wconf 85' lang='lat' dir='ltr'>et</span> <span class='ocrx_word' id='word_1_361' title='bbox 771 2771 892 2808; x_wconf 77' lang='lat' dir='ltr'>scripsi,</span> <span class='ocrx_word' id='word_1_362' title='bbox 911 2771 947 2806; x_wconf 87' lang='lat' dir='ltr'>cs.</span> <span class='ocrx_word' id='word_1_363' title='bbox 967 2772 1026 2806; x_wconf 83' lang='lat' dir='ltr'>Ep.</span> <span class='ocrx_word' id='word_1_364' title='bbox 1045 2770 1119 2808; x_wconf 86' lang='lat'>328.</span> <span class='ocrx_word' id='word_1_365' title='bbox 1141 2779 1193 2809; x_wconf 89' lang='lat'>27,</span> <span class='ocrx_word' id='word_1_366' title='bbox 1212 2779 1272 2808; x_wconf 85' lang='lat'>40:</span> <span class='ocrx_word' id='word_1_367' title='bbox 1297 2772 1336 2801; x_wconf 89' lang='lat' dir='ltr'>vt</span> <span class='ocrx_word' id='word_1_368' title='bbox 1352 2774 1420 2802; x_wconf 78' lang='lat' dir='ltr'>MS.</span> <span class='ocrx_word' id='word_1_369' title='bbox 1582 2782 1634 2812; x_wconf 87' lang='lat'>37.</span> <span class='ocrx_word' id='word_1_370' title='bbox 1658 2775 1732 2804; x_wconf 79' lang='lat' dir='ltr'>Post</span> 
     </span>
     <span class='ocr_line' id='line_1_41' title="bbox 138 2815 905 2852; baseline -0.008 -4"><span class='ocrx_word' id='word_1_371' title='bbox 138 2825 211 2847; x_wconf 86' lang='lat' dir='ltr'>non</span> <span class='ocrx_word' id='word_1_372' title='bbox 228 2819 308 2847; x_wconf 75' lang='lat' dir='ltr'>deest</span> <span class='ocrx_word' id='word_1_373' title='bbox 321 2816 444 2852; x_wconf 73' lang='lat' dir='ltr'>aliquid</span> <span class='ocrx_word' id='word_1_374' title='bbox 454 2824 511 2851; x_wconf 80' lang='lat' dir='ltr'>per</span> <span class='ocrx_word' id='word_1_375' title='bbox 525 2816 651 2850; x_wconf 81' lang='lat' dir='ltr'>lapsum</span> <span class='ocrx_word' id='word_1_376' title='bbox 667 2815 703 2843; x_wconf 83' lang='lat' dir='ltr'>in</span> <span class='ocrx_word' id='word_1_377' title='bbox 711 2815 777 2849; x_wconf 75' lang='lat' dir='ltr'>fine</span> <span class='ocrx_word' id='word_1_378' title='bbox 791 2823 905 2843; x_wconf 79' lang='lat' dir='ltr'>versus.</span> 
     </span>
    </p>
   </div>
   <div class='ocr_carea' id='block_1_4' title="bbox 186 2933 1688 3017">
    <p class='ocr_par' dir='ltr' id='par_1_6' title="bbox 186 2933 1688 3017">
     <span class='ocr_line' id='line_1_42' title="bbox 186 2933 1688 2976; baseline 0.002 -11"><span class='ocrx_word' id='word_1_379' title='bbox 186 2945 235 2974; x_wconf 88' lang='lat'>13.</span> <span class='ocrx_word' id='word_1_380' title='bbox 262 2934 386 2976; x_wconf 86' lang='lat' dir='ltr'>tricas]</span> <span class='ocrx_word' id='word_1_381' title='bbox 412 2934 516 2966; x_wconf 81' lang='lat' dir='ltr'>Mart.</span> <span class='ocrx_word' id='word_1_382' title='bbox 538 2944 586 2973; x_wconf 88' lang='lat'>14.</span> <span class='ocrx_word' id='word_1_383' title='bbox 608 2943 637 2965; x_wconf 91' lang='lat'>1.</span> <span class='ocrx_word' id='word_1_384' title='bbox 655 2943 682 2973; x_wconf 91' lang='lat'>7.</span> <span class='ocrx_word' id='word_1_385' title='bbox 1018 2943 1068 2973; x_wconf 88' lang='lat'>19.</span> <span class='ocrx_word' id='word_1_386' title='bbox 1098 2933 1137 2964; x_wconf 87' lang='lat' dir='ltr'>in</span> <span class='ocrx_word' id='word_1_387' title='bbox 1152 2933 1285 2975; x_wconf 85' lang='lat' dir='ltr'>patria]</span> <span class='ocrx_word' id='word_1_388' title='bbox 1311 2934 1362 2967; x_wconf 90' lang='lat' dir='ltr'>Cf.</span> <span class='ocrx_word' id='word_1_389' title='bbox 1383 2935 1446 2976; x_wconf 88' lang='lat' dir='ltr'>Ep.</span> <span class='ocrx_word' id='word_1_390' title='bbox 1467 2936 1542 2976; x_wconf 87' lang='lat'>528.</span> <span class='ocrx_word' id='word_1_391' title='bbox 1563 2946 1603 2968; x_wconf 88' lang='lat'>10</span> <span class='ocrx_word' id='word_1_392' title='bbox 1618 2946 1688 2976; x_wconf 87' lang='lat' dir='ltr'>seq.</span> 
     </span>
     <span class='ocr_line' id='line_1_43' title="bbox 680 2975 1186 3017; baseline 0.004 -10"><span class='ocrx_word' id='word_1_393' title='bbox 680 2986 727 3017; x_wconf 88' lang='lat'>19.</span> <span class='ocrx_word' id='word_1_394' title='bbox 756 2975 960 3017; x_wconf 84' lang='lat' dir='ltr'>praeconio]</span> <span class='ocrx_word' id='word_1_395' title='bbox 979 2976 1032 3009; x_wconf 89' lang='lat' dir='ltr'>Cf.</span> <span class='ocrx_word' id='word_1_396' title='bbox 1050 2977 1114 3017; x_wconf 91' lang='lat' dir='ltr'>Ep.</span> <span class='ocrx_word' id='word_1_397' title='bbox 1131 2978 1186 3009; x_wconf 89' lang='lat'>66.</span> 
     </span>
    </p>
   </div>
  </div>
 </body>
</html>
