2010 3464
67 211 166 266 3¹9]
532 213 686 253 FROM
724 212 946 254 ULRICH
990 212 1191 253 ZASIUS
1610 214 1661 252 43

64 324 229 362 nostrae
261 322 498 373 prouinciae
534 335 691 373 regens,
725 321 973 370 testabitur3
1015 322 1066 361 ad
1100 322 1227 371 cuius,
1260 324 1306 362 vt
1339 323 1489 362 veteris
1527 323 1661 371 amici,
1683 338 1720 370 25

64 400 235 428 coenam
265 401 361 427 cum
390 388 468 427 hoc
499 388 662 428 dierum
693 387 737 427 in
768 387 918 438 oppido
948 387 1187 427 Ensisheim
1217 387 1291 437 (ibi
1320 389 1433 427 enim
1460 389 1662 437 moratur)

64 456 234 494 vocatus
262 454 457 502 adessem,
488 455 582 493 tuas
611 452 952 503 incomparabiles
980 453 1096 493 dotes
1124 453 1248 503 (quod
1280 466 1442 504 semper
1470 454 1588 502 facio)
1616 454 1661 492 in

63 521 225 569 partem
253 519 470 570 epularum
498 518 646 557 citaui:
679 520 803 568 atque
831 517 888 557 ita
917 518 1041 557 citaui
1069 521 1126 567 vt,
1158 532 1252 557 cum
1280 519 1370 568 ipsa
1397 518 1507 558 vltro
1537 531 1661 557 coena

65 598 189 624 omne
200 597 331 635 genus
344 583 512 622 ferculis
526 583 769 633 splenderet,
786 585 856 622 tua
869 585 1009 622 tamen
1025 584 1194 623 nomina
1207 584 1416 634 splendori
1431 584 1660 623 auctarium

63 652 105 690 et
134 649 301 701 quidem
329 648 597 688 memorabile
624 647 886 687 addiderunt.
942 648 1161 698 Ignorauit
1188 649 1477 700 Hieronymus
1504 651 1592 689 tam
1620 652 1660 688 te
1680 662 1721 694 30

64 715 184 755 nobis
201 714 387 753 vicinum
407 726 540 763 agere,
555 712 853 763 imprecarique
872 713 1060 752 fortunae
1073 713 1293 753 videbatur
1312 715 1422 765 quod
1438 716 1578 754 tantus
1598 714 1661 753 vir

62 781 150 819 tam
179 779 250 819 diu
279 792 376 817 eum
404 778 528 829 (quod
557 778 733 817 minime
761 777 944 827 decebat)
972 777 1170 818 latuisset.
1231 779 1276 818 Is
1304 779 1382 818 tibi
1410 780 1547 819 notior
1572 792 1661 818 esse

63 845 187 895 cupit,
220 843 377 883 amicus
400 856 489 883 esse
517 843 759 894 desyderat3
799 843 844 882 in
873 845 968 882 tuas
994 843 1108 882 ardet
1131 842 1287 893 literas,
1311 844 1461 894 quibus
1489 847 1535 883 vt
1563 857 1660 884 eum

62 909 276 960 impartias
300 911 342 948 et
368 922 468 959 rogo
488 910 528 947 et
552 908 706 948 hortor.
765 907 841 947 Vir
863 910 926 948 est
952 910 993 947 et
1013 908 1117 948 iuris
1134 909 1413 959 peritissimus
1433 911 1472 947 et
1492 909 1661 959 insuper

61 975 257 1014 omnibus
278 974 552 1014 humanitatis
571 974 719 1014 studiis
737 987 788 1013 ex
805 973 896 1025 pari
916 974 1059 1014 doctus
1074 990 1084 1023 3
1112 976 1165 1022 et,
1188 977 1234 1014 vt
1254 974 1381 1014 verbo
1400 974 1544 1023 dicam,
1564 988 1660 1014 eum
1680 986 1719 1019 35

61 1041 285 1092 comperies
324 1040 645 1091 Hieronymum,
677 1052 802 1090 quem
829 1053 905 1090 pro
933 1052 1008 1078 sua
1041 1039 1212 1079 iuuenta
1245 1040 1336 1090 (nec
1365 1040 1479 1079 enim
1507 1040 1660 1079 tricesi-

61 1119 180 1146 mum
199 1119 358 1146 annum
372 1106 472 1157 agit)
486 1105 559 1144 vix
573 1105 705 1144 alium
726 1105 952 1144 Germania
971 1107 1115 1144 nostra
1132 1105 1318 1156 superior
1333 1105 1415 1144 tibi
1434 1104 1657 1145 exhibebit.

115 1171 232 1220 Quod
252 1172 302 1210 ad
322 1185 389 1210 me
408 1171 569 1220 attinet,
592 1171 651 1210 ita
671 1170 790 1209 Zasio
808 1171 937 1209 vtitor
955 1172 1002 1210 vt
1021 1184 1141 1210 seruo
1161 1184 1183 1210 a
1202 1171 1387 1221 pedibus.
1435 1170 1526 1210 Iam
1548 1171 1661 1210 enim

61 1249 129 1276 me
162 1236 389 1276 candidiori
419 1236 557 1275 hostia
590 1236 731 1275 litasse
758 1235 924 1286 putabo,
956 1235 991 1274 si
1019 1249 1086 1275 me
1116 1236 1290 1286 dignum
1323 1236 1468 1275 haberi
1497 1248 1659 1275 sensero

60 1304 106 1342 vt
125 1302 194 1342 vel
212 1302 323 1341 inter
341 1301 577 1341 calunculos
594 1303 688 1340 tuos
707 1301 956 1340 dinumerer.
1018 1301 1197 1350 Glossae,
1218 1315 1320 1352 quas
1338 1302 1383 1340 in
1403 1304 1537 1340 certas
1555 1301 1660 1340 iuris
1678 1313 1720 1345 40

60 1367 195 1407 ciuilis
213 1370 350 1419 partes
368 1367 558 1417 meditor,
582 1367 755 1407 Summa
770 1367 810 1406 ff.
829 1367 982 1406 veteris
1001 1367 1068 1406 cui
1086 1367 1171 1406 iam
1191 1380 1341 1406 manus
1359 1368 1444 1406 fere
1465 1367 1659 1417 imposita

59 1435 133 1481 est,
166 1432 463 1472 InteHectuum
490 1432 594 1472 iuris
622 1432 758 1472 ciuilis
787 1432 940 1472 veritas
969 1445 1073 1483 quae
1103 1434 1245 1472 contra
1273 1434 1511 1472 communia
1539 1445 1659 1472 sensa

60 1499 275 1538 doctorum
288 1498 528 1549 propediem
542 1498 749 1548 prodetur,
765 1498 826 1537 De
839 1497 1050 1537 aduocatis
1064 1511 1167 1548 opus
1187 1511 1272 1537 11011
1291 1497 1659 1549 poenitendum,—

60 1577 163 1614 quae
196 1564 337 1603 omnia
367 1563 457 1615 pari
487 1563 566 1603 sub
597 1564 744 1603 incude
777 1563 1034 1603 sudant—ea
1067 1563 1117 1602 de
1151 1566 1193 1602 te
1226 1563 1524 1614 praedicabunt
1555 1576 1656 1613 quae

59 1641 112 1668 ne
141 1642 278 1668 coram
296 1628 474 1668 scribam
493 1631 535 1668 et
554 1629 758 1669 modestia
777 1628 969 1680 prohibet
989 1631 1030 1667 et
1050 1630 1175 1668 terret
1194 1629 1338 1679 pudor.
1399 1628 1512 1677 Vale,
1536 1628 1658 1667 decus
1676 1640 1716 1673 45

59 1694 283 1744 doctorum,
307 1694 415 1746 quod
434 1694 572 1734 simile
590 1694 661 1735 vix
680 1695 820 1745 aliqua
840 1694 997 1734 videbit
1016 1694 1246 1745 posteritas.

115 1759 180 1799 Ex
199 1760 415 1810 Fryburgo
434 1761 479 1799 xi
498 1761 582 1800 Cal.
608 1759 804 1800 Ianuarii.
829 1770 943 1809 1514.

896 1824 1012 1863 Tuus
1030 1824 1248 1863 Vdalricus
1268 1824 1412 1863 Zasius
1432 1823 1476 1863 ll.
1502 1822 1652 1863 doctor.

338 1959 434 2000 320.
496 1958 629 2000 FRoM
660 1957 786 2000 JOHN
819 1957 976 2000 BECAR
1010 1968 1067 2000 or
1100 1956 1376 1999 BORSSELEN.

108 2037 299 2074 Deventer
316 2037 393 2073 MS.
413 2048 470 2084 91,
487 2037 513 2073 f.
537 2048 603 2073 120
620 2043 670 2073 v0.
1378 2035 1509 2071 Arion.

108 2095 180 2131 LB.
198 2095 294 2142 App.
316 2099 370 2133 18.
1281 2105 1302 2138 4
1319 2094 1487 2139 January7
1507 2102 1611 2139 1515.

104 2177 265 2220 [plainly
286 2179 385 2219 prior
406 2180 445 2210 to
470 2178 532 2218 Ep.
553 2187 628 2220 370,
655 2177 726 2208 and
758 2176 936 2208 therefore
959 2175 1046 2216 only
1072 2185 1154 2216 1515
1182 2176 1212 2207 is
1238 2175 1391 2215 possible
1405 2186 1415 2214 ;
1445 2177 1542 2207 since
1570 2175 1599 2205 it
1625 2174 1655 2204 is

59 2221 205 2254 evident
221 2222 302 2253 that
320 2222 405 2254 both
421 2222 544 2254 letters
560 2230 620 2253 are
636 2220 826 2253 addressed
842 2222 878 2252 to
894 2219 1026 2260 Basle.]

261 2309 459 2341 IOANNES
489 2309 636 2340 BECAR.
669 2309 888 2341 BORSALIS
918 2308 1101 2339 ERASMO
1134 2307 1267 2339 ROTE.
1297 2309 1331 2338 S.
1355 2308 1392 2338 P.
1417 2308 1458 2338 D.

115 2390 239 2440 vim
277 2391 438 2431 nullam
471 2391 733 2431 decreueram
769 2390 976 2429 scribendi
1013 2390 1065 2428 ad
1098 2392 1140 2429 te
1178 2389 1434 2429 occasionem
1472 2399 1655 2438 vnquam

62 2455 262 2505 omittere,
283 2458 523 2507 praeceptor
539 2470 639 2507 prae
658 2455 854 2495 omnibus
873 2454 1140 2504 obseruande,
1162 2467 1253 2493 eam
1273 2453 1325 2493 ob
1344 2465 1434 2492 rem
1454 2451 1655 2511 nuncium

62 2520 297 2570 quempiam
316 2524 465 2560 nactus
483 2522 556 2572 qui
572 2521 712 2561 isthuc
737 2522 824 2560 erat
849 2520 1118 2571 profecturus,
1141 2519 1258 2559 nolui
1277 2519 1535 2558 committere
1555 2516 1656 2567 quin

63 2583 129 2624 vel
155 2585 298 2635 paucis
325 2586 376 2624 ad
403 2588 445 2625 te
473 2586 707 2634 scriberem,
737 2586 903 2625 tametsi
930 2584 1053 2635 plane
1081 2584 1284 2623 nescirem
1311 2583 1489 2622 isthicne
1515 2594 1656 2631 ageres

107 2682 182 2713 319.
208 2682 259 2713 26.
284 2681 477 2714 Ensishem
489 2686 528 2714 E.
629 2693 681 2723 29.
707 2686 757 2714 E:
779 2682 905 2714 ferculi
917 2685 989 2713 MS.
1078 2691 1130 2721 30.
1154 2680 1302 2720 quidem
1319 2683 1386 2711 MS.
1403 2682 1457 2710 H:
1480 2677 1654 2718 quiddam

64 2728 102 2757 E.
175 2725 350 2756 adderent
365 2728 404 2757 Ε.
493 2735 548 2766 31.
565 2728 688 2758 tantus
703 2727 760 2757 vir
775 2729 846 2758 MS.
861 2737 868 2756 :
892 2735 932 2757 ea
948 2735 1005 2757 res
1020 2728 1057 2756 E.
1160 2725 1212 2764 36.
1236 2724 1503 2762 Hieronymum
1518 2724 1593 2753 add.
1612 2724 1652 2753 E.

65 2778 171 2809 quem
188 2791 196 2801 .
217 2792 224 2800 .
243 2791 252 2799 .
268 2778 335 2799 nec
351 2771 422 2800 MS.
437 2780 445 2799 ε
461 2778 532 2809 quo
546 2779 611 2810 pro
626 2770 768 2801 ratione
783 2770 920 2808 aetatis,
934 2768 1089 2799 necdum
1102 2770 1140 2799 E.
1251 2776 1302 2806 37.
1326 2769 1395 2798 MS.
1414 2768 1514 2797 Loml.
1529 2777 1536 2797 ε
1552 2775 1653 2806 supe-

64 2813 194 2843 riorem
205 2812 265 2844 N&
363 2812 431 2842 tibi
447 2822 505 2843 om.
516 2815 554 2844 E.
700 2821 754 2852 39.
778 2815 829 2842 E:
851 2821 995 2842 censero
1011 2814 1081 2842 MS.
1216 2819 1270 2848 41.
1295 2809 1331 2841 ff.
1349 2812 1418 2840 MS.
1437 2820 1444 2839 :
1466 2809 1595 2848 digesti
1612 2811 1649 2839 E.

64 2865 194 2887 manus
209 2855 284 2886 fere
301 2857 370 2887 MS.
386 2866 393 2886 z
416 2864 525 2896 prope
542 2864 672 2886 manus
688 2857 718 2885 E
733 2866 740 2886 :
764 2865 872 2895 prope
888 2864 1027 2885 summa
1045 2863 1173 2885 manus
1189 2857 1232 2885 H.
1381 2862 1436 2891 42.
1463 2853 1586 2884 contra
1602 2855 1631 2882 Ε
1645 2864 1651 2882 :

65 2909 130 2930 ceu
145 2901 227 2939 MS.,
245 2901 282 2936 cf.
300 2900 358 2935 Ep.
376 2907 452 2938 303.
465 2907 511 2938 .15
528 2909 561 2930 n.
664 2908 718 2937 43.
743 2898 950 2938 propediem
966 2899 1040 2928 ccclcz.
1059 2899 1098 2929 E.
1209 2905 1262 2935 45.
1286 2899 1314 2927 Ε
1331 2907 1339 2928 :
1362 2896 1566 2936 prohibebit
1582 2897 1651 2926 MS.

65 2943 118 2981 46.
150 2942 336 2974 doctorum
360 2944 452 2974 MS:
477 2941 722 2973 doctrinarum
738 2944 775 2972 Ε.
947 2951 999 2980 47.
1028 2940 1198 2981 Friburgo
1214 2943 1251 2971 E.
1425 2940 1476 2978 48.
1505 2940 1620 2971 Tuus.
1640 2962 1647 2969 .

66 2986 189 3017 doctor
204 2995 261 3018 mn.
279 2988 318 3017 E.

455 3071 529 3103 319.
554 3080 604 3109 42.
621 3069 895 3111 Intellectuum]
923 3070 973 3102 Cf.
991 3070 1054 3111 Ep.
1074 3080 1148 3110 303.
1171 3079 1209 3109 15
1227 3080 1262 3101 n.
