2010 3417
226 1059 268 1088 40

233 1717 272 1748 50

238 2042 276 2072 55

281 151 361 191 520
743 149 995 189 LETTERS
1031 149 1101 187 OF
1140 149 1405 189 ERASMUS
1750 149 1789 203 [1
1799 164 1820 201 5
1830 164 1844 188 1
1854 162 1874 200 7

283 260 517 310 disquirere.
579 261 686 298 Nam
710 260 833 298 diuus
849 259 1134 309 Hieronymus
1152 261 1246 308 post
1272 270 1320 306 70
1339 258 1586 309 interpretes
1601 261 1677 309 Πῖζῐ
1696 262 1878 309 cmzcipiet

281 325 421 371 vertit,
458 324 599 362 futuro
637 324 840 362 nimirum
877 323 1015 372 verbo,
1049 326 1216 363 secutus
1252 323 1542 373 peruulgatam
1579 323 1688 362 inter
1727 323 1880 363 Iudeos

226 406 238 422 ο
282 389 558 437 traditionem,
589 389 822 427 cuiusmodi
850 388 980 427 citant
1007 402 1029 426 e
1057 389 1335 438 grammatica,
1364 390 1410 427 vt
1447 388 1528 439 ipsi
1566 391 1727 438 vocant,
1759 370 1878 428 ΠῖΠὺ.

283 455 349 493 Ad
378 457 582 502 naturam,
614 454 822 504 inquiunt,
852 467 898 492 ac
921 456 1087 504 tempus
1107 454 1234 504 primi
1259 453 1385 501 verbi,
1410 456 1611 504 quotquot
1630 457 1731 493 sunt
1752 455 1882 494 cuius-

283 533 443 569 cunque
463 519 663 569 temporis
682 519 977 569 consequentia
996 519 1074 558 sub
1099 519 1242 558 eadem
1261 519 1438 569 periodo,
1464 533 1589 570 quam
1605 518 1696 568 Ρῗΰὲ
1716 523 1875 566 vocant,

284 587 553 634 exponantur.
627 585 694 624 Sic
728 585 773 623 in
801 585 926 623 huius
953 584 1036 623 loci
1062 584 1284 634 prophecia
1311 584 1475 634 legitur,
1509 583 1576 616 ⁸³¹7
1611 577 1695 635 ’ΞἾέξ
1734 585 1787 629 ἶΒΪ
1821 570 1881 637 39}

287 633 358 692 252⁸·
387 651 471 698 ἥσω.)
499 641 575 699 ³22th
603 650 718 701 0⁸22}
747 649 784 691 ³³
812 634 930 701 mbr}
961 651 1034 699 ³20
1065 631 1193 703 Πφὲἓῡ
1224 650 1293 692 nan
1323 644 1393 701 125⁸
1423 632 1498 700 02}

343 715 447 754 ‘Vbi
465 715 652 765 primum
672 715 858 764 verbum,
887 714 952 763 1133,
979 715 1022 753 id
1046 717 1109 753 est
1129 716 1248 763 dabit,
1274 714 1464 753 futurum
1484 716 1569 764 est;
1598 715 1771 766 ideoque
1793 718 1883 765 Πῖζῑ,

284 783 460 829 concepit,
476 781 584 831 quod
600 783 663 820 est
681 780 893 831 praeteriti
906 780 1118 830 temporis,
1134 793 1180 818 ac
1199 793 1366 819 rursum
1381 762 1497 830 ΠᾟΞΞῬ,
1507 783 1625 830 parit,
1642 782 1880 831 praesentis,

286 861 369 886 non
387 846 507 896 pauci
526 859 659 897 neque
679 846 836 885 indocti
855 847 1054 896 tanquam
1069 845 1209 884 futura
1223 845 1351 884 etiam
1371 859 1482 884 nunc
1501 846 1638 885 solent
1657 847 1883 896 exponere,’

287 911 437 961 quibus
456 911 598 961 regula
622 911 779 950 isthaec
804 911 1038 961 exponendi
1062 910 1289 961 probabilis
1314 913 1481 961 apparet
1501 925 1510 959 3
1538 924 1628 949 eam
1648 913 1791 950 tamen
1811 926 1882 951 ceu

288 977 427 1016 minus
464 990 486 1015 e
517 977 719 1026 dignitate
752 976 919 1026 linguae
951 977 1115 1015 sanctae
1148 977 1408 1026 argumentis
1438 989 1523 1014 non
1557 976 1729 1015 omnino
1761 978 1886 1016 vanis

287 1041 469 1090 excludo,
496 1042 681 1080 subiecta
699 1041 890 1092 protinus
904 1042 968 1080 tui
983 1041 1222 1080 defensione
1236 1041 1434 1080 aduersus
1448 1041 1653 1091 plebeiam
1664 1042 1882 1082 inuidiam.

287 1107 509 1146 Patriciam
537 1107 651 1145 enim
681 1108 771 1157 ipse
799 1107 1044 1145 iamdudum
1074 1119 1285 1156 exuperas,
1316 1108 1439 1157 atque
1476 1120 1551 1156 ego
1590 1120 1686 1146 sum
1722 1107 1886 1147 abunde

287 1172 389 1211 satis
416 1173 467 1211 ad
490 1173 786 1222 praestandum
813 1172 981 1219 similes,
1009 1174 1056 1211 vt
1083 1172 1243 1219 dicitur,
1271 1172 1399 1210 labris
1421 1172 1612 1211 lactucas.
1685 1172 1888 1212 Indoctus

288 1252 384 1278 cum
412 1239 590 1278 indoctis
619 1240 822 1290 pugnabo,
861 1242 908 1277 vt
940 1253 1065 1277 suum
1091 1239 1198 1277 ollae
1220 1239 1460 1288 operculum
1481 1242 1690 1289 congruat.
1750 1240 1887 1279 Verba.

289 1305 503 1355 subyciam
518 1321 528 1345 z
550 1308 558 1323 ⁴
573 1305 828 1344 Iamdudum
839 1305 1041 1354 intelligis
1055 1304 1064 1319 ⁹
1083 1305 1257 1354 inquam
1281 1307 1289 1323 ‘
1303 1318 1399 1343 eum
1414 1319 1498 1344 non
1515 1305 1641 1355 loqui,
1656 1308 1704 1344 vt
1719 1306 1884 1355 dicitur,

255 1389 268 1413 ς
290 1384 361 1420 per
379 1371 590 1420 parietem,
611 1370 682 1420 qui
696 1371 821 1409 huius
836 1371 1078 1420 propheciae
1091 1371 1303 1420 quodlibet
1315 1370 1493 1409 verbum
1509 1371 1559 1409 ad
1575 1385 1694 1410 suam
1709 1372 1888 1410 reddidit

290 1438 493 1484 naturam,
516 1438 659 1474 contra
678 1436 895 1486 vulgarem
914 1436 1148 1486 exponendi
1166 1449 1324 1474 morem
1345 1436 1582 1484 Iudeorum,
1606 1450 1685 1487 quo
1704 1438 1890 1476 referunt

289 1502 418 1540 totius
437 1502 666 1540 sententiae
686 1501 812 1539 verba
827 1515 986 1551 semper
1001 1501 1209 1551 sequenda
1223 1501 1273 1539 ad
1293 1501 1420 1550 primi
1442 1503 1632 1540 naturam
1647 1502 1666 1540 ².
1726 1503 1781 1541 Et
1794 1506 1888 1553 post

290 1567 370 1606 alia
388 1569 429 1605 te
449 1567 606 1605 adduco
629 1569 824 1617 tanquam
851 1580 968 1605 meae
992 1566 1199 1616 opinionis
1221 1567 1574 1616 adstipulatorem,
1597 1568 1657 1606 ita
1678 1567 1888 1624 scribens:

296 1631 462 1681 ‘Neque
491 1631 692 1670 Erasmus
730 1634 882 1678 noster,
914 1630 1012 1683 (vir)
1048 1631 1316 1670 felicissimae
1345 1645 1529 1680 censure,
1560 1633 1658 1671 huic
1685 1627 1893 1673 formulae

292 1697 534 1747 exponendi,
559 1711 661 1747 quae
686 1697 813 1735 verba
838 1697 1066 1747 posteriora
1093 1697 1223 1736 totius
1249 1697 1532 1737 distinctionis
1550 1698 1601 1736 ad
1620 1698 1804 1748 primum
1830 1700 1890 1738 ita

293 1764 468 1812 torquet,
491 1762 675 1801 multum
694 1762 860 1801 videtur
878 1762 1087 1801 tribuere.9

347 1827 456 1866 Boni
475 1829 663 1867 consulat
681 1828 943 1867 admirabilis
961 1831 1032 1867 tua
1050 1829 1228 1867 eruditio
1247 1829 1419 1868 huiusce
1438 1843 1575 1868 meam
1595 1830 1891 1869 confidentiam

295 1894 369 1942 vel,
396 1894 431 1931 si
456 1893 514 1932 ita
541 1894 718 1943 videtur,
740 1894 1060 1943 improbitatem,
1090 1894 1161 1944 qui
1185 1895 1322 1933 ausim
1347 1895 1462 1933 inani
1487 1895 1736 1945 loquacitate
1759 1898 1892 1935 tanto-

294 1973 388 2009 pere
408 1959 492 1997 tuis
511 1959 661 1998 studiis
680 1959 913 2009 obstrepere
929 1975 937 2007 ;
967 1960 1142 2009 ignosce,
1166 1959 1346 2009 inquam,
1368 1961 1598 2010 imperitiae
1612 1963 1701 1999 tam
1721 1962 1896 2012 nugacis

295 2024 475 2073 amiculi,
510 2038 634 2074 quem
664 2025 715 2063 ad
744 2027 908 2063 tantam
936 2025 1149 2064 audaciam
1178 2025 1458 2064 humanitatis
1491 2028 1562 2065 tue
1597 2026 1779 2075 dulcedo,
1812 2041 1895 2077 qua

296 2093 498 2139 temperas
511 2090 632 2128 nobis
646 2089 897 2128 immensam
910 2090 1071 2139 ingenii
1082 2090 1145 2129 tui
1160 2091 1430 2139 maiestatem,
1446 2091 1630 2141 pellexit.
1677 2092 1895 2131 Caeterum

298 2168 430 2194 nouos
449 2155 526 2193 tibi
550 2156 703 2194 amicos
731 2169 781 2193 ex
806 2156 998 2205 operibus
1023 2157 1070 2194 vt
1094 2156 1327 2195 eruditione
1354 2157 1522 2195 infinita
1547 2157 1606 2195 ita
1629 2159 1670 2195 et
1694 2157 1896 2207 religione

297 2221 532 2271 synceriore
560 2221 725 2259 eximiis
753 2221 982 2259 etiamdum
1024 2223 1136 2271 paris
1182 2222 1250 2260 vel
1279 2222 1438 2260 absens.
1518 2223 1645 2271 Apud
1684 2223 1895 2262 Basileam

342 2320 385 2349 28
402 2322 430 2349 et
444 2327 495 2357 35.
529 2321 604 2365 ΠᾟἾ
627 2322 733 2349 aLB:
764 2322 828 2352 ΠῚΠ
853 2322 924 2351 MS.
1045 2329 1098 2360 29.
1124 2320 1215 2351 forte
1226 2325 1297 2358 post
1312 2323 1453 2351 secutus
1468 2323 1543 2351 add.
1559 2333 1589 2351 a.
1704 2330 1758 2360 30.
1787 2302 1895 2355 ΠῆΠὺ

299 2386 341 2404 a:
364 2358 458 2410 ι’ήπηὲ
475 2374 519 2413 (ἢ)
538 2357 632 2404 issi:
661 2358 782 2416 ,amp-1⁷
796 2357 860 2405 L'B.
983 2385 1035 2414 32.
1061 2387 1102 2405 a:
1126 2377 1216 2418 pana
1232 2379 1319 2407 ms:
1347 2376 1450 2417 poan
1475 2378 1538 2408 [Β.
1669 2385 1721 2415 33,
1740 2387 1772 2414 4.
1799 2377 1897 2406 Verba

299 2431 456 2460 Hebraica
472 2431 644 2459 secundum
660 2440 680 2458 α
696 2431 778 2469 dedi,
798 2433 873 2467 quia
890 2433 1028 2460 nimium
1043 2432 1231 2467 depr-auauit
1245 2433 1460 2461 amanuensis.
1547 2440 1600 2470 35.
1632 2432 1684 2473 Ῑ33’
1706 2432 1790 2460 aLB
1805 2441 1812 2460 :
1835 2440 1893 2460 om.

300 2487 369 2515 MS.
481 2485 532 2522 36.
565 2466 670 2535 ΠᾙΪξῇ
687 2495 707 2513 α
724 2494 731 2513 :
761 2466 853 2518 mb-
876 2487 959 2522 MS„
975 2487 1039 2516 LB.
1145 2495 1197 2524 44.
1224 2487 1263 2515 vt
1279 2487 1361 2515 MS:
1386 2484 1480 2523 quod
1496 2496 1525 2515 α.
1637 2469 1691 2523 46.
1717 2487 1842 2516 contra
1858 2508 1866 2515 .
1885 2498 1903 2515 .<

301 2549 352 2577 47.
381 2540 549 2570 naturam
566 2542 647 2579 MS„
663 2541 717 2568 LB
731 2549 738 2568 ε
761 2538 901 2578 plebeio
915 2549 1016 2570 more
1034 2539 1251 2570 Iudaeorum
1267 2540 1471 2579 exponendi
1485 2539 1656 2571 videlicet
1672 2540 1717 2570 ad
1734 2540 1894 2580 primum

302 2583 451 2613 verbum
472 2583 673 2614 sententiae
695 2585 833 2613 caetera
857 2593 947 2621 quae
971 2584 1243 2622 subsequuntur
1259 2607 1266 2614 .
1289 2607 1296 2614 .
1315 2607 1323 2614 .
1343 2583 1572 2614 dissimulato
1589 2595 1618 2615 α.
1760 2594 1812 2623 49.
1838 2584 1896 2614 vir

302 2628 375 2656 add.
392 2637 420 2656 α.
524 2636 577 2664 51.
603 2626 748 2656 videtur
763 2626 921 2656 tribuere
936 2630 1020 2666 MS„
1038 2628 1092 2657 LB
1109 2638 1116 2657 z
1139 2627 1269 2657 tribuit
1285 2638 1318 2657 α.
1418 2628 1469 2665 58.
1495 2630 1610 2664 Quibus
1624 2631 1722 2658 verbis
1738 2629 1895 2666 iunymzda

303 2673 365 2699 sint
380 2669 475 2709 apud
492 2669 673 2700 Basileam
692 2673 742 2700 vix
758 2672 864 2709 liquet,
883 2673 1136 2708 qnandoquidem
1151 2673 1230 2701 deest
1242 2673 1394 2708 vtrobique
1405 2674 1570 2708 punctum.

347 2772 399 2800 28.
419 2769 682 2809 Hieronymus]
692 2769 798 2800 vol.v.
810 2770 832 2800 f.
847 2779 894 2808 15,
905 2769 959 2801 ed.
972 2771 1065 2808 1516.
1130 2770 1282 2809 Capito's
1297 2771 1408 2800 view:
1434 2772 1526 2801 Hebr.
1545 2772 1625 2801 Inst.
1642 2769 1680 2800 Ρ).
1699 2768 1743 2801 1².

346 2822 397 2851 33.
424 2812 629 2854 prophecia]
654 2813 700 2844 Is.
717 2823 748 2852 7.
764 2824 813 2853 14,
826 2813 946 2844 which
967 2813 1068 2844 reads
1174 2824 1225 2852 42.
1253 2813 1404 2854 similes]
1429 2814 1480 2844 Cf.
1496 2816 1600 2852 Aday.
1618 2823 1694 2852 971.

305 2858 433 2905 ΠΝᾜΞῚ,
1174 2867 1226 2896 43.
1253 2857 1476 2897 operculum]
1501 2857 1554 2888 Cf.
1571 2860 1674 2895 Aday.
1691 2867 1766 2896 972.

349 2919 402 2947 37.
417 2903 540 2948 'neque
562 2910 716 2951 indocti]
740 2910 913 2940 Matthew
929 2909 1069 2940 Adrian
1175 2920 1227 2947 44.
1255 2908 1489 2949 Iamdudum]
1513 2911 1608 2940 Hebr.
1625 2911 1707 2939 Inst.
1725 2909 1766 2940 fo·
1783 2908 1826 2939 1².

307 2953 366 2981 the
409 2953 590 2991 Hebraist‚
631 2953 702 2983 and
744 2954 900 2993 Gregory
942 2953 1069 2984 Reisch
1219 2952 1333 2992 loqui]
1360 2952 1410 2983 Cf.
1432 2956 1538 2990 Aclaq.
1558 2962 1653 2991 2354.

312 2995 386 3034 Ep.
424 2996 502 3035 308)
543 3006 600 3026 are
639 2996 733 3027 cited
772 2996 811 3025 in
852 3000 997 3036 support
1036 2997 1074 3027 of
1175 3006 1227 3034 47.
1253 2998 1332 3035 post
1348 2995 1433 3036 alia]
1457 2998 1550 3027 Hebr.
1567 2999 1648 3027 Ins-ff.
1664 2995 1703 3026 f0.
1726 2994 1760 3026 12
1777 2997 1824 3026 νο.
