2010 3417
127 180 224 233 569]
547 182 701 222 FROM
740 183 1006 223 GERMAIN
1044 184 1119 223 DE
1157 184 1296 224 BRIE
1634 185 1712 223 535

125 303 198 340 per
216 293 258 330 et
277 303 472 330 auersum
493 292 679 343 cognoui‚
702 306 776 332 nec
797 294 1014 344 quicquam
1032 293 1202 333 aliunde
1220 295 1471 344 pendentem
1490 294 1706 345 ingenium

123 356 236 395 istud
255 356 342 395 suis
361 356 492 406 ipsius
518 357 683 396 dotibus
701 371 746 397 ac
772 359 949 409 propriis
977 359 1137 398 meritis
1161 359 1379 399 aestimare
1405 359 1599 399 solitum:
1629 358 1710 398 nisi

125 421 162 458 si
181 421 280 472 quid
299 421 415 470 forte,
439 424 485 461 vt
505 421 779 462 Homericum
798 423 904 462 illud
924 437 992 462 me
1011 423 1079 463 hic
1090 437 1287 474 vsurpare
1306 424 1535 474 permittas,

449 497 629 540 Ἀλλοῖός
657 516 733 549 μοι,
754 498 848 548 ξεῖν’,
879 500 1019 549 ἐφάνης
1044 502 1126 539 νέον
1149 502 1191 550 ἠὲ
1218 499 1406 550 πάροιθεν,

125 574 167 611 et
199 576 246 611 tu
274 586 410 613 mores
438 576 531 613 tuos
565 574 806 625 ingeniique
834 574 957 614 istius
985 575 1233 614 modestiam
1259 589 1315 624 ac,
1338 578 1384 615 vt
1408 577 1546 615 verius
1565 576 1709 624 dicam,

124 637 446 688 simplicitatem,
470 652 521 677 ex
549 652 631 690 quo
662 639 768 678 mihi
797 639 915 679 visus
948 653 1032 679 non
1063 653 1116 688 es,
1151 640 1451 679 immutaueris.
1513 640 1712 680 Concedis

125 704 238 742 enim
264 705 306 742 et
329 703 406 742 hoc
433 718 598 754 quoque
617 704 750 753 nobis,
776 706 824 744 vt
842 704 920 744 tibi
939 705 1112 744 interim
1133 718 1275 744 aurem
1295 706 1536 745 vellicantes
1559 718 1712 744 memo·

124 765 230 804 riam
249 765 459 816 paulisper
477 766 719 805 refricemus
731 767 1042 807 consuetudinis
1060 766 1175 806 illius
1193 770 1314 818 atque
1334 768 1538 807 amicitiae
1558 767 1712 807 veteris

123 843 228 880 quae
246 831 464 870 nobiscum
484 831 586 870 olim
606 832 796 871 Venetiis
814 831 1051 872 intercessit
1067 845 1077 879 ;
1107 833 1207 871 dum
1223 846 1296 882 ego
1316 833 1393 871 sub
1412 832 1516 871 Iano
1534 833 1704 872 Lascare

123 908 215 935 meo
253 897 363 945 (cum
393 896 483 936 dico
513 898 523 916 ‘
540 909 632 935 meo
645 897 665 945 '‚
699 899 1005 948 praeceptorem
1038 898 1078 936 et
1103 897 1235 936 veluti
1262 900 1476 948 parentem
1505 897 1710 948 optimum

123 960 328 1011 intelligo)
365 961 539 1000 vixdum
573 961 734 1001 Latinis
763 962 896 1001 literis
932 962 1121 1001 initiatus
1162 963 1327 1001 Graecis
1359 975 1521 1012 operam
1560 975 1711 1001 nauare

122 1026 360 1077 auspicarer,
391 1028 437 1066 tu
469 1026 515 1065 in
554 1027 725 1066 aedibus
752 1027 854 1066 Aldi
885 1027 1065 1066 Manutii
1101 1027 1322 1078 singularis
1354 1027 1584 1066 etiamdum
1623 1041 1712 1066 eru-

124 1091 295 1131 ditionis
319 1093 415 1131 tuae
433 1095 526 1130 tum
546 1093 724 1131 Graecae
751 1094 844 1130 tum
873 1091 1042 1131 Latinae
1072 1093 1232 1142 egregia
1257 1092 1329 1131 illa
1351 1095 1474 1143 atque
1498 1092 1711 1142 inculpata

123 1156 351 1207 specimina
381 1156 461 1196 diis
494 1157 817 1208 hominibusque
849 1157 1144 1207 plaudentibus
1174 1157 1401 1208 praeberes.
1460 1157 1577 1196 Inter
1606 1170 1711 1208 quae

124 1224 266 1261 extant
311 1221 631 1261 Prouerbiorum
678 1222 877 1261 chiliades
914 1224 1099 1272 quatuor,
1152 1236 1254 1273 opus
1291 1236 1375 1261 non
1414 1235 1506 1260 mea
1542 1222 1710 1273 quidem

122 1287 246 1326 vnius
278 1287 350 1326 sed
378 1287 636 1326 eruditorum
665 1287 870 1326 sententia
898 1289 1015 1326 tanta
1043 1288 1259 1337 vti-iusque
1288 1288 1453 1337 linguae
1482 1287 1710 1326 eruditione

123 1365 401 1402 conspersum,
442 1354 529 1390 tam
560 1351 788 1402 multiplici
826 1351 1003 1390 lectione
1047 1352 1302 1400 distinctum,
1343 1355 1461 1391 tanta
1497 1354 1712 1391 venustate

122 1431 168 1456 ac
195 1417 388 1456 facundia
415 1417 644 1463 conditum,
683 1420 726 1455 vt
762 1416 885 1466 plane
913 1417 949 1455 si
979 1417 1073 1466 quis
1102 1419 1210 1456 recte
1239 1431 1285 1456 ac
1316 1418 1417 1456 citra
1453 1430 1622 1455 omnem
1650 1417 1712 1455 in-

122 1482 352 1521 uidentiam
370 1482 646 1532 perpenderit,
669 1482 736 1520 vel
756 1495 806 1520 ex
826 1495 871 1520 eo
890 1495 974 1521 vno
1002 1482 1391 1521 manifestissimum
1415 1482 1487 1521 fiat
1511 1484 1713 1533 quantum

121 1546 321 1587 Erasmus
341 1549 519 1586 caeteros
549 1560 694 1586 omnes
716 1547 921 1586 literariae
946 1547 1173 1597 palaestrae
1199 1547 1376 1586 athletas
1400 1547 1627 1595 antecellat,
1651 1547 1710 1585 καὶ

122 1614 264 1652 ὁπόσον
284 1613 328 1663 δὴ
347 1614 371 1662 ἡ
391 1611 563 1665 σάλπιγξ
579 1613 663 1653 τοὺς
676 1613 810 1653 αὐλοὺς
827 1613 885 1650 καὶ
899 1614 933 1651 οἶ
951 1613 1112 1664 τέττιγες
1125 1614 1191 1653 τὰς
1203 1614 1379 1662 μελίττας
1389 1615 1687 1663 ὑπερφωνοῦνται
1702 1626 1712 1660 ;

123 1691 224 1729 quas
250 1678 362 1728 ipsas
390 1677 626 1716 mehercule
654 1677 724 1727 qui
752 1690 837 1716 non
859 1677 1128 1726 admirantur,
1154 1691 1220 1716 eas
1239 1677 1506 1727 proculdubio
1526 1679 1598 1716 aut
1627 1690 1711 1716 om-

123 1744 224 1782 nino
242 1756 327 1781 non
355 1742 544 1792 legerunt
563 1744 644 1790 aut,
667 1742 703 1780 si
722 1741 921 1792 legerunt,
946 1741 1068 1792 plane
1089 1743 1133 1780 in
1153 1743 1287 1781 literis
1301 1742 1544 1781 caecutiunt.
1606 1742 1713 1781 Nam

123 1810 169 1847 vt
194 1808 327 1846 obiter
352 1807 458 1845 illud
481 1809 646 1845 tantum
674 1807 891 1856 attingam,
914 1807 1013 1857 quid
1036 1807 1250 1855 eruditius,
1275 1807 1374 1858 quid
1395 1808 1589 1853 ornatius,
1612 1805 1711 1856 quid

124 1872 338 1922 copiosius,
362 1872 461 1922 quid
486 1872 716 1921 elegantius
745 1874 817 1910 aut
846 1872 1044 1910 Latinum
1072 1872 1203 1922 magis
1222 1873 1307 1911 tuis
1336 1872 1422 1911 illis
1451 1872 1586 1910 nescio
1610 1873 1712 1922 quot

123 1937 477 1987 digressionibus?
506 1936 551 1974 in
571 1937 722 1987 quibus
740 1950 836 1976 vere
856 1937 976 1975 nobis
1002 1950 1085 1976 non
1109 1937 1237 1975 alium
1258 1950 1382 1987 quam
1403 1938 1626 1976 Erasmum
1654 1936 1710 1986 ip-

123 2016 228 2052 sum,
250 2001 327 2040 hoc
346 2003 408 2040 est
428 2001 738 2050 Quintilianum
758 2002 968 2051 quendam
989 2001 1291 2041 declamantem
1310 2004 1589 2053 repraesentas
1601 2003 1622 2040 ἶ)

179 2067 470 2106 Successerunt
490 2066 555 2104 his
570 2067 723 2105 Moriae
744 2066 1005 2115 Encomium‚
1023 2066 1143 2105 Miles
1154 2067 1426 2114 Christianus,
1447 2067 1708 2106 Instrumen-

124 2136 215 2171 tum
233 2134 453 2182 vtrunque,
477 2131 705 2170 Christiani
722 2131 922 2181 principis
942 2131 1168 2179 Institutio,
1184 2131 1436 2182 Hieronymi
1454 2132 1646 2170 restituta
1668 2144 1713 2169 ac

126 2197 320 2236 distincta
333 2209 463 2247 opera,
479 2198 604 2246 atque
618 2195 699 2234 alia
714 2195 755 2234 id
769 2209 897 2246 genus
913 2210 1038 2246 quam
1053 2196 1241 2247 plurima,
1269 2197 1296 2235 ὦ
1314 2198 1425 2246 φίλαι
1443 2200 1606 2245 Μοῦσαι,
1629 2209 1708 2246 quo

124 2263 276 2309 fauore,
294 2275 375 2312 quo
388 2261 548 2311 plausu,
564 2261 715 2311 quibus
733 2261 1001 2311 amplexibus,
1018 2261 1168 2311 quibus
1192 2263 1343 2300 osculis
1361 2262 1411 2300 ab
1431 2261 1622 2300 omnibus
1642 2261 1710 2299 hic

124 2326 331 2376 politioris
357 2326 596 2376 disciplinae
620 2326 818 2365 studiosis
841 2328 1033 2376 excepta!
1081 2326 1238 2375 Quibus
1264 2327 1455 2366 omnibus
1481 2327 1580 2376 quid
1599 2326 1710 2364 aliud

126 2392 247 2441 plane
259 2392 481 2430 Erasmum
501 2391 683 2429 effecisse
703 2391 919 2439 credimus,
938 2391 1019 2429 nisi
1038 2392 1147 2441 quod
1163 2392 1501 2430 manifestissime
1518 2391 1638 2429 nobis
1652 2391 1711 2429 in-

126 2456 280 2494 dicauit
294 2469 419 2506 quam
433 2455 544 2494 felici
565 2456 739 2505 ingenio,
764 2469 888 2505 quam
909 2456 1043 2506 sagaci
1055 2469 1166 2504 naso,
1184 2469 1307 2505 quam
1327 2456 1511 2506 purgatis
1531 2455 1708 2503 auribus,

126 2534 249 2570 quam
270 2521 413 2559 diuina
430 2520 638 2567 memoria,
656 2533 781 2570 quam
795 2521 917 2559 vbere
928 2521 1129 2568 facundia,
1145 2523 1299 2571 quanta
1318 2521 1532 2570 vtriusque
1547 2520 1712 2570 linguae

128 2585 371 2634 eruditione,
404 2587 556 2635 quanta
585 2585 672 2623 stili
699 2585 988 2624 exercitatione
1018 2598 1063 2623 ac
1094 2585 1319 2632 maiestate,
1351 2588 1506 2634 quanta
1536 2584 1712 2635 discipli-

127 2663 275 2690 narum
295 2650 483 2689 omnium
503 2650 673 2689 scientia
692 2650 900 2699 praeditus
920 2652 1170 2700 ornatusque
1190 2651 1244 2689 sit
1260 2652 1280 2688 Ῥ
1318 2651 1379 2687 Ac
1398 2663 1470 2699 per
1489 2649 1625 2688 Deum
1639 2649 1712 2687 im-

127 2715 355 2762 mortalem,
377 2715 470 2764 quis
497 2715 580 2753 iam
601 2715 853 2753 inficiabitur
878 2715 1098 2753 Erasmum
1128 2715 1333 2765 quendam
1362 2714 1491 2752 veluti
1519 2714 1712 2752 inexhau-

126 2783 240 2819 stum
258 2780 452 2830 perennis
475 2779 736 2830 eloquentiae
756 2780 914 2818 fontem
937 2779 1137 2818 latissime
1158 2782 1398 2818 manantem
1420 2779 1464 2817 in
1483 2780 1645 2828 pectore
1665 2791 1710 2817 ac

175 2875 245 2905 155.
272 2875 387 2905 neque
403 2868 443 2896 N.
580 2876 651 2905 159.
677 2866 780 2896 istius
796 2867 825 2895 E
842 2876 848 2895 ε
873 2866 926 2896 tui
943 2867 985 2896 H.
1124 2866 1194 2902 164.
1219 2866 1246 2896 &
1264 2867 1311 2896 E:
1336 2875 1376 2896 ac
1392 2867 1433 2895 H.
1561 2874 1631 2903 173.
1655 2865 1711 2896 vel

128 2920 184 2940 om.
204 2912 245 2939 H.
382 2910 451 2948 185.
476 2909 536 2940 hic
551 2912 580 2939 F
594 2912 708 2947 Cory-iq.
726 2920 732 2939 :
756 2909 812 2939 his
828 2911 864 2939 E.

174 3001 244 3031 155.
271 2990 435 3031 aliunde]
452 2991 502 3023 Cf.
521 2991 591 3022 Cic.
614 2994 706 3022 Fam.
723 3001 753 3030 5.
775 3000 823 3029 13.
847 3000 874 3023 1.
1013 2992 1082 3030 163.
1109 2990 1286 3031 Venetiis]
1311 2990 1362 3022 Cf.
1380 2991 1443 3031 Ep.
1462 3000 1535 3022 212.
1556 3000 1570 3020 1
1589 3001 1624 3023 n.

174 3045 244 3074 157.
271 3034 521 3075 Homericum]
549 3037 601 3065 Od.
622 3036 670 3066 16.
692 3036 763 3066 181.
1011 3035 1081 3074 183.
1107 3033 1302 3074 vtrunque]
1320 3035 1356 3065 in
1375 3034 1490 3066 Greek
1506 3033 1578 3066 and
1593 3035 1708 3066 Latin.

1739 309 1797 342 155

1736 639 1798 672 160

1736 963 1794 1004 165

1737 1294 1798 1328 170

1735 1620 1794 1654 Ι75

1734 1938 1796 1969 180

1734 2263 1793 2305 185

1735 2595 1796 2628 190
