2073 3464
285 183 333 220 14
745 181 995 221 LETTERS
1034 180 1104 220 OF
1142 180 1406 220 ERASMUS
1747 179 1784 234 [1
1795 194 1837 228 51
1848 196 1870 229 4

284 296 325 331 et
362 291 644 339 emolumenti,
668 291 799 329 eciam
836 290 871 328 si
908 291 985 328 hoc
1024 290 1274 336 contemnas,
1302 290 1366 327 est
1399 290 1713 328 conciliaturum
1746 303 1870 340 quam

286 358 418 397 Moria
450 357 523 395 illa
554 356 617 394 vti
647 356 814 394 videtur
846 353 1112 403 inauspicata.
1173 352 1263 391 Hoc
1293 351 1456 392 consilii
1485 354 1573 392 siue
1606 354 1752 404 probes
1785 354 1873 393 siue

227 425 268 457 80
286 436 370 461 non
391 421 548 471 probes,
571 433 644 469 ego
664 421 772 458 certe
791 421 889 457 tuus
910 430 1003 456 sum
1023 430 1174 468 eroque
1193 430 1366 467 semper.

340 486 456 534 Quod
487 484 694 534 reliquum
733 485 794 522 est
826 483 952 521 huius
988 481 1185 532 epistolae
1219 484 1307 520 tam
1339 481 1535 522 verbosae
1567 485 1872 532 argumentum,

286 552 407 590 audio
436 552 478 588 te
506 549 592 588 diui
612 548 850 587 Hieronimi
878 547 1085 598 Epistolas
1109 561 1132 587 a
1161 547 1334 596 mendis,
1357 548 1506 598 quibus
1532 547 1732 586 hactenus
1751 550 1876 587 scate-

287 618 399 664 bant,
436 626 689 664 repurgasse,
725 613 960 652 adulterina
1000 612 1127 651 obelis
1159 612 1378 662 iugulasse,
1419 612 1590 652 obscura
1627 612 1876 660 elucidasse;

286 694 373 719 rem
412 680 592 730 profecto
629 679 762 718 fecisti
799 681 839 717 te
878 678 1049 728 dignam
1088 680 1129 716 et
1168 691 1248 728 qua
1291 677 1341 716 de
1380 677 1586 728 theologis
1625 677 1782 727 optime
1819 677 1878 717 sis

229 751 268 789 85
288 746 470 793 meritus,
502 745 554 783 iis
582 744 848 795 potissimum
882 743 950 794 qui
984 743 1108 782 sacris
1136 742 1287 781 litteris
1320 742 1514 792 policiem
1546 742 1878 792 elegantiamque

286 811 428 850 volent
448 811 698 848 connectere.
758 809 837 848 Sed
866 808 1035 847 Nouum
1064 821 1224 859 quoque
1252 808 1566 847 Testamentum
1593 809 1634 846 te
1658 808 1878 858 castigasse

288 875 487 926 intelligo,
509 877 550 913 et
578 888 702 925 supra
730 874 847 912 mille
876 873 985 912 locos
1012 875 1242 922 annotasse,
1270 887 1354 912 non
1382 874 1472 912 sine
1501 873 1639 911 fructu
1669 873 1877 922 theologo-

288 955 396 981 rum.
452 941 534 980 Hic
563 941 699 979 denuo
727 942 788 979 est
818 939 927 990 quod
955 939 1229 978 amicissimus
1257 939 1436 978 amicum
1463 938 1768 978 commonitum
1793 951 1880 977 esse

288 1006 440 1055 velim3
469 1008 511 1044 et
538 1006 582 1044 in
612 1005 758 1056 primis
784 1006 897 1043 taceo
925 1004 1031 1054 quod
1061 1004 1311 1043 Laurentius
1331 1004 1451 1043 Valla
1477 1006 1519 1042 et
1548 1003 1721 1042 Iacobus
1749 1003 1881 1042 Faber

231 1086 272 1118 90
289 1072 433 1111 eadem
465 1072 510 1110 in
543 1071 698 1109 harena
726 1069 991 1117 desudarint;
1022 1082 1124 1119 quos
1151 1072 1198 1108 tu
1225 1069 1406 1119 quidem,
1426 1068 1536 1107 nihil
1561 1068 1736 1118 ambigo,
1761 1068 1880 1118 longe

290 1138 450 1187 lateque
479 1135 703 1186 superabis.
764 1135 921 1174 Verum
949 1134 1179 1173 cuiusmodi
1207 1134 1319 1173 istud
1346 1134 1399 1173 sit
1426 1134 1586 1173 litteras
1612 1146 1746 1172 sacras
1765 1134 1881 1173 casti-

290 1216 395 1252 gare,
417 1202 540 1252 idque
574 1214 624 1238 ex
659 1200 800 1238 Grecis
831 1199 1004 1238 Latinos
1037 1199 1206 1248 codices,
1232 1199 1536 1249 dispiciendum
1570 1201 1644 1238 est.
1703 1198 1812 1237 Nam
1845 1199 1881 1238 si

291 1267 507 1306 ostendam
545 1266 736 1305 Latinam
772 1265 1088 1304 translationem
1123 1265 1231 1303 nihil
1263 1265 1413 1304 habere
1446 1264 1541 1303 falsi
1574 1264 1778 1303 errorisue
1809 1264 1880 1303 ad-

292 1334 484 1380 mixtum,
507 1344 648 1370 nonne
681 1329 871 1369 fateberis
904 1343 1251 1380 superuacaneam
1280 1342 1368 1369 esse
1397 1342 1563 1379 operam
1593 1330 1783 1368 omnium
1812 1332 1883 1380 qui

234 1411 273 1443 95
294 1411 384 1437 eam
421 1397 640 1436 emendare
677 1397 890 1444 conantur,
932 1395 1015 1433 nisi
1053 1395 1227 1434 subinde
1271 1395 1522 1433 admoneant
1559 1393 1694 1432 sicubi
1730 1394 1884 1444 signifi-

293 1454 458 1502 cancius
495 1462 706 1512 quippiam
738 1463 893 1500 vertere
929 1460 1133 1511 potuisset
1165 1460 1402 1510 interpres?
1458 1460 1536 1499 Sed
1575 1473 1651 1509 ego
1689 1472 1800 1498 nunc
1834 1460 1884 1498 de

292 1528 465 1567 veritate
485 1527 805 1576 integritateque
832 1525 999 1576 disputo
1026 1539 1197 1576 eamque
1218 1528 1380 1564 nostrae
1398 1524 1664 1575 peruulgatae
1682 1525 1884 1563 aedicioni

291 1606 437 1632 assero.
498 1592 592 1630 Non
617 1592 730 1630 enim
757 1593 819 1630 est
849 1592 1174 1630 consentaneum
1201 1591 1438 1630 vniuersam
1467 1590 1681 1629 ecclesiam
1710 1592 1771 1629 tot
1799 1591 1884 1629 iam

294 1658 442 1698 seculis
468 1671 633 1706 errasse,
655 1670 758 1707 quae
787 1659 828 1696 et
847 1669 920 1695 vsa
948 1658 1010 1695 est
1038 1670 1202 1706 semper
1230 1658 1271 1695 et
1300 1670 1411 1695 nunc
1440 1669 1603 1707 quoque
1625 1657 1717 1694 tum
1736 1656 1882 1706 probat

217 1736 278 1758 100
293 1727 384 1763 tum
423 1724 555 1762 vtitur
592 1724 668 1762 hac
704 1722 918 1761 aeditione.
980 1722 1123 1772 Neque
1151 1722 1376 1761 verisimile
1404 1723 1467 1760 est
1504 1721 1629 1760 falsos
1662 1721 1792 1760 fuisse
1822 1724 1885 1761 tot

294 1792 456 1828 sanctos
473 1787 620 1839 patres,
643 1790 706 1826 tot
725 1788 836 1826 viros
859 1787 1302 1836 consummatissimos,
1323 1787 1394 1837 qui
1413 1787 1548 1825 eidem
1569 1786 1704 1825 innixi
1723 1786 1883 1825 arduis-

295 1855 400 1893 sima
425 1867 582 1904 queque
601 1854 645 1892 in
675 1852 861 1892 conciliis
887 1852 1147 1902 generalibus
1176 1851 1437 1900 definierunt,
1465 1852 1592 1890 fidem
1616 1851 1887 1890 defenderunt

296 1920 635 1969 elucidaruntque
667 1932 712 1956 ac
741 1931 917 1957 canones
944 1917 1197 1966 aediderunt,
1236 1917 1387 1968 quibus
1414 1919 1455 1955 et
1484 1930 1599 1967 reges
1632 1929 1729 1956 suos
1757 1918 1886 1956 fasces

297 1985 590 2023 submiserunt.
658 1984 714 2022 Et
757 1983 995 2022 huiusmodi
1038 1983 1213 2021 concilia
1257 1983 1336 2021 rite
1382 1984 1626 2032 congregata
1669 1995 1883 2033 nunquam

222 2061 279 2092 105
298 2063 441 2097 errare,
478 2050 679 2099 quatenus
718 2048 843 2086 fidem
876 2049 1136 2098 contingunt,
1168 2048 1277 2098 apud
1319 2048 1521 2098 plurimos
1550 2050 1641 2086 tum
1670 2048 1885 2097 theologos

297 2117 389 2154 tum
426 2113 724 2152 iureconsultos
760 2113 805 2151 in
843 2113 1028 2152 confesso
1062 2114 1135 2151 est.
1197 2113 1314 2161 Quod
1347 2114 1383 2151 si
1416 2126 1496 2162 qua
1528 2125 1638 2151 noua
1667 2113 1887 2151 necessitas

299 2192 456 2218 nouum
484 2180 720 2228 exposceret
747 2177 933 2227 generale
961 2178 1193 2226 concilium,
1222 2177 1326 2216 hanc
1355 2177 1623 2227 proculdubio
1651 2179 1891 2228 sequeretur

343 2266 395 2305 78.
421 2266 456 2295 et
473 2275 493 2294 α
508 2275 515 2295 :
539 2265 649 2294 etiam
665 2264 721 2304 βγ.
813 2264 926 2294 eciam
942 2265 971 2294 si
987 2275 1007 2293 α
1023 2275 1030 2294 2
1053 2265 1121 2294 etsi
1137 2265 1193 2303 βγ.
1285 2265 1339 2294 est
1356 2273 1414 2295 om.
1431 2265 1487 2303 βγ.
1594 2273 1645 2303 79.
1673 2262 1738 2294 illa
1753 2275 1773 2293 α
1788 2274 1794 2294 :
1819 2264 1887 2294 ista

299 2311 373 2340 tam
386 2308 446 2348 [3¹7
461 2320 468 2339 ε
492 2308 561 2338 ista
572 2308 618 2341 l3'2.
688 2308 765 2338 Hoc
777 2307 918 2338 consilii
932 2319 951 2337 α
967 2318 973 2337 ;
999 2307 1119 2338 Habes
1135 2316 1254 2337 meum
1271 2307 1462 2338 consilium
1480 2306 1573 2346 quod
1589 2309 1647 2346 βγ.
1736 2307 1789 2338 80.
1814 2317 1886 2337 non

300 2353 423 2393 probes
438 2364 458 2381 α
473 2363 480 2382 :
504 2351 625 2381 minus
641 2352 698 2390 βὙ.
818 2351 870 2382 81.
894 2353 1147 2390 argumentum
1164 2353 1238 2382 add.
1256 2351 1313 2391 βγ.
1435 2351 1486 2382 82.
1515 2350 1688 2381 hactenus
1703 2350 1886 2381 scatebant

299 2408 343 2470 ‘5⁶²
365 2395 612 2472 Perfffiessant
627 2396 683 2434 ‘³⁷'
722 2439 742 2468 8
799 2394 1234 2471 vfffi'afs‘ff‘ffssssfissfiggssm
1318 2395 1370 2471 ⁸31
1398 2393 1889 2468 P⁰¹i⁰iem3²553331¹3¹132r532

300 2464 356 2523 137⁰.
378 2449 422 2471 vo
489 2449 711 2521 91.⁷iateque
727 2447 786 2512 032.
804 2482 860 2521 βγ.
950 2462 1057 2511 ’ίείςυᾶ
1073 2492 1093 2510 α
1111 2492 1117 2511 :
1141 2461 1235 2511 istuc
1247 2461 1315 2521 βγ..
1372 2448 1403 2477 Ὑ-
1445 2489 1498 2519 93.
1523 2447 1725 2511 agna-inubm
1741 2483 1814 2512 add.
1832 2482 1888 2521 βγ.

301 2536 352 2565 95.
369 2525 559 2556 emendare
575 2526 746 2555 conantur
763 2536 783 2554 α
797 2535 804 2554 :
827 2524 973 2555 student
989 2524 1177 2555 emendare
1193 2525 1250 2563 βγ.
1344 2533 1414 2555 100.
1434 2523 1630 2555 vei-Isimile
1643 2526 1696 2555 est
1708 2535 1747 2555 a:
1771 2525 1891 2555 simile

302 2572 355 2600 est
370 2579 453 2600 vero
468 2570 526 2608 βγ.
685 2578 754 2599 Ῑο2.
781 2568 940 2598 consiliis
955 2578 986 2599 α.
1121 2567 1365 2598 definiuerunt
1381 2568 1437 2607 βγ.
1596 2578 1667 2607 104.
1691 2568 1840 2599 consilia
1857 2579 1888 2599 α.

307 2623 377 2652 107.
402 2612 593 2643 consilium
610 2622 640 2642 α.

345 2680 396 2710 82.
422 2679 644 2720 Hieronimi]
668 2679 720 2710 Cf.
738 2679 799 2719 Ep.
819 2681 892 2718 296.
914 2687 983 2718 153.
1130 2689 1176 2709 an
1201 2678 1358 2719 apology,
1385 2689 1431 2709 on
1457 2678 1519 2709 the
1547 2678 1686 2718 ground
1717 2679 1798 2710 that
1831 2679 1892 2710 the

346 2723 398 2753 86.
425 2722 706 2764 Testamentum]
732 2723 783 2753 Cf.
813 2722 874 2762 Ep.
892 2725 964 2762 296.
988 2723 1056 2762 156.
1129 2722 1279 2762 Vulgate
1302 2723 1446 2753 version
1469 2731 1542 2752 was
1565 2724 1628 2753 not
1651 2723 1714 2753 the
1737 2723 1834 2753 work
1858 2723 1897 2753 of

345 2766 397 2805 89.
422 2765 541 2807 Valla]
565 2766 616 2798 Cf.
634 2766 697 2806 Ep.
720 2767 790 2798 182.
1129 2765 1280 2797 Jerome.

390 2808 516 2849 Faber]
545 2809 583 2838 in
600 2819 646 2840 an
663 2810 799 2840 edition
816 2809 854 2840 of
877 2809 927 2841 St.
946 2809 1062 2840 Paul's
1173 2819 1223 2849 92.
1239 2819 1281 2839 ex
1296 2809 1431 2850 Grecis]
1452 2809 1497 2840 In
1509 2819 1555 2840 an
1573 2811 1674 2840 Oratio
1688 2807 1837 2848 printed
1854 2808 1892 2838 in

304 2852 465 2891 Epistles,
507 2852 596 2882 from
642 2853 703 2883 the
748 2852 906 2891 Vulgate,
952 2853 1062 2893 Paris,
1134 2862 1217 2891 1519
1233 2853 1303 2892 (see
1320 2853 1381 2892 Ep.
1402 2854 1465 2892 438
1482 2852 1647 2892 introd.),
1661 2851 1796 2891 though
1813 2850 1893 2882 first

306 2895 349 2925 H.
377 2894 589 2934 Stephanus,
613 2905 640 2926 c.
671 2905 712 2934 25
736 2896 814 2928 Dec.
843 2906 934 2935 1512.
981 2896 1063 2927 Side
1132 2896 1313 2927 delivered
1366 2897 1405 2926 in
1454 2897 1547 2936 1516,
1596 2896 1693 2935 Dorp
1739 2894 1894 2934 entirely

306 2939 352 2976 by
375 2937 451 2968 side
474 2939 564 2968 with
595 2938 655 2969 the
686 2939 837 2978 Vulgate
862 2941 892 2970 is
919 2949 939 2970 a
964 2948 1063 2978 para-
1132 2941 1280 2970 retracts
1309 2940 1407 2970 what
1438 2939 1483 2970 he
1515 2948 1594 2979 says
1627 2939 1712 2969 here
1742 2947 1788 2969 on
1818 2938 1892 2968 this

307 2980 484 3020 phraseos
505 2981 561 3011 his
577 2991 667 3019 own,
687 2982 837 3013 entitled
855 2985 1065 3020 Iozz‘elle’qentia
1132 2982 1277 3022 subject.
1326 2983 1390 3013 See
1412 2992 1471 3022 pp.
1487 2983 1565 3023 38,9
1581 2982 1620 3012 of
1638 2981 1805 3012 Froben's
1820 2981 1892 3011 edi·

304 3035 340 3055 επ
357 3027 478 3063 Graeco,
494 3024 613 3054 which
631 3025 675 3054 he
693 3025 808 3064 offers,
820 3026 957 3064 though
974 3026 1063 3057 with
1131 3026 1210 3056 tion
1227 3026 1262 3057 of
1276 3026 1337 3056 the
1355 3029 1466 3066 Oratio,
1482 3026 1562 3057 Jan.
1584 3034 1677 3065 1520.
