2010 3417
237 154 318 192 320
698 154 951 192 LETTERS
990 154 1062 193 OF
1099 152 1366 194 ERASMUS
1706 152 1744 207 [1
1756 164 1776 202 5
1785 166 1799 190 1
1809 154 1831 189 6

240 277 276 308 15
302 266 455 312 νυμφῶν
484 262 614 302 θυσίας
642 262 845 312 οὗρειάδων,
1105 263 1186 300 Atel
1214 262 1253 301 δὲ
1282 262 1407 313 θάλλῃ
1434 265 1500 300 τοῦ
1530 263 1640 313 κέρως

304 327 357 367 οἷς
384 327 540 367 ὠκεανὸς
568 328 634 365 τοῦ
661 328 835 376 νέκταρος
1102 326 1334 377 Ἐρασμικοῦ
1358 328 1406 366 τὰ
1433 328 1554 378 λείρια

305 391 543 443 κᾴμβροσίας
572 392 666 441 εἴβει
694 393 910 442 πλησμονή.
1104 393 1229 442 στέφη
1260 392 1383 433 θεοῖς.’
1440 394 1497 430 Τὰ
1523 393 1591 431 τοῦ
1619 394 1709 433 Διὸς

297 456 425 495 ''Eo-rm
454 456 487 495 δ’
515 459 535 496 ὃ
563 458 838 510 μελιφθόγγοις
865 458 1000 508 δρόσος
1040 472 1077 502 25
1104 459 1363 508 Παρνασσίοις
1390 458 1617 510 ἀγγέλλεται

306 524 488 573 Μούσῃσι
514 524 735 573 τέρπνιστον
762 524 866 573 πόμα
1106 524 1240 562 Πειθώ·
1272 524 1350 562 θεοὶ
1378 523 1417 562 δὲ
1446 516 1635 574 συμπόται

241 605 279 626 20
305 591 434 628 καλοῖς
461 588 492 627 τ’
513 587 657 639 ’Έρωσι
686 590 719 627 κ’-
745 588 880 639 Ἰμέρει
1106 590 1296 641 χαίρουσι,
1327 590 1524 639 τέρπονται
1554 589 1642 640 κέρᾳ

268 686 276 695 ,
301 655 362 692 καὶ
390 657 469 694 ταῖς
498 655 659 704 Χάρισιν
688 655 916 695 ἐπισκόποις.
1105 657 1176 693 τῶν
1206 655 1344 693 ἀνθέων
1371 654 1618 705 Ἐρασμικῶν.

348 742 562 792 Tubingae
582 755 678 780 xnr.
703 741 868 781 Oalend.
918 741 1125 792 Septemb.
1185 743 1328 781 Anno.
1349 754 1528 780 M.D.XV1.

664 904 763 943 455.
825 899 889 941 To
920 900 1127 941 ANDREW
1159 901 1423 941 AMMONIUS.

289 1017 451 1062 Farrago
470 1029 505 1062 p.
526 1027 568 1052 22
574 1028 604 1060 3.
1497 1014 1711 1050 Rochester.

290 1076 329 1111 F.
349 1087 384 1120 p.
404 1085 492 1120 332:
522 1075 612 1110 HN:
642 1075 758 1110 Lond.
778 1074 855 1109 viii.
876 1076 939 1109 28:
966 1074 1040 1109 LB.
1064 1084 1139 1118 147.
1410 1084 1454 1108 22
1473 1073 1621 1119 August
1642 1070 1794 1119 (1516).

692 1198 899 1229 ERASMVS
929 1198 1145 1229 AMMONIO
1178 1198 1260 1228 SVO
1292 1198 1325 1230 S.
1352 1198 1394 1230 D.

299 1293 446 1330 PLANE
474 1291 745 1341 vapulaturus
773 1293 857 1329 erat
888 1290 1067 1329 Ioannes
1099 1303 1227 1339 meus,
1261 1290 1307 1328 ni
1335 1289 1477 1329 Morus
1499 1289 1565 1327 illi
1595 1289 1640 1328 in
1659 1290 1846 1339 tempore

244 1358 488 1397 commodus
506 1359 705 1407 patronus
724 1355 935 1394 adfuisset.
1009 1355 1115 1394 Nam
1137 1355 1173 1394 is
1192 1355 1444 1406 simulatque
1464 1355 1632 1394 resciuit
1661 1367 1737 1392 nos
1756 1353 1846 1393 hae·

247 1424 350 1462 sisse
374 1423 525 1467 Roffae,
542 1421 716 1460 accurrit
740 1421 893 1459 iterum
917 1420 1084 1459 visurus
1112 1421 1348 1469 Erasmum‚
1373 1434 1497 1471 quem
1520 1420 1654 1458 vereri
1680 1419 1847 1458 videtur

246 1502 299 1527 ne
323 1488 443 1526 breui
468 1500 553 1526 non
578 1487 633 1525 sit
653 1486 820 1525 visurus
842 1486 1023 1536 posthac.
1080 1485 1125 1524 Is
1147 1485 1278 1535 igitur
1303 1485 1463 1524 famulo
1489 1485 1534 1524 in
1564 1484 1737 1523 consilio
1766 1483 1847 1522 fuit

211 1570 228 1601 5
247 1553 475 1593 abducendi
494 1553 600 1603 equi,
616 1554 886 1602 posteaquam
905 1553 977 1590 tua
992 1554 1141 1601 sponte
1156 1551 1333 1590 offerres.
1356 1551 1489 1590 Video
1513 1549 1848 1600 circumspectius

247 1623 384 1659 tecum
418 1618 625 1669 agendum
642 1632 651 1665 ;
699 1617 798 1655 adeo
837 1619 975 1666 captas
1009 1630 1175 1655 omnem
1205 1616 1391 1655 donandi
1415 1629 1570 1656 ansam.
1639 1615 1847 1654 Remissu-

248 1699 319 1724 rus
337 1697 452 1723 eram
467 1696 621 1722 munus
639 1684 762 1721 tuum
783 1682 909 1720 etiam
930 1682 1047 1721 Moro
1068 1682 1344 1730 dissuadente,
1368 1681 1413 1720 ni
1431 1681 1589 1720 veritus
1601 1680 1777 1719 fuissem
1796 1694 1848 1718 ne

249 1750 515 1801 suspicareris
537 1751 607 1787 aut
627 1762 773 1798 parum
793 1747 899 1786 mihi
912 1748 1070 1797 placere
1089 1750 1162 1786 aut
1181 1761 1247 1786 me
1260 1748 1491 1786 Ammonio
1507 1760 1657 1797 parum
1672 1746 1851 1784 libenter

250 1817 422 1863 debere3
452 1828 548 1854 cum
568 1814 675 1852 nulli
700 1814 871 1852 debeam
891 1813 1104 1862 libentius⁷
1128 1815 1174 1852 vt
1195 1826 1271 1851 nec
1292 1826 1385 1852 amo
1406 1825 1643 1863 quenquam
1663 1810 1844 1850 effusius.

195 1896 232 1918 ιο
250 1882 503 1933 Dispeream,
525 1879 741 1927 Ammoni,
765 1879 810 1917 ni
829 1879 958 1918 istum
977 1881 1100 1917 tuum
1123 1878 1314 1917 animum
1333 1881 1422 1917 tam
1441 1878 1653 1917 excelsum
1681 1880 1850 1926 tamque

250 1949 383 1986 amice
403 1946 585 1985 amicum
604 1945 736 1996 pluris
756 1945 860 1983 facio
879 1945 1092 1995 magisque
1108 1958 1202 1982 amo
1218 1957 1344 1994 quam
1363 1944 1609 1984 vniuersum
1629 1942 1851 1997 strepitum

251 2013 494 2055 Pontificiae
513 2013 704 2051 fortunae
720 2026 728 2059 3
758 2024 832 2049 nec
848 2010 953 2049 mihi
972 2024 1142 2060 possum
1157 2023 1342 2060 vnquam
1362 2023 1509 2060 parum
1529 2009 1661 2048 videri
1672 2009 1853 2046 fortuna·

253 2081 331 2127 tus,
356 2078 489 2128 quoad
510 2076 747 2116 istiusmodi
767 2076 891 2115 amici
912 2078 1036 2114 erunt
1055 2076 1296 2114 incolumes.
1367 2075 1583 2125 Perplacet
1603 2087 1733 2124 equus
1761 2086 1851 2111 can-

253 2145 351 2182 dore
372 2143 558 2192 insignis,
581 2145 623 2181 at
643 2143 777 2192 magis
797 2141 930 2180 animi
949 2141 1012 2180 tui
1032 2141 1205 2180 candore
1225 2141 1551 2180 commendatus.
1623 2139 1850 2178 Malueram

195 2223 232 2255 15
254 2211 298 2249 in
331 2210 434 2248 alios
472 2209 671 2258 quosdam
702 2208 952 2257 praedonem
983 2220 1111 2255 agere,
1149 2207 1194 2245 in
1225 2206 1491 2245 reuerendiss.
1535 2206 1847 2250 Eboracensem,

254 2276 455 2322 Coletum,
478 2273 781 2320 Vrseuuicum3
824 2285 971 2311 verum
1001 2272 1066 2311 illi
1097 2272 1290 2322 sapiunt:
1331 2284 1568 2322 quanquam
1597 2270 1852 2310 Vrseuuicus

254 2341 474 2392 pollicetur
493 2339 703 2388 insignem
723 2351 889 2387 equum,
913 2351 988 2376 nec
1012 2337 1212 2376 addubito
1233 2337 1336 2387 quin
1352 2337 1406 2375 sit
1421 2336 1704 2386 praestiturus,
1728 2336 1854 2385 idque

255 2408 305 2446 ad
340 2405 541 2445 Calendas
573 2417 657 2442 non
691 2404 866 2442 Graecas
893 2403 964 2441 sed
997 2403 1205 2441 Octobres.
1266 2403 1380 2441 Bene
1409 2403 1511 2451 vale,
1545 2401 1783 2441 doctissime
1811 2403 1852 2439 et

256 2473 367 2511 idem
394 2469 698 2510 humanissime
728 2469 941 2508 Ammoni.
1016 2469 1049 2506 E
1076 2469 1301 2507 Brabantia
1331 2468 1509 2507 scribam
1539 2466 1788 2506 Eboracensi
1812 2468 1853 2504 et

198 2550 237 2571 20
255 2539 423 2577 Larcho.

313 2605 467 2642 Roffae.
530 2615 585 2640 XI.
620 2600 820 2640 Calendas
839 2599 1110 2650 Septembres.
1174 2597 1319 2652 [Anno
1339 2598 1547 2652 M.D.X111.]

304 2724 379 2754 454.
399 2731 447 2761 15.
472 2720 641 2761 οὐρειώδων
659 2725 684 2752 b.
809 2730 856 2759 17.
880 2719 1064 2762 κᾴμβρόσια
1082 2724 1108 2751 b.
1230 2731 1281 2751 22.
1308 2720 1413 2758 θαλλῆ
1429 2724 1477 2751 ab.
1599 2720 1675 2750 455.
1692 2730 1722 2758 7.
1748 2720 1852 2749 tuum

260 2770 336 2798 adel.
353 2769 389 2796 F.
493 2775 539 2804 15.
568 2765 607 2795 in
625 2770 695 2796 ante
712 2764 946 2795 reuerendiss.
966 2767 1038 2795 add.
1058 2767 1097 2794 H.
1192 2764 1429 2795 reuerendiss.
1448 2774 1505 2795 om.
1524 2766 1566 2794 H.
1668 2772 1719 2794 21.
1744 2763 1852 2793 Anno

261 2819 405 2841 mnxxu
421 2812 494 2840 add.
512 2811 554 2839 H.

308 2954 381 2984 455.
406 2964 430 2984 1.
457 2952 628 2994 Ioannes]
647 2952 765 2984 Smith
783 2963 791 2991 3
811 2952 854 2983 cf.
869 2953 932 2991 Ep.
945 2961 1018 2991 452.
1092 2952 1153 2991 ing
1170 2951 1234 2982 the
1251 2950 1354 2982 horse
1370 2960 1416 2981 on
1432 2950 1489 2980 his
1506 2948 1670 2979 master’s
1685 2945 1815 2977 behalf.

264 2999 284 3027 8
310 3007 345 3027 n.
383 2997 463 3027 rHis
485 2997 618 3027 offence
636 2996 816 3027 consisted
833 2996 871 3026 in
887 2998 1020 3036 accept·
1135 3004 1188 3026 20.
1207 2993 1358 3034 Larcho]
1384 2993 1434 3023 Cf.
1454 2993 1516 3032 Ep.
1537 2992 1609 3030 283.
1632 2991 1692 3020 166
1708 2999 1743 3020 n.
