2010 3417
95 244 194 300 583]
433 247 584 286 FROM
623 246 896 286 BUDAEUS
932 245 1005 284 TO
1044 245 1342 285 TUNSTALL
1615 245 1691 284 561

93 357 255 407 ingenii
274 358 316 396 et
339 357 568 396 industriae
588 356 874 395 monumentis
900 355 1007 394 mihi
1033 357 1274 405 promptum
1298 355 1374 404 est)
1394 368 1519 405 quam
1539 355 1695 395 isthaec

94 436 191 461 cum
204 423 378 462 Erasmo
391 422 496 461 coita
506 422 679 461 societas
693 421 1005 471 amicorumque
1017 421 1282 460 communio?
1299 434 1489 471 quorum,
1499 423 1546 460 vt
1561 434 1690 472 sperO,

95 488 245 527 iudicio
265 491 306 526 et
331 488 535 527 arbitratu
562 500 731 537 operum
757 500 946 525 meorum
970 488 1219 525 structuram
1246 487 1422 536 posteris
1447 487 1691 537 approbabo.

96 553 286 592 Profecto
305 553 452 592 Iouem
472 553 610 602 ipsum
630 552 826 599 Philium,
845 551 948 590 iuris
966 551 1173 590 amicitiae
1193 551 1422 602 praesidem
1441 555 1482 590 et
1502 552 1695 602 interpre-

96 621 194 667 tem,
205 619 351 662 iurare,
368 619 403 656 si
415 619 545 665 liceat,
558 631 640 656 non
653 617 851 664 dubitem,
863 617 970 655 tanti
982 629 1069 655 esse
1084 616 1193 655 mihi
1207 617 1284 655 hoc
1297 619 1465 667 pactum
1478 619 1523 655 vt
1539 617 1575 655 si
1591 617 1694 656 mihi
1717 631 1732 653 2
1739 630 1754 662 5

96 684 279 722 conditio
299 697 410 722 nunc
430 683 597 731 feratur,
620 682 781 720 homini
802 695 886 720 non
902 681 1108 731 locupleti,
1126 682 1338 731 praedium
1354 684 1494 720 tamen
1511 682 1697 732 opimum

97 761 254 788 merere
272 761 404 787 vnum
426 748 568 789 nolim.
592 750 638 787 vt
658 747 783 786 istam
808 747 1047 786 societatem
1078 748 1252 786 Erasmo
1277 747 1513 786 renunciem
1540 761 1590 786 ex
1616 761 1698 798 qua

96 813 202 852 lucri
220 813 305 851 iam
323 814 488 853 tantum
507 813 596 852 feci.
656 813 741 851 Nec
760 825 902 851 recuso
917 812 1019 862 quin
1038 812 1089 850 ob
1107 825 1239 851 vnum
1259 814 1301 850 te
1318 813 1515 851 Erasmus
1534 826 1576 851 se
1592 813 1698 852 mihi

97 880 295 929 perpetuo
316 891 514 928 suamque
533 878 711 927 imputet
737 877 974 925 amicitiam,
998 877 1200 916 duntaxat
1227 878 1262 916 si
1285 877 1326 916 id
1346 878 1435 916 sine
1457 880 1697 928 contemptu

98 943 181 982 mei
206 943 390 982 facturus
415 945 500 981 est:
531 956 663 993 neque
693 943 805 981 enim
831 943 1030 981 maiorem
1058 955 1242 991 vnquam
1263 956 1286 980 a
1307 956 1372 981 me
1392 943 1495 982 inire
1519 944 1698 994 gratiam
1718 959 1761 990 30

98 1009 318 1060 quisquam
339 1008 504 1058 poterit,

439 1094 527 1134 Οὐδ’
543 1096 576 1133 εἴ
591 1113 656 1145 μοι
675 1096 771 1134 τόσα
792 1095 872 1144 δοίη
893 1095 967 1137 ὅσα
986 1096 1155 1146 ψάμαθός
1174 1113 1213 1134 τε
1227 1096 1323 1136 κόνις
1341 1113 1391 1134 τε.

102 1184 245 1233 Neque
264 1185 407 1221 tamen
427 1183 484 1221 sic
504 1196 665 1233 quoque
685 1196 779 1221 cum
800 1183 972 1221 Erasmo
999 1183 1113 1233 paria
1133 1196 1220 1221 non
1243 1183 1359 1231 facio,
1383 1183 1471 1222 siue
1490 1197 1540 1222 ex
1560 1197 1699 1222 rerum

99 1248 262 1287 euentis
283 1249 462 1287 officium
483 1248 698 1296 amicitiae,
712 1248 802 1286 siue
822 1262 871 1286 ex
891 1248 1023 1286 animi
1038 1249 1213 1287 candore
1232 1262 1277 1287 ac
1296 1249 1499 1298 probitate
1520 1251 1700 1299 spectes:

100 1315 243 1363 vtpote
273 1313 344 1364 qui
368 1313 529 1352 omneis
552 1313 704 1351 amicos
730 1326 842 1351 meos
866 1313 909 1351 in
936 1327 1158 1352 commune
1186 1314 1444 1363 contulerim,
1467 1315 1579 1353 viros
1604 1328 1701 1354 cum
1721 1328 1763 1360 35

101 1380 258 1417 caetera
278 1379 471 1428 egregios,
494 1381 587 1416 tum
607 1379 651 1416 in
671 1378 851 1417 amicitia
870 1391 1070 1428 perquam
1095 1379 1304 1427 officiosos,
1328 1379 1495 1418 tametsi
1514 1380 1700 1418 nondum

101 1457 246 1482 omnes
279 1444 387 1494 apud
419 1457 514 1482 eum
545 1443 719 1493 professi
749 1445 876 1490 sunt3
915 1446 961 1481 vt
991 1457 1044 1481 ne
1084 1444 1193 1493 apud
1226 1457 1294 1482 me
1333 1444 1500 1494 quidem
1539 1445 1701 1483 Erasmi

100 1522 243 1548 omnes
271 1508 422 1548 amici:
460 1508 667 1558 siquidem
692 1508 750 1546 ita
778 1521 897 1558 spero
923 1522 1012 1546 rem
1040 1510 1235 1558 vtrinque
1263 1521 1350 1547 esse
1377 1510 1629 1548 transactam
1656 1512 1701 1548 vt

102 1574 238 1625 primo
259 1587 420 1624 quoque
441 1576 625 1623 tempore
645 1573 712 1612 vel
733 1587 827 1611 cum
847 1573 905 1612 ita
930 1587 994 1612 res
1021 1574 1177 1622 tulerit,
1200 1576 1271 1613 aut
1295 1574 1403 1612 vltro
1430 1576 1501 1612 aut
1524 1574 1639 1613 citati
1658 1574 1700 1612 in

102 1639 291 1678 medium
311 1639 480 1677 nomina
500 1639 638 1678 daturi
658 1638 754 1677 sint.
815 1638 943 1677 Porro
962 1640 1103 1677 autem
1122 1652 1173 1677 ne
1198 1641 1245 1677 tu
1266 1639 1372 1677 mihi
1391 1639 1498 1677 hanc
1518 1639 1700 1678 fortuna-
1721 1656 1764 1687 40

103 1717 198 1743 rum
216 1706 379 1754 partem
400 1706 472 1742 aut
491 1704 620 1743 vilem
640 1716 729 1742 esse
748 1705 820 1742 aut
838 1717 985 1753 parum
1006 1703 1174 1741 charam
1202 1706 1321 1753 putes
1342 1717 1468 1754 quam
1488 1706 1576 1742 tam
1595 1704 1703 1742 bona

103 1769 184 1807 fide
212 1768 257 1807 in
286 1770 472 1807 medium
506 1768 725 1816 conferam,
761 1767 885 1806 velim
920 1767 978 1806 ita
1011 1768 1252 1817 existimes3
1282 1781 1427 1807 census
1456 1782 1523 1806 me
1551 1769 1702 1808 bonam

104 1835 265 1882 partem
294 1833 338 1870 in
367 1833 512 1872 amicis
542 1833 702 1880 habere,
733 1833 816 1870 nisi
845 1832 951 1870 mihi
988 1833 1180 1871 homines
1209 1833 1484 1883 imposturam
1513 1834 1704 1873 factitant

106 1897 337 1936 verborum
351 1898 627 1947 vultuumque
647 1898 851 1936 comitate.
912 1897 992 1935 Sed
1013 1897 1173 1936 vtinam
1195 1898 1425 1936 cuiusmodi
1444 1912 1517 1937 vos
1537 1899 1646 1948 estis,

431 1988 603 2024 Τοιοῦτοι
623 1985 710 2023 δέκα
729 2002 792 2035 μοι
815 1985 1107 2035 συμφράδμονες
1128 1985 1199 2024 εἶεν
1219 1986 1382 2036 ἑταίρων.
1722 2003 1762 2034 45

109 2074 228 2113 Certe
248 2073 342 2123 plus
362 2073 588 2111 industriae
607 2073 747 2123 (quam
767 2073 874 2111 mihi
894 2073 1086 2122 pecuniae
1103 2073 1287 2123 ingentis
1307 2074 1394 2113 loco
1415 2088 1504 2114 esse
1524 2075 1641 2125 duco)
1662 2077 1705 2115 in

109 2138 340 2178 emerendis
359 2139 501 2177 amicis
522 2138 717 2188 occupaui
732 2152 857 2188 quam
876 2138 920 2176 in
940 2139 1195 2178 emercandis
1213 2139 1400 2189 praediis.

164 2204 322 2242 Verum
355 2203 572 2253 epistolam
607 2203 723 2242 illam
753 2205 870 2242 tuam
896 2203 1129 2252 iucundam,
1161 2217 1341 2253 suauem,
1374 2205 1593 2255 mellitam,
1625 2220 1706 2246 sac-

110 2270 318 2308 charatam
339 2269 511 2307 eandem
532 2270 571 2307 et
590 2268 742 2307 salsam
771 2282 816 2307 ac
849 2269 1023 2308 mirifica
1046 2269 1223 2319 quadam
1250 2283 1448 2309 sensuum
1479 2272 1706 2311 acrimonia

110 2335 332 2381 conditam,
356 2334 490 2383 accepi
510 2334 641 2384 pridie
661 2334 801 2372 Nonas
821 2334 960 2383 Maias,
986 2347 1116 2384 quum
1141 2348 1226 2373 non
1251 2335 1309 2373 ita
1326 2336 1482 2375 multos
1501 2338 1598 2375 ante
1619 2337 1707 2376 dies
1725 2349 1766 2381 50

111 2412 276 2449 peregre
296 2399 507 2447 redissem,
532 2412 607 2437 nec
625 2400 718 2437 tum
738 2399 838 2437 satis
853 2412 986 2437 essem
1008 2400 1224 2438 commoda
1242 2399 1490 2449 valetudine,
1514 2401 1565 2439 ob
1585 2402 1707 2452 idque

112 2463 325 2502 subtristis
343 2465 383 2502 et
403 2463 452 2501 ad
473 2463 661 2502 studium
680 2463 998 2502 instaurandum
1019 2464 1214 2502 remissus
1240 2478 1285 2503 ac
1311 2465 1542 2514 languidus.
1616 2466 1706 2505 Hac

113 2527 285 2578 epistola
309 2528 462 2566 cursim
489 2528 674 2577 primum
698 2541 743 2566 ac
769 2542 871 2578 pene
899 2529 1116 2579 singultim
1143 2530 1347 2579 deuorata,
1378 2529 1526 2568 deinde
1550 2531 1706 2570 iterum

113 2595 346 2643 iterumque
366 2593 471 2631 lecta
491 2594 531 2631 et
551 2595 767 2643 regustata,
790 2593 848 2631 ita
874 2594 1030 2632 sensim
1058 2594 1124 2632 vel
1151 2596 1317 2644 repente
1339 2595 1478 2644 potius
1503 2597 1707 2634 recreatus

114 2671 209 2697 sum
227 2663 267 2696 et
286 2657 499 2705 hilaratus,
521 2660 567 2696 vt
593 2671 758 2696 omnem
785 2658 890 2696 mihi
917 2658 1131 2696 tristitiam
1159 2661 1201 2697 et
1226 2659 1454 2698 socordiam
1479 2659 1705 2699 abstersam
1725 2676 1764 2708 55

114 2736 360 2772 omnemque
380 2722 633 2761 alacritatem
655 2723 892 2761 restitutam
913 2736 1075 2761 mecum
1087 2723 1174 2772 ipse
1187 2724 1421 2762 demirarer.
1470 2724 1520 2762 Id
1537 2724 1706 2763 demum

160 2830 213 2851 21.
245 2819 337 2850 mihi
361 2821 566 2859 promptum
591 2821 645 2850 est
668 2823 720 2851 D:
752 2820 896 2851 institui
919 2821 952 2854 β.
1064 2820 1199 2851 isthaec
1222 2823 1275 2851 H:
1307 2822 1395 2852 istac
1418 2822 1502 2854 DB:
1531 2822 1646 2853 isthac
1669 2825 1705 2854 F.

118 2866 171 2895 26.
195 2866 317 2894 tamen
340 2865 386 2894 D:
419 2864 494 2902 ipse
517 2864 550 2897 β.
662 2866 705 2894 F:
738 2864 915 2903 optimum
939 2866 977 2895 D.
1119 2865 1171 2895 28.
1196 2864 1268 2894 iam
1291 2867 1342 2894 D:
1373 2865 1456 2904 puri
1479 2865 1651 2904 probique
1674 2868 1708 2900 β.

117 2917 168 2946 3ο.
196 2916 312 2946 neque
329 2907 427 2936 enim
444 2930 451 2937 .
470 2929 478 2938 .
497 2929 505 2937 .
525 2916 577 2945 32.
596 2905 678 2937 κόνις
697 2918 732 2937 τε
749 2909 823 2938 add.
842 2908 876 2941 β.
988 2916 1042 2945 34.
1066 2906 1107 2938 D²
1123 2919 1131 2938 ι
1153 2909 1272 2938 euntis
1288 2906 1339 2938 D1.
1451 2908 1504 2946 38.
1527 2908 1707 2948 siquidem

118 2953 166 3024 ἔζη
195 2950 224 3027 ξ
247 2950 395 2988 quidem
418 2951 452 2983 β.
583 2959 636 2988 44.
669 2950 737 2981 Sed
761 2951 900 2980 vtinam
924 2973 933 2982 .
961 2973 969 2981 .
997 2973 1004 2980 .
1028 2959 1081 2989 45.
1107 2949 1239 2990 ἑταίρων
1262 2953 1335 2982 add.
1359 2952 1393 2985 β.
1523 2953 1575 2990 48.
1605 2952 1707 2984 illam

162 3104 214 3134 32.
241 3093 316 3124 Οὐδ’
335 3093 378 3133 εἴ]
402 3094 506 3124 Hom.
527 3094 566 3124 ΙΙ.
583 3102 614 3131 9.
633 3093 708 3132 385.
1004 3101 1054 3132 45.
1081 3093 1240 3136 Τοιοῦτοι]
1266 3094 1316 3127 cf.
1336 3094 1443 3126 Hom.
1464 3097 1504 3126 Il.
1522 3105 1553 3126 2.
1571 3104 1644 3135 372.

186 3159 291 3180 Anum
309 3160 337 3179 11
883 3163 907 3188 Ο
928 3163 951 3188 Ο
