2010 3417
234 528 269 559 15

295 146 372 183 176
756 143 1008 182 LETTERS
1048 143 1118 181 OF
1156 143 1423 183 ERASMUS
1764 143 1804 198 [1
1814 157 1834 193 5
1844 158 1858 182 1
1869 156 1891 194 5

291 253 568 299 sectatoribus,
602 252 752 302 quibus
780 251 889 289 nihil
923 264 1019 289 cum
1053 251 1359 300 syncerioribus
1387 251 1538 290 litteris
1567 264 1788 292 commune
1816 256 1891 294 est.

291 319 398 357 Nam
428 320 468 355 et
493 317 687 355 historias
715 316 895 366 explicui
914 318 954 354 et
974 317 1106 354 cetera
1127 316 1304 366 quedam
1325 316 1483 355 scholia
1509 317 1583 366 (ita
1611 319 1657 356 tu
1688 319 1894 368 nominas)

289 382 430 421 adieci.
476 382 779 430 Quaterniones
799 382 902 420 duos
924 381 1047 419 mitto
1065 395 1074 429 ;
1104 394 1179 420 nec
1199 381 1311 420 enim
1331 382 1516 420 extrema
1535 395 1685 420 manus
1700 382 1896 433 imposita

290 451 362 495 est,
390 448 484 486 licet
514 448 558 485 in
587 447 696 485 calce
725 446 888 485 modica
916 448 1086 495 restent,
1118 460 1192 496 per
1219 446 1296 485 hos
1324 446 1483 486 natales
1512 446 1602 486 dies
1629 447 1895 489 absoluenda.

290 512 496 551 Iuditium
530 514 652 550 tuum
681 513 787 561 peto,
819 514 860 550 et
896 511 1064 561 quidem
1099 524 1191 550 acre
1222 514 1263 550 et
1292 511 1374 551 tale
1403 512 1512 562 quod
1542 511 1682 551 iuditii
1712 512 1893 553 frontem

289 578 447 616 referat.
490 577 534 616 Si
550 590 600 615 ex
613 578 739 626 ponte
755 576 959 623 deieceris,
977 577 1062 615 iam
1078 577 1145 616 vel
1165 576 1281 615 nullo
1298 590 1389 615 meo
1411 577 1606 627 suffragio
1626 577 1893 618 iuuabuntur.

290 644 449 693 Susque
468 642 599 692 deque
620 642 717 690 fero,
740 655 846 681 vrna
868 641 1060 680 excidant
1085 655 1139 680 an
1165 643 1318 691 gradus
1340 644 1509 681 teneant
1527 656 1536 690 ;
1570 643 1736 693 quando
1755 646 1890 692 tuum,

289 708 370 747 viri
396 709 504 746 sicut
530 708 720 746 omnium
741 707 958 746 doctorum
984 707 1186 757 principis
1204 707 1263 745 ita
1282 707 1402 757 plane
1433 707 1544 756 iusti,
1567 708 1767 746 iuditium
1797 721 1896 758 prae

288 773 496 811 Hamonis
515 773 593 811 erit
613 772 788 811 oraculo.
813 772 1034 811 Laborabis
1059 775 1198 810 autem
1225 772 1276 821 (si
1300 773 1424 811 modo
1444 773 1567 820 labor,
1591 774 1633 811 et
1652 786 1735 811 non
1754 773 1894 812 verius

232 856 271 877 20
289 839 500 890 occupatio
519 838 586 887 sit)
600 851 684 877 non
703 838 867 876 frustra.
908 837 1170 877 Cuicuimodi
1189 838 1304 876 enim
1324 838 1403 876 iste
1423 851 1514 877 mee
1534 851 1643 888 nuge
1664 839 1760 885 sint,
1778 840 1894 877 tuam

233 1182 270 1213 25

289 908 432 945 tamen
452 916 617 954 operam
635 903 855 942 honorario
876 902 1081 953 condigno
1100 916 1195 941 sum
1215 916 1491 941 remensurus.
1536 902 1649 942 Vale.
1709 903 1893 942 Paucula

289 972 392 1010 istec
418 972 458 1008 et
484 969 593 1007 male
618 969 783 1007 tornata
809 968 1008 1006 scribenti
1029 981 1148 1017 parce
1163 982 1172 1016 ;
1202 970 1400 1018 premunt
1427 968 1540 1006 enim
1562 969 1631 1007 vel
1660 968 1706 1007 in
1732 969 1809 1007 hoc
1837 969 1894 1018 ip-

289 1037 468 1082 sissumo
506 1034 724 1073 Dominico
755 1033 820 1071 die
847 1033 1010 1083 negotia
1039 1033 1217 1072 forensia
1246 1046 1293 1072 eo
1321 1033 1501 1084 pondere
1529 1036 1576 1072 vt
1605 1034 1792 1084 spirandi
1820 1033 1891 1074 vix

290 1102 347 1140 sit
365 1114 477 1140 vsus.
548 1099 661 1146 Vale,
686 1098 907 1138 Germanie
927 1098 1072 1137 lumen
1101 1101 1142 1137 et
1172 1098 1306 1138 decus.

345 1167 409 1205 Ex
429 1165 630 1215 Friburgo
650 1177 742 1203 xvn
762 1164 815 1202 K.
839 1164 929 1202 Ian.
952 1165 1078 1203 Anno
1099 1166 1168 1202 &c.
1193 1177 1261 1203 xv.

1071 1230 1186 1268 Tuus
1207 1229 1424 1268 Vdalricus
1444 1229 1588 1268 Zasius
1607 1228 1650 1269 11.
1675 1229 1778 1268 doct.

346 1296 589 1335 Bonifacius
615 1297 755 1334 noster
778 1296 893 1334 totus
918 1294 1010 1334 alba
1038 1294 1148 1333 linea
1173 1295 1252 1333 tibi
1282 1308 1388 1333 sesse
1416 1295 1681 1333 commendat
1701 1308 1710 1342 ;
1740 1294 1808 1332 cui
1827 1293 1894 1332 vel

290 1362 485 1413 perfricta
511 1361 648 1400 fronte
678 1360 855 1399 scribere
884 1373 969 1398 non
997 1360 1131 1407 audet,
1164 1360 1333 1410 quando
1365 1362 1594 1410 spectatore
1625 1361 1698 1398 tuo
1732 1372 1894 1409 semper

290 1428 422 1467 maior
461 1426 608 1466 obstes.
667 1426 781 1464 Tuus
818 1427 962 1463 tamen
1001 1427 1063 1463 est
1112 1425 1170 1463 ita
1207 1427 1253 1464 vt
1293 1427 1356 1463 est
1394 1425 1631 1464 studiorum
1662 1424 1893 1474 legalium3

232 1509 273 1539 30
291 1495 562 1543 vtrorumque
582 1491 696 1530 enim
715 1492 827 1529 totus
848 1491 911 1529 est
930 1492 1082 1540 quotus
1101 1490 1240 1540 spirat.

759 1668 851 1707 377.
914 1666 977 1706 To
1009 1665 1161 1707 PETER
1191 1664 1422 1708 CARAFFA.

335 1760 498 1804 Farrago
516 1770 553 1804 p.
578 1759 653 1793 182.
1560 1754 1681 1790 Basle.

337 1818 377 1854 F.
395 1831 430 1864 p.
451 1827 539 1862 321:
568 1814 662 1851 HN:
691 1815 807 1850 Lond.
824 1814 884 1850 vii.
908 1824 970 1850 12:
996 1814 1068 1849 LB.
1088 1814 1183 1859 App.
1207 1816 1258 1850 16.
1402 1824 1445 1858 23
1465 1813 1672 1850 December
1691 1811 1845 1859 (1515).

453 1909 565 1950 [1515,
584 1908 732 1939 because
749 1907 811 1938 the
828 1907 915 1938 New
930 1906 1138 1938 Testament
1157 1906 1234 1947 (Ep.
1251 1906 1332 1946 384)
1351 1906 1381 1937 is
1399 1906 1525 1946 nearly
1540 1904 1727 1946 finished.]

291 2019 331 2049 R.
352 2019 390 2049 P.
414 2018 456 2048 D.
480 2017 621 2047 PETRO
649 2016 871 2056 CARAFFA,
898 2016 1111 2048 EPISCOPO
1141 2015 1386 2056 THEATINO,
1415 2015 1586 2047 NVNCIO
1617 2015 1892 2047 APOSTOLICO

607 2085 730 2115 APVD
760 2085 947 2123 ANGLOS,
979 2085 1184 2116 ERASMVS
1216 2085 1438 2116 ROTEROD.
1466 2086 1501 2117 S.
1529 2086 1572 2115 D.

347 2174 720 2212 REVERENmssmr:
741 2171 878 2218 Pater,
900 2170 1024 2219 sensi,
1047 2171 1169 2215 sensi,
1191 2172 1262 2209 sed
1283 2184 1372 2209 sero
1393 2171 1507 2209 sensi
1537 2183 1718 2209 errorem
1748 2183 1893 2208 meum

292 2239 341 2278 de
359 2252 533 2277 munere
545 2239 627 2276 tuo.
687 2237 1003 2275 Admonueram
1023 2238 1069 2275 vt
1090 2249 1173 2274 non
1194 2236 1331 2275 solum
1351 2237 1512 2275 faueres
1532 2235 1602 2274 sed
1629 2236 1757 2274 etiam
1777 2235 1891 2274 adiu—

291 2307 412 2343 tares.
470 2304 530 2342 At
558 2303 668 2353 quod
689 2315 763 2353 ego
793 2302 843 2340 de
862 2301 994 2340 literis
1013 2315 1059 2340 ac
1079 2301 1268 2340 doctrina
1294 2301 1538 2347 sentiebam,
1566 2303 1614 2339 tu
1645 2301 1693 2338 de
1717 2300 1892 2351 pecunia

290 2369 465 2420 putabas
496 2368 666 2407 dictum.
738 2367 832 2406 Dici
851 2380 937 2405 non
957 2368 1094 2416 potest
1114 2367 1275 2416 quoties
1295 2380 1361 2405 me
1381 2369 1523 2417 postea
1552 2366 1748 2415 puduerit
1776 2366 1887 2405 facti.

291 2435 460 2474 Nouum
490 2434 806 2472 Testamentum
837 2432 921 2471 iam
952 2432 1252 2482 propemodum
1280 2432 1518 2470 absolutum
1547 2433 1620 2479 est,
1653 2433 1693 2470 et
1724 2430 1891 2481 quidem

291 2500 393 2539 satis
411 2499 596 2546 feliciter,
617 2498 700 2537 nisi
719 2498 829 2548 quod
849 2510 922 2547 ego
942 2497 1152 2536 laboribus
1172 2510 1329 2535 enecor.
1371 2497 1505 2535 Adest
1525 2498 1597 2547 qui
1615 2497 1660 2534 in
1673 2495 1891 2534 Hebraicis

291 2564 484 2604 nonnihil
504 2566 726 2603 succurrat.
768 2563 916 2613 Operis
934 2576 1099 2602 summa
1119 2565 1345 2601 succrescet
1365 2563 1415 2600 ad
1437 2563 1644 2611 octoginta
1658 2562 1789 2599 ferme
1814 2562 1891 2599 ter-

335 2676 408 2707 376.
430 2685 478 2715 15.
499 2687 541 2707 a:
565 2676 691 2707 iudicii
707 2677 729 2710 β
745 2687 752 2705 :
776 2675 906 2705 iudicis
923 2677 987 2705 LB.
1079 2675 1128 2705 16.
1151 2673 1208 2705 vel
1225 2673 1325 2704 nullo
1341 2684 1380 2705 a:
1403 2673 1505 2704 nullo
1518 2674 1575 2704 vel
1587 2675 1621 2708 β.
1714 2681 1762 2710 17.
1781 2669 1890 2712 grad9

291 2731 311 2749 a
327 2731 333 2750 :
356 2720 509 2760 gradum
525 2721 559 2755 β.
720 2719 769 2750 18.
786 2719 971 2749 doctorum
988 2728 1046 2749 om.
1063 2720 1097 2752 β.
1256 2728 1303 2757 19.
1332 2718 1510 2749 Hamonis
1525 2718 1570 2751 αβ
1587 2728 1594 2748 :
1617 2716 1808 2747 Ammonis
1823 2715 1888 2744 ΕΒ.

292 2764 390 2795 veri9
406 2766 510 2794 aLB:
534 2764 651 2795 verior
666 2764 698 2797 β.
854 2763 904 2793 26.
929 2762 1024 2792 Tuus
1042 2784 1050 2792 .
1070 2784 1076 2792 .
1098 2785 1105 2792 .
1125 2762 1215 2792 (loct.
1235 2764 1310 2791 add.
1328 2763 1362 2796 β.
1527 2771 1579 2799 27.
1605 2759 1812 2791 Bonifacius
1828 2781 1836 2788 .
1852 2780 1860 2787 .
1881 2778 1888 2784 .

293 2816 343 2844 30.
387 2807 497 2847 spirat
533 2817 592 2838 om.
627 2808 650 2840 β
691 2807 702 2845 ζ
707 2807 759 2838 28.
798 2807 994 2847 spectatore
1028 2807 1138 2842 scripsi
1156 2816 1162 2835 :
1205 2805 1387 2844 speculare
1422 2807 1492 2836 MS.
1557 2806 1598 2841 Gs.
1636 2805 1693 2839 Ep.
1729 2800 1885 2841 30:332).

293 2850 367 2880 377.
396 2860 422 2881 1.
449 2850 656 2881 Reuerende
679 2852 714 2882 F.
851 2859 880 2880 2.
908 2849 1097 2879 adiuuares
1112 2852 1147 2888 F,
1167 2850 1205 2885 cf.
1225 2851 1282 2885 Ep.
1300 2858 1375 2887 379.
1392 2859 1456 2887 4²1*-

337 2947 411 2977 377.
457 2951 486 2978 6.
544 2949 583 2979 in
631 2946 836 2988 Hebraicis]
883 2947 1059 2978 Oecolam-
1173 2957 1201 2985 7.
1239 2945 1434 2986 octoginta]
1465 2945 1579 2975 There
1611 2952 1669 2973 are
1701 2942 1740 2971 81
1770 2940 1888 2971 sheets

293 2990 420 3030 padius
436 3001 443 3028 3
473 2990 517 3021 cf.
547 2992 610 3030 Ep.
636 3000 706 3030 373.
728 3001 767 3029 72
785 3001 854 3030 seq.
1127 2989 1329 3029 altogether
1346 2990 1384 3020 in
1401 2989 1462 3020 the
1480 2990 1607 3018 Nouum
1623 2987 1889 3016 Instrumentum.
