2010 3417
111 165 210 220 373]
662 169 734 209 ΤΟ
772 168 892 207 THE
929 168 1163 209 READER
1633 172 1712 210 167

109 279 262 317 horum
283 292 386 329 quos
412 279 598 318 recensui
625 279 814 318 codicum
842 278 980 328 fidem,
1002 281 1044 318 et
1070 280 1248 319 aliorum
1276 280 1345 319 his
1369 281 1583 331 similium,
1607 295 1710 333 quos
1730 291 1770 322 30

110 357 197 383 non
209 344 381 394 perinde
400 344 526 383 refert
540 356 778 384 memorare.
811 344 1028 384 Postremo
1047 345 1099 384 ad
1110 345 1500 396 probatissimorum
1520 348 1710 387 omnium

110 408 322 460 suffragiis
353 411 548 448 autorum
580 409 648 448 vel
688 408 928 448 citationem
966 409 1034 448 vel
1071 410 1409 451 emendationem
1449 411 1517 451 vel
1551 425 1710 452 enarra-

110 475 282 523 tionem,
304 487 456 525 nempe
477 474 678 524 Origenis,
702 474 1002 525 Chrysostomi,
1025 474 1185 526 Cyrilli,
1207 476 1467 527 Hieronymi,
1483 477 1710 526 Ambrosii,

111 538 276 588 Hilarii,
299 539 538 590 Augustini,
563 539 872 590 Theophylacti,
895 540 1051 589 Basilii,
1074 541 1237 580 Bedae:
1267 555 1444 592 quorum
1473 543 1713 582 testimonia

109 605 406 656 complusculis
425 604 529 644 locis
555 605 601 643 in
627 604 705 643 hoc
735 604 984 644 adduximus
1003 607 1060 653 vt,
1084 619 1179 645 cum
1202 607 1386 657 prudens
1406 607 1534 647 lector
1551 621 1713 659 perspe-
1732 620 1772 653 35

109 670 218 709 xerit
237 670 360 709 certis
377 670 424 708 in
442 669 543 708 locis
562 671 750 708 nostram
770 670 1105 709 emendationem
1126 684 1222 710 cum
1247 672 1415 711 illorum
1441 673 1595 713 iudicio
1622 686 1714 712 con·

109 735 276 784 sentire,
299 736 345 774 in
371 735 542 774 caeteris
567 735 670 773 item
699 735 820 773 nobis
846 735 998 774 habeat
1018 736 1155 783 fidem,
1179 737 1224 774 in
1244 737 1396 787 quibus
1423 738 1536 776 haud
1556 738 1640 777 scio
1659 750 1712 776 an

110 813 206 839 casu
225 801 383 839 factum
402 800 457 838 sit
471 803 516 839 vt
535 799 602 838 illi
620 799 729 838 nihil
748 800 989 839 annotarint
1007 802 1078 839 aut
1097 801 1253 852 alioqui
1273 802 1487 852 suffragati
1506 803 1673 842 fuerint.

163 865 322 904 Verum
349 865 547 915 quoniam
566 865 747 904 sciebam
766 865 990 904 hominum
1011 878 1126 904 more
1144 866 1236 905 fieri
1256 869 1303 905 vt
1328 880 1424 906 cum
1453 868 1648 907 omnibus
1667 868 1713 907 in

108 930 243 979 rebus,
265 933 359 970 tum
378 930 596 980 praecipue
614 931 660 969 in
687 930 839 969 studiis
863 944 1026 981 semper
1054 931 1234 970 offendat
1262 932 1442 980 nouitas,
1471 935 1513 972 et
1531 933 1713 971 veterem
1730 947 1773 979 40

107 995 231 1034 illum
250 997 420 1045 gustum
439 1008 486 1034 ac
505 996 754 1034 familiarem
774 998 1010 1045 notamque,
1032 996 1140 1035 sicut
1158 997 1288 1045 aiunt,
1306 997 1484 1036 saliuam
1502 997 1712 1048 plaerique

109 1061 345 1112 requirant3
377 1061 525 1100 deinde
545 1062 803 1111 perpendens
823 1064 978 1111 quanto
998 1062 1160 1100 facilius
1180 1062 1246 1111 sit,
1268 1063 1335 1101 his
1353 1064 1593 1113 praesertim
1611 1065 1712 1102 tem-

108 1126 291 1176 poribus,
327 1126 568 1165 emendatos
604 1126 732 1165 libros
775 1127 1000 1176 deprauare
1038 1140 1164 1177 quam
1203 1129 1448 1177 deprauatos
1480 1129 1708 1175 emendare,

108 1192 237 1231 sacris
266 1192 386 1231 libris
414 1192 637 1243 recognitis
668 1192 746 1231 hos
789 1193 906 1230 velut
945 1192 1105 1231 indices
1136 1194 1440 1233 annexuimus:
1482 1194 1636 1244 partim
1665 1196 1712 1232 vt

108 1257 255 1296 lectori
284 1258 512 1296 faceremus
544 1257 647 1296 satis
680 1257 840 1296 reddita
872 1258 1032 1296 ratione
1062 1258 1162 1309 quid
1196 1272 1269 1297 eur
1300 1261 1512 1298 mutatum
1541 1259 1608 1306 sit,
1641 1259 1713 1297 aut
1730 1275 1770 1306 45

110 1325 219 1361 certe
250 1323 517 1373 placaremus,
554 1322 592 1362 si
619 1322 720 1373 quid
746 1323 853 1361 forte
879 1323 1108 1372 offenderit,
1131 1326 1176 1362 vt
1205 1324 1318 1362 varia
1345 1326 1445 1363 sunt
1473 1323 1714 1363 mortalium

108 1391 203 1427 tum
232 1388 402 1438 ingenia
429 1390 522 1426 tum
549 1388 702 1427 iudicia
717 1402 726 1435 ;
755 1388 909 1438 partim
936 1390 982 1428 vt
1012 1389 1148 1439 operis
1176 1389 1458 1430 incolumitati
1486 1389 1712 1428 consulere-

109 1467 215 1502 mus,
237 1467 291 1492 ne
316 1453 490 1504 posthac
520 1453 652 1493 cuiuis
676 1453 722 1492 in
744 1454 924 1504 procliui
952 1456 1059 1493 esset
1088 1468 1257 1494 rursum
1274 1455 1423 1494 vitiare
1446 1455 1555 1506 quod
1584 1455 1712 1493 tantis

109 1519 329 1560 sudoribus
369 1519 506 1559 fuerat
541 1521 767 1570 vtcumque
806 1520 1062 1559 restitutum.
1138 1520 1334 1560 Primum
1372 1521 1501 1571 igitur
1538 1521 1574 1558 si
1611 1520 1712 1571 quid

108 1585 376 1625 librariorum
401 1585 470 1624 vel
494 1584 654 1625 incuria
682 1586 750 1624 vel
772 1585 946 1635 inscitia,
971 1586 1006 1624 si
1029 1586 1127 1636 quid
1152 1588 1389 1637 temporum
1417 1586 1571 1625 iniuria
1588 1585 1712 1625 vicia·
1731 1601 1772 1632 50

107 1654 202 1691 tum
230 1650 519 1701 comperimUS,
540 1650 585 1689 id
613 1663 697 1689 non
727 1653 894 1698 temere,
915 1651 987 1690 sed
1016 1651 1157 1690 omnia
1183 1665 1288 1703 quae
1314 1652 1433 1691 licuit
1456 1651 1708 1698 subodorati,

109 1729 330 1766 germanae
363 1715 623 1755 reddidimus
647 1715 827 1754 lectioni.
889 1716 935 1754 Si
961 1716 1060 1766 quid
1094 1717 1308 1757 obscurius
1334 1717 1493 1756 dictum
1521 1716 1708 1762 occurrit,

109 1782 439 1830 illustrauimus;
468 1781 504 1820 si
523 1781 622 1832 quid
641 1782 834 1832 ambigue
855 1781 1016 1820 dictum
1029 1796 1075 1821 ac
1094 1782 1338 1833 perplexius,
1354 1783 1398 1821 id
1411 1782 1686 1832 explicuimus
1702 1796 1711 1828 ;
1732 1831 1743 1841 ‘

111 1847 244 1886 sicubi
256 1847 437 1885 varietas
455 1847 803 1897 exemplariorum
816 1849 887 1885 aut
907 1847 1070 1886 diuersa
1090 1848 1301 1886 distinctio
1316 1850 1388 1886 aut
1406 1848 1495 1898 ipsa
1509 1846 1713 1886 sermonis

111 1912 360 1963 ambiguitas
381 1912 518 1950 varios
538 1912 673 1962 gignit
699 1925 856 1957 sensus,
877 1912 936 1950 sic
965 1925 1033 1951 eos
1060 1913 1301 1962 aperuimus
1326 1914 1374 1951 vt
1402 1913 1713 1952 ostenderemus
1731 1929 1771 1960 55

111 1978 211 2028 quid
241 1977 362 2016 nobis
390 1977 523 2027 magis
550 1977 801 2027 probaretur,
824 1979 1031 2016 caeterum
1061 1977 1205 2017 lectori
1242 1978 1445 2017 iudicium
1470 1977 1710 2017 deferentes.

111 2043 167 2081 Et
200 2055 438 2092 quanquam
469 2042 520 2080 ab
551 2043 790 2093 interprete,
813 2042 1000 2092 quisquis
1026 2043 1063 2081 is
1084 2043 1177 2091 fuit,
1202 2043 1254 2082 ob
1283 2044 1556 2083 inueteratam
1585 2045 1626 2082 et
1654 2056 1711 2081 re-

111 2110 273 2157 ceptam
303 2107 531 2146 editionem
563 2121 650 2146 non
679 2107 858 2146 libenter
889 2108 1170 2157 dissentimus,
1195 2111 1339 2148 tamen
1367 2108 1501 2147 sicubi
1528 2122 1595 2147 res
1622 2108 1712 2157 ipsa

110 2172 249 2223 palam
282 2172 469 2211 clamitat
497 2172 621 2211 illum
649 2172 717 2211 vel
746 2172 991 2212 dormitasse
1024 2173 1092 2212 vel
1121 2173 1426 2212 hallucinatum
1455 2173 1592 2222 fuisse,
1627 2185 1712 2211 non

110 2238 232 2276 veriti
259 2250 406 2276 sumus
434 2239 476 2276 et
503 2237 581 2276 hoc
609 2237 793 2277 indicare
820 2238 976 2287 lectori,
1001 2238 1061 2277 ita
1083 2239 1391 2289 patrocinantes
1409 2239 1576 2278 veritati
1594 2240 1641 2277 vt
1667 2239 1712 2276 in
1728 2245 1771 2276 60

111 2303 325 2342 neminem
344 2302 474 2341 simus
495 2302 798 2343 contumeliosi.
872 2303 1144 2343 Soloecismos
1163 2303 1374 2343 euidentes
1393 2317 1439 2342 ac
1458 2304 1713 2354 prodigiosos

112 2367 412 2416 submouimus,
449 2369 490 2406 et
527 2368 586 2406 ita
615 2368 820 2407 sermonis
853 2368 1102 2418 elegantiam
1140 2368 1304 2420 vbique,
1340 2371 1547 2419 quantum
1579 2368 1706 2415 licuit,

113 2433 247 2470 secuti
269 2446 428 2481 sumus,
449 2435 496 2472 vt
523 2433 659 2472 nihilo
684 2433 824 2472 minor
850 2436 957 2473 esset
986 2434 1245 2484 simplicitas.
1306 2434 1448 2484 Neque
1475 2434 1621 2484 piguit,
1640 2432 1712 2471 vbi

115 2495 260 2535 Graeci
279 2497 483 2536 sermonis
501 2498 570 2536 vel
590 2499 721 2548 ἰδίωμα
735 2498 803 2537 vel
823 2499 989 2549 ἔμφασις
1009 2498 1167 2549 aliquid
1186 2499 1313 2538 habet
1332 2499 1440 2548 quod
1453 2499 1504 2536 ad
1524 2496 1713 2548 mysterii

113 2561 318 2600 rationem
338 2563 530 2612 pertinet,
552 2565 877 2603 commonstrare
898 2566 938 2602 et
961 2564 1130 2614 aperire.
1727 2567 1768 2610 65

168 2626 356 2676 Denique
380 2627 622 2667 testimonia
640 2628 804 2667 Veteris
826 2628 1115 2676 Instrumenti,
1139 2641 1241 2678 quae
1265 2641 1351 2666 non
1376 2641 1505 2678 pauca
1529 2627 1710 2666 citantur

114 2691 183 2730 vel
203 2703 254 2729 ex
271 2691 615 2741 interpretatione
635 2692 906 2743 Septuaginta
927 2693 994 2732 vel
1011 2706 1061 2731 ex
1080 2692 1182 2742 ipsis
1198 2693 1484 2731 Haebreorum
1508 2692 1710 2742 fontibus,

115 2757 152 2796 si
169 2756 332 2817 quando
357 2755 528 2795 illorum
544 2757 696 2795 aeditio
707 2770 802 2795 cum
819 2757 1048 2796 Haebraica
1062 2757 1255 2796 dissentit
1270 2757 1440 2807 origine,
1458 2757 1712 2796 contulimus

158 2887 212 2916 34.
236 2875 495 2916 Theophylacti
511 2899 520 2907 .
541 2898 549 2907 .
567 2900 575 2908 .
593 2876 710 2907 Bedae
726 2878 798 2907 add.
817 2887 852 2915 ·γ.
950 2877 1004 2915 38.
1029 2876 1162 2916 alioqui
1178 2879 1251 2907 add.
1269 2888 1301 2915 7.
1403 2877 1455 2907 61.
1481 2877 1710 2909 Soloecismos

116 2945 124 2952 .
143 2945 149 2951 .
175 2944 182 2950 .
197 2920 250 2959 63.
274 2920 489 2959 simplicitas
504 2922 577 2951 add.
595 2921 628 2953 β.

631 3037 680 3066 41.
700 3026 868 3067 saliuam]
895 3026 945 3058 Cf.
966 3029 1069 3066 Aclaq.
1093 3037 1186 3067 1319.
