2010 3417
90 237 186 290 579]
1598 240 1677 279 555

513 319 606 357 579.
669 317 801 358 FROM
832 316 1001 357 HENRY
1034 317 1260 358 BULLOCK.

136 426 324 462 Deventer
340 426 418 462 MS.
439 438 494 473 91,
514 428 539 462 f.
561 438 636 464 120.
1364 427 1596 474 Cambridge.

136 484 207 518 LB.
228 485 323 530 App.
344 487 401 521 61.
1333 496 1348 521 1
1369 486 1456 532 May
1479 485 1631 532 (1517)-

133 592 234 633 [1517
250 595 281 624 is
301 593 364 625 the
385 594 470 633 only
486 603 569 633 year
590 594 683 625 after
706 594 768 625 the
791 594 1013 634 publication
1036 594 1074 625 of
1091 594 1154 625 the
1171 594 1258 625 New
1273 594 1479 625 Testament
1500 595 1539 624 in
1557 593 1678 624 which

89 634 258 668 Erasmus
274 637 442 668 revisited
459 637 658 678 England.]

175 756 446 788 DOCTISSIMO
478 757 616 788 SIMVL
649 758 702 787 ΕΤ
734 757 1122 794 ELOQVENTISSIMO
1154 758 1380 789 MAGISTRO
1416 757 1592 787 ERASMO

543 827 771 858 HENRICVS
804 826 1022 856 BOVILLVS
1054 828 1087 857 S.
1115 827 1158 857 D.
1186 828 1222 858 P.

144 914 269 963 vim
302 916 347 955 in
379 918 571 956 concione
597 932 729 968 nuper
757 918 864 968 apud
900 918 1047 956 fratres
1086 932 1188 968 quos
1217 918 1341 967 vulgo
1369 918 1678 956 Praedicatores

87 981 247 1028 vocant,
272 994 347 1031 ego
365 984 408 1020 et
435 982 656 1031 Briannus,
680 983 807 1021 homo
835 982 1023 1021 omnium
1050 985 1092 1022 te
1110 997 1194 1022 vno
1218 985 1387 1033 excepto
1407 983 1514 1021 mihi
1533 981 1678 1020 multis

88 1044 329 1085 nominibus
374 1046 649 1096 charissimus,
690 1061 772 1086 vna
809 1049 856 1086 vt
893 1047 1126 1086 solebamus
1165 1048 1532 1095 confabularemur,
1570 1047 1680 1085 inter

87 1112 221 1148 cetera
248 1111 413 1150 rettulit
440 1113 548 1151 mihi
577 1115 617 1150 te
646 1113 691 1150 in
721 1112 920 1162 Angliam
949 1126 1161 1151 reuersum
1190 1113 1455 1159 incolumem,
1475 1125 1559 1150 non
1587 1111 1678 1150 sine

86 1175 269 1214 maximo
305 1189 379 1226 per
416 1177 555 1216 Musas
592 1178 675 1216 mei
713 1178 846 1216 cordis
884 1177 1055 1216 solatio:
1094 1192 1168 1228 per
1204 1192 1327 1228 quem
1364 1178 1413 1216 ad
1448 1179 1488 1215 te
1519 1177 1680 1215 litteras

87 1240 301 1288 dedissem,
325 1241 372 1280 ni
405 1244 492 1281 tam
524 1243 844 1292 praecipitanter
869 1255 893 1280 a
922 1241 1044 1281 nobis
1069 1243 1332 1282 discessisset.
1394 1243 1514 1280 Nunc
1540 1242 1677 1280 autem

86 1317 208 1354 cogor
234 1306 296 1344 vti
324 1307 518 1346 manibus
546 1308 704 1354 alienis,
735 1309 908 1357 vrgente
936 1308 1053 1357 graui
1083 1307 1258 1357 quadam
1286 1307 1555 1357 aegritudine,
1577 1319 1680 1357 quae

86 1383 152 1409 me
171 1384 257 1410 non
275 1372 418 1422 paucis
439 1372 630 1411 comitata
649 1372 774 1410 malis
793 1374 880 1410 tam
901 1372 1121 1410 crudeliter
1140 1372 1341 1423 oppressit
1356 1374 1403 1410 vt
1423 1372 1678 1422 desperarem

87 1436 136 1474 de
163 1436 264 1484 vita,
283 1450 356 1487 per
382 1438 469 1476 dies
498 1438 657 1487 aliquot
684 1437 837 1475 medici
858 1437 991 1487 magis
1016 1437 1202 1476 victurus
1226 1437 1379 1476 iudicio
1409 1450 1533 1486 quam
1562 1449 1678 1476 meo:

86 1514 197 1540 nunc
235 1504 377 1541 autem
413 1502 659 1541 meliuscule
697 1515 764 1540 me
802 1501 933 1540 habeo
970 1502 1102 1552 gratia
1138 1503 1309 1552 superis.
1368 1502 1502 1540 Auxit
1537 1503 1677 1540 tamen

85 1566 282 1604 nonnihil
300 1566 437 1606 morbi
455 1567 544 1606 vim
569 1567 696 1606 huius
725 1567 871 1605 aetatis
896 1569 1058 1606 nostrae
1085 1567 1309 1617 singularis
1327 1566 1528 1617 quaedam
1547 1566 1678 1616 ingra-

85 1631 232 1679 titudo,
273 1645 351 1682 que
394 1634 480 1671 tam
515 1633 696 1682 maligne
733 1633 949 1671 doctorum
990 1632 1211 1671 hominum
1247 1634 1408 1671 meritis
1445 1632 1676 1681 respondet,

86 1696 268 1735 maxime
294 1697 388 1736 tuis.
452 1698 624 1736 Vtinam
654 1697 785 1735 maior
813 1710 953 1735 rerum
982 1697 1194 1746 opulentia
1221 1698 1289 1735 his
1317 1698 1573 1746 contingeret
1607 1696 1679 1746 qui

86 1763 128 1798 et
155 1773 202 1799 ea
220 1761 374 1800 scirent
404 1763 444 1800 et
463 1762 620 1801 vellent
640 1762 703 1800 vti
720 1764 729 1801 l
772 1762 895 1800 Nunc
914 1774 1012 1800 vero
1031 1762 1181 1812 quibus
1199 1763 1315 1801 adest
1332 1762 1514 1810 facultas,
1537 1761 1572 1800 si
1592 1774 1677 1800 11011

88 1825 244 1864 deesset
266 1825 471 1874 voluntas,
494 1828 593 1865 sunt
619 1827 720 1865 adeo
746 1826 907 1876 egregie
933 1829 1098 1865 tenaces
1117 1829 1163 1865 vt
1189 1827 1361 1866 celerius
1385 1827 1436 1866 ab
1462 1827 1679 1865 adamante

87 1891 244 1928 ferrum
276 1903 400 1940 quam
433 1890 484 1929 ab
518 1891 587 1930 his
620 1891 893 1930 nummulum
927 1904 1120 1930 casurum
1153 1892 1442 1942 expectaueris,
1470 1892 1553 1930 nisi
1587 1892 1679 1942 quis

88 1958 253 1994 strenue
282 1958 324 1994 et
353 1956 618 2006 impudenter
645 1957 852 1995 mendicet
874 1956 941 1995 vel
969 1956 1024 1995 sit
1052 1957 1199 2007 quouis
1228 1958 1419 1996 Gnatone
1446 1957 1680 1996 adulantior

89 2023 160 2058 aut
189 2021 455 2060 Cretensibus
481 2021 729 2060 mendacior.
789 2023 830 2060 A
859 2022 1009 2072 quibus
1037 2021 1157 2060 viciis
1184 2024 1352 2060 tantum
1386 2022 1579 2060 abhorret
1611 2022 1679 2060 hic

88 2086 253 2125 animus
285 2099 416 2134 meus,
448 2088 495 2125 vt
528 2087 676 2125 malim
710 2087 876 2125 fortiter
909 2087 1064 2126 esurire
1097 2101 1221 2138 quam
1255 2087 1459 2137 pudendis
1487 2090 1529 2126 et
1558 2087 1679 2126 malis

89 2150 258 2199 artibus,
281 2151 406 2191 etiam
427 2151 633 2190 libertatis
653 2153 819 2200 iactura,
840 2152 1034 2191 miseram
1055 2153 1264 2202 quandam
1282 2154 1477 2202 pecuniae
1496 2165 1680 2192 summu·

90 2216 176 2254 lam
196 2217 267 2255 vix
285 2217 337 2256 ad
357 2218 584 2256 necessaria
604 2218 871 2256 suffecturam
891 2230 1042 2266 parare.

143 2281 361 2321 Professus
394 2295 488 2321 sum
521 2296 593 2332 per
626 2295 792 2321 menses
824 2282 982 2332 aliquot
1016 2282 1292 2332 Euangelium
1321 2283 1508 2331 Matthei,
1529 2283 1575 2321 in
1599 2295 1680 2333 quo

90 2346 184 2394 plus
212 2347 280 2386 his
307 2347 391 2386 tuis
418 2347 742 2397 elegantissimis
767 2347 1123 2386 annotatiunculis
1149 2361 1273 2397 quam
1299 2347 1552 2397 longissimis
1576 2360 1680 2386 non-

92 2411 301 2451 nullorum
320 2412 630 2451 commentariis
657 2425 752 2450 sum
777 2412 956 2459 adiutus,
977 2412 1022 2451 in
1044 2412 1164 2451 nodis
1181 2412 1427 2461 praesertim
1446 2411 1680 2450 difficiliori-

92 2475 181 2514 bus.
239 2476 395 2516 Nactus
422 2490 517 2516 sum
547 2490 643 2516 casu
672 2477 852 2527 quodam
886 2477 1096 2526 exemplar
1122 2477 1464 2524 vetustissimum,
1494 2476 1603 2526 quod
1633 2476 1678 2514 in

91 2541 286 2594 omnibus
313 2541 442 2580 ferme
472 2541 583 2589 locis,
606 2541 679 2580 vbi
707 2543 752 2580 tu
781 2542 961 2580 affirmas
989 2542 1046 2580 sic
1074 2542 1121 2580 in
1150 2541 1443 2580 vetustioribus
1471 2540 1679 2579 codicibus

92 2605 252 2644 Latinis
271 2606 423 2652 haberi,
445 2607 659 2645 conuenit:
690 2606 799 2655 quod
817 2607 858 2644 et
876 2606 982 2645 meis
1000 2606 1259 2645 auditoribus
1279 2605 1455 2644 ostendi.
1511 2605 1564 2644 In
1585 2605 1681 2644 coti-

93 2671 226 2709 dianis
243 2671 371 2710 sacris
390 2671 491 2710 dum
509 2683 636 2710 sanus
655 2684 767 2709 eram
786 2671 849 2720 (vt
868 2683 942 2721 par
960 2671 1041 2710 fuit
1067 2670 1268 2721 discipulo
1287 2673 1374 2709 tam
1394 2670 1543 2708 multis
1562 2669 1680 2708 bene-

95 2736 200 2775 ficiis
231 2735 440 2784 deuincto)
473 2749 558 2774 non
591 2736 727 2774 solum
762 2736 826 2774 tui
853 2735 924 2774 sed
952 2735 1103 2774 horum
1133 2735 1322 2774 omnium
1349 2748 1451 2785 quos
1477 2734 1577 2772 noui
1595 2735 1678 2773 iam

508 2853 557 2883 17.
584 2845 712 2882 quouis
728 2845 839 2880 scripsi
854 2854 862 2873 :
884 2852 972 2882 quos
988 2845 1055 2873 MS.
1074 2854 1081 2872 :
1105 2843 1184 2882 quis
1200 2845 1261 2873 LB.

143 3000 168 3019 1.
223 2986 500 3028 Praedicatores]
552 2987 625 3017 The
672 2987 740 3017 site
785 2986 856 3017 and
960 2995 990 3017 2.
1017 2985 1215 3026 Briannus]
1239 2985 1302 3016 See
1319 2986 1381 3025 Ep.
1401 2986 1475 3018 262.
1497 2995 1535 3016 12
1552 2996 1586 3017 n.

95 3032 277 3070 buildings
288 3031 325 3062 of
332 3030 394 3062 the
406 3030 516 3061 house
528 3039 586 3061 are
599 3039 679 3061 now
691 3027 858 3069 occupied
962 3038 991 3067 7.
1015 3028 1256 3069 aegritudine]
1281 3028 1333 3060 Cf.
1350 3029 1436 3069 Epp.
1457 3030 1528 3067 576.
1548 3038 1586 3068 31
1609 3031 1679 3060 and

96 3078 141 3115 by
157 3074 370 3106 Emmanuel
386 3073 533 3114 College.
920 3072 992 3110 580.
1011 3081 1107 3111 25-7.

1700 1514 1739 1536 10

1698 1841 1736 1872 ¹5

1701 2171 1739 2192 20
