2010 3417
339 143 392 181 96
801 140 1053 179 LETTERS
1091 139 1159 178 or
1197 139 1464 179 ERASMUS
1800 136 1931 191 [1515

335 264 437 302 quae
458 250 614 288 multos
634 262 716 287 non
736 249 862 298 pudet
882 249 1013 286 facere
1026 249 1047 286 ‘?
1101 247 1286 285 Tantum
1308 247 1460 285 festiua
1480 246 1680 296 quaedam
1699 249 1740 286 et
1760 248 1932 286 ridicula

336 316 469 365 magis
504 327 628 363 quam
663 314 781 351 foeda
814 313 1108 360 recensuimus,
1141 311 1210 350 sed
1243 311 1303 349 ita
1337 312 1620 349 recensuimus
1648 313 1694 350 vt
1728 312 1860 350 obiter
1893 315 1933 352 et

257 397 318 429 190
335 380 530 418 maximis
550 380 600 417 de
619 378 741 417 rebus
756 390 1057 427 nonnunquam
1077 376 1385 424 admoneamus,
1405 376 1513 426 quod
1533 376 1629 415 illos
1648 376 1751 415 scire
1770 389 1934 427 magno-

334 458 426 494 pere
447 444 607 481 referat.

388 509 480 547 Scio
509 508 587 546 tibi
615 521 700 546 non
728 520 816 546 esse
836 520 1013 546 vacuum
1043 507 1093 545 ad
1120 506 1361 545 huiusmodi
1387 519 1518 556 nugas
1542 506 1797 545 descendere.
1855 507 1935 546 Sed

334 577 475 613 tamen
502 573 537 611 si
561 573 725 623 quando
745 572 911 611 dabitur
935 573 1082 618 ocium,
1104 572 1167 610 fac
1191 572 1389 611 attentius
1414 571 1596 610 excutias
1622 571 1816 610 ridiculos
1841 571 1935 611 illos

334 639 488 678 Moriae
521 638 657 685 iocos;
701 637 902 676 nimirum
935 637 1162 687 comperies
1199 651 1283 675 non
1322 637 1446 687 paulo
1484 637 1616 687 magis
1649 637 1847 687 quadrare
1884 637 1934 676 ad

256 722 314 754 195
334 703 698 753 Euangelistarum
727 705 768 741 et
795 703 1093 753 Apostolorum
1129 703 1322 752 dogmata
1351 716 1476 752 quam
1505 701 1765 752 quorundam
1802 702 1936 752 splen-

335 769 462 817 didas,
482 769 601 807 sicuti
622 769 781 818 putant,
802 771 841 807 et
861 768 1023 818 magnis
1038 768 1184 818 dignas
1203 768 1415 817 magistris
1434 767 1748 818 disputationes.
1793 769 1937 818 Atque

334 837 422 884 ipse
442 847 605 884 quoque
624 834 669 872 in
689 833 773 872 tuis
793 833 945 872 litteris
964 846 1049 872 non
1075 833 1264 872 diffiteris
1287 834 1479 883 pleraque
1497 846 1593 872 vera
1619 846 1706 872 esse
1726 846 1828 884 quae
1848 833 1936 872 illic

336 899 580 938 referuntur.
639 900 798 938 Verum
818 898 1032 937 existimas
1050 911 1135 937 non
1155 899 1367 948 expedisse

660 986 882 1026 Auriculas
910 989 1074 1025 teneras
1102 986 1286 1025 mordaci
1314 986 1457 1025 radere
1487 999 1594 1024 vero.

256 1088 316 1111 200
336 1076 382 1115 Si
400 1078 521 1126 putas
542 1074 658 1113 nullo
677 1076 798 1125 pacto
819 1075 948 1113 libere
966 1074 1220 1125 loquendum
1239 1088 1339 1123 esse,
1363 1087 1438 1113 nec
1457 1087 1641 1124 vnquam
1661 1075 1934 1123 promendam

336 1155 423 1180 esse
442 1141 662 1179 veritatem
682 1139 764 1178 nisi
782 1153 878 1177 cum
897 1153 981 1178 non
1001 1139 1185 1188 offendit,
1204 1154 1277 1178 cur
1296 1139 1446 1178 medici
1465 1139 1698 1189 pharmacis
1717 1139 1938 1178 medentur

335 1208 499 1254 amaris,
521 1208 561 1244 et
583 1207 680 1255 ἱερὰν
699 1207 832 1255 πικρὰν
852 1205 961 1243 inter
978 1204 1264 1244 laudatissima
1290 1207 1453 1255 ponunt
1481 1205 1695 1243 remedia?
1751 1204 1869 1253 Quod
1899 1204 1935 1243 si

335 1271 399 1310 illi
417 1271 586 1319 faciunt,
609 1283 826 1320 corporum
846 1271 1060 1310 medentes
1078 1270 1205 1318 vitiis,
1225 1273 1381 1320 quanto
1401 1271 1534 1320 magis
1553 1283 1627 1320 par
1646 1272 1708 1309 est
1728 1283 1804 1309 nos
1823 1270 1936 1309 idem

334 1337 466 1375 facere
488 1337 530 1374 in
550 1335 746 1375 sanandis
765 1336 1001 1374 animorum
1020 1336 1175 1374 morbis
1187 1338 1208 1375 Ῥ
1251 1335 1435 1384 Obsecra,
1454 1336 1591 1386 inquit
1607 1336 1776 1384 Paulus,
1795 1348 1931 1386 argue,

255 1415 314 1446 205
334 1401 511 1451 increpa,
545 1403 758 1451 oportune,
790 1401 1039 1450 importune.
1098 1401 1327 1450 Apostolus
1354 1401 1447 1439 vult
1476 1401 1671 1439 omnibus
1708 1400 1846 1439 modis
1873 1400 1935 1438 in-

333 1466 525 1506 sectanda
546 1479 633 1504 esse
652 1467 765 1514 vitia,
789 1469 830 1504 et
849 1468 894 1505 tu
915 1465 1083 1504 nullum
1102 1466 1165 1504 vis
1184 1466 1332 1505 hulcus
1351 1465 1533 1516 attingi?
1570 1465 1814 1516 praesertim
1840 1479 1935 1504 cum

334 1532 378 1570 id
407 1545 452 1570 ea
481 1532 759 1570 moderatione
787 1532 869 1579 fiat,
891 1534 937 1570 vt
961 1544 1013 1569 ne
1040 1531 1169 1581 possit
1190 1532 1356 1582 quidem
1376 1531 1596 1581 quisquam
1626 1531 1732 1570 laedi
1761 1530 1844 1569 nisi
1863 1530 1935 1581 qui

334 1598 472 1636 studio
499 1597 663 1636 laeserit
689 1597 883 1646 seipsum.
943 1596 1060 1645 Quod
1081 1596 1116 1634 si
1135 1596 1220 1635 vlla
1244 1599 1307 1635 est
1333 1596 1438 1635 ratio
1459 1596 1564 1635 citra
1582 1596 1710 1634 vllius
1733 1596 1934 1635 offensam

334 1663 529 1701 medendi
548 1662 664 1701 vitiis
693 1662 926 1710 hominum,
950 1661 1049 1700 haec
1074 1675 1167 1709 vna,
1198 1662 1243 1700 ni
1272 1662 1406 1710 fallor,
1437 1664 1500 1701 est
1532 1661 1723 1700 omnium
1752 1662 1936 1715 maxime

255 1742 316 1763 210
334 1727 609 1776 accommoda,
629 1740 725 1766 cum
745 1741 878 1777 neque
898 1740 1052 1765 nomen
1072 1729 1316 1776 cuiusquam
1335 1727 1498 1766 aeditur
1515 1741 1523 1774 3
1554 1727 1703 1765 deinde
1719 1740 1814 1765 cum
1834 1729 1935 1765 tem·

332 1795 498 1843 peratur
518 1793 568 1831 ab
583 1792 648 1841 iis,
666 1805 689 1831 a
705 1806 882 1842 quorum
902 1792 1294 1831 commemoratione
1311 1805 1468 1842 quoque
1487 1792 1690 1831 bonorum
1710 1792 1934 1830 abhorrent

333 1871 452 1897 aures
463 1858 662 1897 -etenim
682 1857 1031 1909 quemadmodum
1061 1857 1106 1895 in
1135 1857 1354 1907 tragoediis
1379 1857 1582 1908 quaedam
1609 1857 1809 1896 atrociora
1836 1858 1935 1896 sunt

334 1936 457 1973 quam
476 1926 521 1962 vt
549 1924 678 1962 oculis
702 1925 981 1973 spectatorum
1007 1923 1226 1961 conueniat
1253 1923 1448 1970 exhiberi,
1472 1924 1512 1961 et
1537 1935 1722 1961 narrasse
1746 1922 1931 1969 sufficiat,

334 1989 392 2027 ita
420 1988 464 2027 in
494 1988 714 2027 hominum
742 1988 928 2027 moribus
957 1988 1157 2038 quaedam
1187 1988 1452 2027 obscoeniora
1479 1989 1578 2026 sunt
1604 2000 1728 2037 quam
1753 1990 1800 2026 vt
1824 2001 1934 2027 vere·

255 2068 314 2100 215
335 2054 466 2092 eunde
495 2054 654 2103 possint
682 2054 1105 2103 narrari—postremo
1131 2066 1226 2092 cum
1254 2053 1327 2092 illa
1350 2055 1440 2103 ipsa
1469 2066 1571 2103 quae
1594 2055 1827 2100 narrantur,
1856 2053 1934 2091 sub

334 2118 508 2157 ridicula
527 2131 701 2167 persona
726 2131 798 2168 per
817 2118 957 2156 lusum
983 2120 1023 2156 et
1049 2118 1186 2156 iocum
1213 2119 1453 2167 efferuntur,
1475 2120 1522 2156 vt
1543 2131 1709 2157 omnem
1733 2117 1933 2156 offensam

334 2183 538 2223 sermonis
565 2183 754 2222 hilaritas
783 2183 985 2222 excludat.
1044 2184 1115 2222 An
1153 2196 1236 2222 non
1264 2184 1457 2222 videmus
1486 2185 1687 2233 quantum
1717 2182 1934 2232 aliquoties

333 2249 442 2300 apud
472 2262 637 2287 seueros
665 2249 791 2287 etiarn
819 2251 1023 2297 tyrannos
1042 2248 1175 2287 valeat
1204 2248 1318 2287 iocus
1345 2247 1586 2286 commodus
1612 2249 1653 2286 et
1676 2247 1722 2285 in
1748 2249 1932 2298 tempore

335 2315 504 2354 dictus?
560 2314 716 2363 Quaeso
754 2316 805 2363 te,
838 2326 940 2364 quae
973 2326 1125 2364 preces,
1158 2327 1259 2363 quae
1298 2314 1403 2352 seria
1432 2314 1562 2351 oratio
1590 2313 1793 2362 potuisset
1825 2312 1934 2362 regis

255 2395 317 2418 220
334 2379 449 2418 illius
467 2380 655 2418 animum
673 2380 762 2417 tam
782 2378 901 2417 facile
921 2377 1082 2428 placare
1101 2392 1226 2429 quam
1247 2379 1397 2417 militis
1415 2379 1529 2417 iocus
1542 2379 1562 2417 ‘3
1621 2378 1764 2426 ‘Im0‚'
1782 2377 1931 2432 inquit,

339 2447 348 2464 ‘
361 2445 443 2484 nisi
463 2445 610 2495 lagena
635 2457 711 2483 nos
731 2444 1001 2492 destituisset,
1025 2444 1146 2495 longe
1165 2444 1367 2483 atrociora
1387 2444 1596 2483 fueramus
1616 2444 1662 2482 in
1687 2446 1728 2482 te
1756 2442 1934 2482 dicturi?

334 2510 489 2549 Arrisit
515 2523 585 2548 rex
610 2512 650 2549 et
675 2509 849 2559 ignouit.
909 2509 992 2547 Nec
1019 2509 1108 2548 sine
1135 2523 1257 2549 causa
1282 2512 1369 2549 tam
1395 2509 1615 2558 diligenter
1643 2509 1692 2547 de
1716 2508 1802 2547 risu
1821 2522 1932 2558 prae-

335 2576 495 2626 cipiunt
511 2576 590 2614 duo
606 2575 763 2615 summi
781 2575 976 2623 rhetores,
996 2574 1050 2614 M.
1070 2574 1234 2614 Tullius
1255 2577 1297 2614 et
1312 2574 1605 2623 Quintilianus.
1652 2574 1829 2612 Tantam
1843 2574 1930 2612 vim

335 2641 459 2680 habet
473 2641 586 2692 lepos
601 2643 640 2680 et
656 2640 892 2679 iucunditas
911 2640 1123 2688 sermonis,
1141 2642 1187 2679 vt
1203 2640 1327 2679 etiam
1346 2641 1392 2679 in
1410 2653 1486 2679 nos
1506 2642 1599 2690 apte
1615 2640 1734 2678 tortis
1751 2639 1932 2678 dicteriis
1967 2655 1969 2657 ·

258 2720 316 2751 225
336 2706 595 2755 delectemur,
620 2706 661 2744 id
683 2706 793 2757 quod
815 2705 865 2743 de
886 2705 927 2744 C.
954 2705 1121 2745 Caesare
1146 2705 1301 2745 litteris
1326 2707 1389 2744 est
1414 2705 1641 2756 proditum.
1698 2704 1875 2743 Proinde
1895 2704 1929 2742 si

334 2771 477 2810 fateris
495 2785 591 2810 vera
610 2785 712 2822 quae
738 2770 892 2820 scripsi,
920 2770 955 2808 si
981 2770 1129 2810 festina
1153 2771 1287 2821 magis
1311 2784 1434 2822 quam
1460 2771 1671 2816 obscoena,
1695 2783 1797 2820 quae
1825 2769 1930 2807 ratio

382 2910 453 2938 197.
471 2901 617 2942 litteris]
645 2902 706 2942 Ep.
727 2913 799 2942 304.
818 2914 857 2934 21
876 2913 947 2943 seq.
1213 2912 1286 2934 220.
1307 2902 1417 2943 iocus]
1444 2901 1496 2934 cf.
1513 2901 1632 2942 Quint.
1652 2902 1682 2931 6.
1699 2910 1728 2939 3.
1748 2909 1795 2930 10.

384 2953 455 2983 199.
478 2944 683 2985 Auriculas]
710 2946 802 2978 Pers.
826 2956 851 2978 1.
872 2957 941 2987 107,
960 2948 989 2978 8.
1212 2956 1284 2976 222.
1305 2945 1398 2986 risu]
1415 2946 1485 2977 Cic.
1502 2949 1538 2976 de
1555 2947 1604 2976 Or.
1618 2954 1646 2974 2.
1662 2952 1759 2983 capp.
1772 2944 1814 2973 62
1831 2951 1899 2981 seq.
1914 2955 1921 2982 ;

381 2996 454 3024 204.
475 2987 621 3029 Paulus]
648 2999 667 3019 2
684 2989 772 3020 Tim.
793 3001 821 3028 4.
841 3000 870 3022 2.
1168 2989 1289 3029 Quint.
1305 2991 1334 3020 6.
1353 2998 1382 3028 3.
