2010 3417
142 158 164 195 5
170 146 239 200 31]
593 148 664 187 ΤΟ
700 150 964 189 WILLIAM
1003 150 1274 191 BUDAEUS
1651 153 1730 192 465

141 270 227 296 non
256 258 404 297 habeat
427 257 769 298 admirationem.
844 260 948 298 Cum
979 260 1093 299 enim
1127 261 1232 300 bona
1265 274 1359 311 pars
1387 261 1489 301 artis
1518 261 1574 300 sit
1601 263 1732 301 artem
1754 274 1790 294 22

141 323 414 371 dissimulare,
431 323 540 373 quod
561 323 714 362 dicenti
733 324 857 363 fidem
873 325 1041 375 abroget
1056 326 1218 365 artificii
1236 326 1496 376 significatio,
1512 339 1596 366 non
1615 327 1734 366 video

142 389 214 439 qui
232 388 363 439 possit
382 388 522 427 efficax
547 400 634 427 esse
661 389 898 439 eloquentia
921 404 1024 440 quae
1047 404 1090 429 se
1118 391 1243 430 iactet
1263 393 1532 442 ostentetque.
1591 391 1736 442 Neque

142 454 257 493 enim
286 455 331 495 vt
358 453 486 493 vestis
518 453 660 492 eadem
691 455 732 492 et
759 454 977 504 splendida
1014 458 1149 505 potest
1183 470 1272 495 esse
1296 458 1338 495 et
1370 456 1647 496 nihilominus
1684 457 1735 496 ad

143 532 266 559 vsum
279 519 551 566 accommoda,
568 518 715 557 itidem
730 521 865 568 potest
884 520 1016 559 oratio
1034 521 1162 560 simul
1182 521 1233 559 ad
1253 522 1558 571 permouendos
1576 523 1736 561 animos

144 586 185 623 et
204 584 255 623 ad
277 584 597 623 ostentationem
622 583 782 634 ingenii
805 598 892 623 esse
912 586 1106 635 apposita.
1164 586 1221 625 Vt
1241 586 1426 636 optimus
1449 588 1510 625 est
1530 587 1737 626 iaculandi

143 648 302 696 artifex,
342 661 427 686 non
465 648 532 686 cui
569 648 762 698 pharetra
799 650 853 687 sit
891 650 1067 699 gemmis
1105 651 1313 698 distincta,
1356 651 1420 689 cui
1457 664 1575 690 arcus
1612 665 1737 702 quam

143 713 323 752 maxime
341 713 530 763 insignis,
553 714 623 752 sed
650 714 721 764 qui
741 715 970 754 certissima
996 729 1123 754 manu
1144 729 1315 765 scopum
1342 716 1462 755 feriat
1482 730 1491 763 ;
1519 719 1565 755 vt
1590 717 1737 766 ingens

142 778 427 829 philosophus,
448 792 533 817 non
553 779 625 828 qui
640 779 872 818 Stoicorum
887 782 957 818 aut
972 781 1340 830 Peripateticorum
1356 781 1547 831 dogmata
1566 782 1738 831 pulchre

143 845 293 892 teneat,
316 845 386 883 sed
410 844 480 894 qui
499 844 782 894 philosophiae
805 846 1010 884 rationem
1033 846 1118 884 vita
1153 859 1199 884 ac
1227 845 1412 884 moribus
1430 847 1646 896 exprimat,
1668 847 1739 897 qui

143 909 337 960 proprius
366 911 429 947 est
454 909 738 959 philosophiae
765 909 888 949 finis:
918 910 975 948 ita
1000 910 1156 949 summi
1183 911 1358 949 oratoris
1381 924 1536 949 munus
1559 911 1738 950 absoluit

145 975 333 1025 quisquis
353 975 461 1024 quod
481 973 616 1012 voluit
639 974 852 1023 persuasit.
913 975 1087 1025 Alioqui
1113 989 1166 1013 an
1187 989 1272 1014 non
1291 975 1483 1015 videatur
1502 975 1679 1027 ineptus,
1703 977 1739 1015 si

145 1040 216 1090 qui
235 1040 438 1090 populum
458 1052 481 1078 a
506 1039 605 1077 belli
632 1039 819 1078 tumultu
845 1040 896 1078 ad
924 1040 1038 1090 pacis
1064 1040 1254 1079 studium
1283 1054 1474 1080 reuocare
1493 1042 1736 1089 instituerit,

145 1105 328 1144 oratione
345 1105 558 1155 phalerata
583 1106 706 1154 atque
735 1105 939 1143 elaborata
964 1105 1041 1144 hoc
1068 1107 1235 1144 tantum
1260 1106 1514 1155 persuadeat,
1537 1119 1581 1145 se
1600 1107 1739 1146 virum

145 1183 233 1209 esse
264 1183 358 1208 cum
387 1169 533 1220 primis
561 1170 772 1208 eruditum
801 1170 1083 1220 plurimaeque
1109 1170 1331 1209 lectionis?
1386 1171 1520 1221 Atqui
1549 1185 1634 1211 non
1663 1172 1740 1211 hoc

146 1235 353 1285 agebatur.
425 1235 486 1273 Ne
515 1248 658 1273 scenae
686 1234 854 1284 quidem
883 1236 1032 1284 quauis
1062 1249 1111 1274 ex
1139 1248 1183 1273 re
1212 1237 1378 1285 captant
1409 1236 1737 1276 admirationem.

145 1300 379 1339 Damnatur
398 1299 543 1338 histrio
563 1300 635 1349 qui
653 1299 882 1349 peregrinis
901 1300 1052 1349 opibus
1074 1301 1212 1338 oculos
1231 1301 1376 1350 populi
1396 1301 1565 1346 detinet,
1587 1315 1682 1340 cum
1704 1302 1740 1341 is

145 1365 304 1404 actione
323 1367 364 1403 et
383 1366 628 1415 argumento
654 1365 787 1402 fuerat
806 1365 856 1402 ad
879 1365 1072 1414 plausum
1097 1365 1352 1404 inuitandus.
1409 1366 1500 1415 Ego
1523 1367 1574 1405 ad
1600 1368 1679 1406 hoc
1698 1370 1742 1407 vt

145 1430 314 1481 grandis
337 1429 392 1468 sit
417 1429 551 1477 dictio,
575 1429 795 1468 verborum
826 1432 1072 1479 apparatum
1101 1430 1328 1469 minimum
1358 1432 1561 1470 momenti
1587 1433 1743 1472 adferre

146 1494 351 1542 existimo,
375 1508 449 1533 nec
468 1494 526 1533 ita
545 1494 728 1532 multum
749 1494 933 1533 conferre
953 1495 1211 1534 schematum
1231 1498 1484 1543 ornamenta,
1508 1496 1590 1535 nisi
1609 1499 1645 1536 si
1665 1510 1745 1547 qua

147 1560 193 1599 in
212 1560 335 1599 rebus
355 1559 436 1598 sita
456 1559 550 1607 sint,
575 1572 659 1597 non
678 1559 725 1597 in
744 1560 892 1599 verbis.
953 1560 1094 1610 Neque
1114 1561 1234 1610 parui
1253 1561 1377 1599 refert
1396 1563 1538 1599 vtrum
1558 1562 1743 1602 fabulam

147 1625 309 1664 mireris
356 1638 409 1663 an
455 1625 710 1674 apparatum.
784 1624 903 1663 Certe
945 1625 1161 1664 rhetorum
1207 1625 1334 1664 etiam
1388 1639 1591 1665 consensu
1638 1627 1743 1667 illud

148 1690 336 1729 naturale
355 1690 519 1729 dicendi
536 1702 669 1739 genus
687 1689 866 1739 primam
885 1690 1053 1728 laudem
1073 1690 1244 1729 obtinet.
1302 1691 1362 1728 At
1377 1703 1461 1728 non
1476 1690 1589 1729 aliud
1604 1691 1745 1731 minus

149 1757 212 1794 est
242 1755 513 1794 admirabile:
551 1755 645 1805 quis
684 1754 797 1793 enim
835 1755 1063 1794 admiretur
1100 1757 1243 1804 artem,
1285 1769 1415 1806 quum
1442 1757 1560 1805 putet
1596 1759 1745 1796 natura

150 1821 264 1867 dici?
333 1822 396 1858 Ac
420 1833 590 1870 prorsus
616 1819 669 1860 δὶς
695 1820 753 1858 διὰ
775 1822 906 1858 πασῶν
927 1820 1034 1858 inter
1059 1833 1103 1858 se
1126 1820 1325 1859 differunt
1345 1820 1453 1870 quod
1480 1820 1543 1859 illi
1562 1809 1745 1871 primum

151 1885 336 1925 iudicant
356 1887 397 1923 et
416 1885 525 1935 quod
544 1887 590 1923 tu
610 1885 764 1923 videris
784 1884 977 1934 amplecti
995 1899 1005 1933 3
1033 1887 1080 1923 vt
1095 1885 1240 1924 sileam
1258 1886 1428 1924 interim
1447 1886 1746 1927 stultissimum

151 1963 238 1989 esse
266 1950 462 1988 admirari
491 1949 600 1999 quod
629 1963 715 1987 non
744 1948 964 2000 intelligas.
1024 1949 1146 1989 Vnde
1172 1950 1439 2000 potissimum
1462 1952 1746 2002 perspicuitati

150 2016 404 2055 studendum
424 2016 484 2053 est
499 2015 536 2052 ei
555 2014 741 2064 quisquis
754 2015 1071 2054 admirationem
1091 2015 1347 2066 eloquentiae
1368 2018 1516 2066 captat.

207 2081 299 2120 Iam
319 2081 399 2118 scis
417 2080 504 2129 ipse
522 2081 658 2118 totum
680 2080 756 2117 hoc
778 2080 976 2118 orationis
1000 2080 1267 2130 expoliendae
1287 2081 1474 2120 studium
1493 2082 1564 2122 vix
1585 2097 1608 2122 a
1626 2082 1747 2122 bonis

152 2145 254 2184 viris
291 2143 391 2182 olim
436 2143 563 2182 fuisse
607 2146 817 2194 receptum
835 2159 844 2192 ;
891 2145 1043 2195 vixque
1087 2145 1335 2194 persuadent
1373 2146 1557 2185 rhetores
1594 2146 1748 2197 alioqui

152 2211 438 2251 facundissimi
452 2210 599 2248 vtilem
615 2223 703 2249 esse
722 2210 953 2248 rhetoricen
972 2213 1043 2249 aut
1063 2211 1151 2249 viro
1171 2211 1279 2250 bono
1298 2211 1479 2261 dignam.
1539 2213 1628 2261 Quo
1642 2214 1747 2253 mihi

152 2277 308 2316 videris
327 2276 510 2326 iniquius
530 2276 659 2314 facere
681 2275 752 2324 qui
772 2275 975 2314 scenicam
998 2276 1123 2315 etiam
1143 2276 1425 2326 eloquentiam
1445 2276 1575 2327 exigis
1593 2291 1617 2316 a
1635 2278 1749 2316 theo·

155 2341 250 2391 logo
287 2341 547 2385 Christiano;
590 2354 684 2379 cum
714 2339 853 2378 Cicero
885 2340 936 2378 ab
967 2341 1134 2379 ethnico
1168 2341 1415 2391 philosopho
1449 2353 1531 2379 non
1565 2341 1747 2390 requirat

157 2406 326 2446 omnino
354 2406 494 2454 vllam,
528 2406 606 2444 hoc
634 2407 868 2453 contentus,
899 2405 935 2443 si
971 2405 1233 2456 intelligatur
1268 2406 1402 2445 modo.
1483 2406 1541 2444 At
1577 2405 1648 2444 isti
1685 2406 1748 2444 tui

156 2472 350 2520 rhetores,
383 2471 467 2521 qui,
500 2472 609 2510 sicut
637 2484 709 2520 par
737 2473 814 2518 est,
842 2484 937 2509 suae
966 2471 1211 2519 professioni
1240 2471 1450 2521 impendio
1479 2471 1631 2518 fauent,
1664 2484 1748 2510 non

157 2536 333 2587 probant
361 2538 502 2575 tamen
537 2537 636 2574 istas
673 2535 870 2574 orationis
899 2535 1066 2574 delicias
1095 2550 1140 2574 ac
1169 2535 1426 2582 πολυτέλειαν,
1461 2535 1543 2573 nisi
1583 2535 1627 2573 in
1665 2549 1748 2574 vno
1789 2550 1805 2580 5

158 2602 375 2640 dumtaxat
405 2614 552 2651 genere
569 2616 578 2649 ;
616 2601 818 2639 nimirum
852 2600 1151 2640 encomiastico.
1210 2602 1250 2639 A
1280 2615 1360 2650 quo
1389 2600 1554 2639 nullum
1584 2600 1749 2651 longius

158 2666 298 2706 abesse
327 2667 429 2716 puto
457 2679 581 2716 quam
609 2667 717 2716 quod
746 2667 884 2704 totum
913 2665 957 2703 in
987 2665 1170 2704 docendo
1194 2668 1399 2707 versetur:
1429 2668 1552 2716 atque
1578 2667 1680 2705 adeo
1703 2667 1747 2705 in

160 2731 341 2770 docendo
360 2744 444 2769 non
464 2731 631 2780 quasuis
651 2744 714 2769 res
730 2730 841 2779 (nam
862 2730 911 2768 de
930 2730 1156 2769 fulminum
1174 2732 1246 2770 aut
1260 2720 1391 2770 terrae
1406 2732 1599 2769 motuum
1620 2732 1750 2770 causis

159 2795 373 2846 splendide
401 2795 546 2834 disseri
573 2796 715 2846 possit)
744 2795 814 2833 sed
843 2808 908 2833 res
935 2808 1009 2844 per
1035 2808 1078 2833 se
1108 2796 1289 2834 minutas
1317 2809 1363 2834 ac
1390 2797 1546 2842 tenues,
1572 2798 1663 2834 tum
1692 2797 1750 2835 sic

158 2859 378 2909 impeditas
395 2860 682 2911 inuolutasque
699 2863 743 2898 vt
760 2859 1030 2910 quantumuis
1048 2860 1253 2908 distincte,
1272 2860 1544 2910 quantumuis
1559 2860 1747 2909 dilucide,

205 2967 279 2996 229.
305 2941 358 2988 Cf:
381 2958 551 2997 exprimit
569 2957 613 2991 0¹.
720 2967 793 2996 232.
820 2955 881 2995 qui
898 2959 951 2986 H:
975 2957 1053 2995 quis
1071 2959 1100 2988 0.
1211 2966 1284 2996 237.
1310 2957 1419 3002 fuerit
1436 2960 1478 2989 H.
1591 2966 1663 2997 253.
1689 2959 1747 2990 isti

160 3011 219 3032 om.
236 3002 278 3031 H.
412 3004 671 3041 257aeversatur
689 3004 728 3033 H.

229 3066 336 3086 anum
352 3066 380 3085 11
916 3068 946 3093 H
970 3055 995 3093 h

1756 599 1815 631 225

1799 923 1820 944 0

1762 1249 1848 1280 235.

1766 1575 1826 1606 240

1768 1900 1826 1930 245

1768 2225 1829 2256 250

1772 2863 1832 2895 260
