2010 3417
297 182 348 220 54
758 181 1007 220 LETTERS
1047 180 1115 219 or
1153 181 1413 220 ERAsMUs
1751 180 1874 234 [1515

296 291 544 340 desyderant
581 290 715 328 nescio
761 289 874 339 quid.
940 287 1124 338 Caligula
1163 287 1338 326 Senecae
1385 288 1613 327 orationem
1656 290 1877 340 appellauit

296 356 491 394 harenam
511 355 599 392 sine
620 353 727 391 calce
743 367 752 400 ;
781 352 849 391 sed
872 352 982 391 idem
1002 351 1234 402 Vergilium
1257 354 1298 391 et
1317 352 1484 391 Liuium
1512 353 1611 392 adeo
1631 357 1877 406 contempsit

235 424 275 463 85
294 423 338 458 vt
358 432 503 469 parum
522 418 700 457 abfuerit
719 417 822 468 quin
846 430 988 456 eorum
1015 417 1217 467 imagines
1240 430 1290 455 ex
1317 417 1512 455 omnibus
1536 418 1717 457 eraderet
1735 418 1879 459 biblio—

293 484 434 522 thecis.
495 482 634 521 Genus
654 483 815 521 dicendi
834 496 918 521 non
944 483 1089 533 probat
1113 482 1408 531 Quintilianus,
1432 483 1502 521 sed
1529 483 1587 522 ita
1607 484 1814 533 vituperat
1833 487 1879 524 vt

293 561 503 587 summam
531 561 634 598 pene
662 547 821 586 tribuat
849 547 1026 586 laudem.
1085 547 1212 586 Taxat
1240 548 1351 586 hunc
1377 547 1511 586 acrius
1535 549 1586 586 A.
1613 548 1783 597 Gellius,
1810 550 1877 589 sed

292 614 513 652 immodico
534 613 711 663 quodam
732 613 938 653 Ciceronis
956 612 1095 651 studio
1115 613 1290 652 Senecae
1311 626 1435 663 quam
1455 626 1526 662 par
1546 615 1606 652 est
1630 613 1821 664 iniquior.

346 679 590 729 Quanquam
609 681 672 717 est
691 679 799 728 quod
818 679 904 728 ipse
927 691 1087 729 quoque
1113 678 1268 716 mutari
1294 678 1448 717 malim.
1510 679 1734 718 Offendunt
1754 679 1879 718 verba

232 755 274 788 90
292 744 492 794 quaedam
538 743 773 792 humiliora,
819 746 860 782 et
905 743 1053 782 alicubi
1101 742 1351 782 submolesta
1393 745 1454 782 est
1495 743 1638 783 senilis
1680 744 1879 794 quaedam

291 808 518 859 loquacitas
532 823 541 856 ;
570 811 662 847 tum
687 809 766 847 ioci
792 821 1092 859 nonnunquam
1112 807 1376 858 procaciores,
1401 808 1722 858 epiphonemata
1747 809 1878 848 suffri-

290 873 394 923 gida,
430 874 632 912 sermonis
664 873 843 924 impetus
875 873 1100 923 abruptus;
1143 874 1235 912 tum
1269 873 1377 923 quod
1413 873 1576 912 abunde
1605 874 1686 913 sibi
1715 873 1874 920 tribuit,

290 938 416 977 alieni
438 938 595 988 ingenii
621 952 764 989 parum
791 939 990 977 candidus
1015 938 1260 977 aestimator.
1320 938 1486 977 Etenim
1516 939 1560 977 in
1589 939 1880 979 controuersiis

291 1003 405 1042 dictu
423 1004 578 1042 mirum
607 1017 730 1054 quam
756 1004 825 1042 vix
853 1003 988 1042 Vllum
1018 1003 1172 1053 probet,
1196 1016 1320 1053 quam
1346 1003 1503 1042 multos
1528 1003 1643 1042 velut
1661 1017 1684 1042 e
1708 1004 1878 1043 sublimi

232 1083 272 1115 95
291 1069 482 1108 derideat.
540 1070 720 1108 Proinde
740 1068 977 1118 exemplum
997 1068 1112 1107 illius
1137 1069 1183 1107 in
1207 1069 1358 1118 ipsum,
1382 1070 1429 1108 vt
1453 1068 1511 1117 fit,
1536 1069 1692 1118 recidit,
1721 1069 1875 1118 opinor.

290 1131 446 1170 Verum
484 1133 576 1182 quis
608 1145 792 1182 vnquam
825 1132 967 1170 extitit
1005 1133 1125 1170 autor
1157 1133 1245 1170 tam
1278 1131 1493 1170 absolutus
1526 1133 1573 1169 vt
1605 1130 1712 1169 nihil
1748 1130 1793 1168 in
1831 1144 1879 1170 eo

290 1197 565 1247 requireretur
577 1199 596 1236 ⁶?
652 1198 835 1236 Tantum
856 1199 917 1235 est
936 1197 982 1235 in
1002 1197 1079 1235 hoc
1098 1197 1395 1236 sanctimoniae
1415 1199 1472 1242 vt,
1491 1198 1617 1235 etiam
1636 1196 1672 1235 si
1691 1196 1878 1235 infantis-

290 1262 420 1300 simus
440 1264 557 1311 esset,
580 1264 721 1301 tamen
745 1263 941 1313 legendus
962 1262 1087 1301 fuerit
1112 1262 1306 1301 omnibus
1331 1262 1482 1312 quibus
1501 1264 1564 1300 est
1583 1262 1687 1300 bene
1706 1262 1879 1301 viuendi

290 1327 502 1375 studium;
530 1329 696 1367 tantum
723 1330 863 1367 autem
891 1327 1147 1378 eloquentiae
1175 1329 1222 1366 vt
1251 1327 1590 1377 eloquentissimo
1617 1327 1690 1366 illo
1718 1327 1878 1366 saeculo

213 1406 274 1429 100
291 1391 402 1430 inter
431 1393 686 1442 eloquentiae
717 1406 902 1443 proceres
935 1393 1164 1439 haberetur,
1193 1394 1234 1431 et
1264 1392 1565 1442 periclitaretur
1597 1392 1877 1441 Quintilianus

291 1469 343 1495 ne
362 1456 547 1496 inuidere
563 1457 737 1497 Senecae
751 1460 974 1508 putaretur.
1022 1458 1161 1508 Neque
1176 1471 1274 1497 vero
1294 1471 1360 1497 me
1376 1457 1484 1508 fugit
1499 1458 1728 1508 plurimum
1742 1458 1877 1497 adhuc

290 1522 489 1561 restitisse
517 1523 788 1572 mendarum3
826 1524 898 1562 sed
926 1535 1027 1573 quae
1057 1523 1148 1562 sine
1177 1524 1363 1562 veterum
1393 1523 1546 1562 auxilio
1570 1523 1758 1562 codicum
1787 1523 1876 1562 sub-

290 1587 449 1625 moueri
467 1588 538 1626 vix
558 1588 608 1627 ab
626 1588 714 1639 ipso
733 1590 901 1639 possent
920 1589 1081 1628 Seneca.

343 1651 425 1690 Hic
462 1652 589 1702 igitur
624 1655 711 1692 tam
748 1654 941 1692 salutaris
985 1655 1104 1692 autor
1148 1655 1289 1692 nostra
1333 1653 1538 1692 industria
1583 1653 1714 1703 quoad
1759 1653 1877 1692 licuit

213 1732 270 1764 105
290 1717 506 1756 restitutus
527 1719 589 1756 tui
610 1719 791 1757 nominis
811 1718 1005 1768 auspiciis
1027 1719 1156 1757 exibit
1174 1719 1219 1757 in
1243 1718 1388 1764 lucem,
1411 1718 1669 1757 ornatissime
1693 1718 1876 1758 Praesul.

290 1780 464 1820 Memini
488 1796 581 1821 cum
610 1797 631 1822 e
659 1784 803 1822 castris
827 1783 1110 1822 vltramarinis
1135 1784 1180 1822 in
1207 1784 1408 1834 Angliam
1437 1785 1621 1830 redisset,
1642 1784 1748 1822 mihi
1773 1784 1877 1822 forte

288 1848 380 1885 tum
399 1847 521 1886 obuio
542 1849 735 1887 nonnihil
755 1849 805 1888 de
827 1848 1052 1888 Gallicanis
1073 1848 1284 1888 manubiis
1305 1848 1510 1898 impertiit
1535 1851 1607 1887 tua
1625 1849 1874 1899 benignitas,

289 1914 334 1950 vt
354 1912 425 1961 qui
453 1912 551 1951 belli
574 1914 734 1952 fueram
764 1927 918 1964 expers,
941 1927 1026 1952 non
1052 1927 1185 1953 essem
1211 1915 1351 1954 tamen
1376 1927 1520 1964 expers
1545 1914 1728 1964 praedae.
1788 1915 1875 1964 Ego

289 1976 474 2015 vicissim
494 1991 609 2017 meae
630 1979 826 2028 trophaea
852 1979 1028 2017 militiae
1053 1979 1132 2017 tibi
1159 1979 1299 2018 dedico
1327 1992 1605 2029 consecroque,
1627 1993 1680 2018 ne
1707 1982 1768 2019 tot
1794 1979 1878 2018 tuis

214 2056 271 2079 110
289 2044 536 2092 prouocatus
568 2046 610 2081 et
643 2044 786 2082 officiis
819 2045 858 2082 et
896 2044 1106 2082 beneficiis
1139 2045 1280 2083 videar
1317 2045 1486 2083 omnino
1524 2046 1690 2083 tuorum
1728 2045 1771 2083 in
1809 2057 1876 2082 me

288 2106 621 2155 magnitudinem
637 2108 881 2147 meritorum
895 2108 961 2146 vel
978 2108 1240 2147 dissimulare
1254 2109 1319 2147 vel
1335 2122 1419 2147 non
1435 2121 1651 2158 agnoscere
1667 2124 1676 2157 3
1700 2121 1875 2158 quorum

289 2171 466 2210 alterum
494 2172 806 2222 ingratitudinis
834 2174 900 2219 sit,
927 2173 1104 2212 alterum
1133 2174 1321 2224 stuporis.
1381 2175 1496 2212 Bene
1523 2173 1626 2218 vale,
1650 2173 1875 2212 clarissime

288 2235 470 2275 Praesul.

344 2301 542 2350 Basileae,
565 2302 698 2342 Nonis
716 2303 889 2342 Martiis.
946 2304 1071 2342 Anno
1091 2303 1247 2342 salutis.
1270 2317 1362 2341 M.D.
1383 2316 1447 2341 xv.

803 2447 900 2489 326.
932 2447 992 2488 To
1024 2458 1115 2488 THE
1146 2447 1348 2489 READER.

338 2534 445 2569 Basle
465 2534 539 2569 MS.
559 2535 600 2569 A.
620 2536 682 2571 IX.
704 2538 747 2582 56
766 2536 800 2581 (a
819 2537 892 2571 and
909 2537 974 2582 βῙ).
1641 2537 1760 2574 Basle.

340 2591 557 2637 Hieronymi
577 2593 699 2638 Opera
716 2594 840 2640 (1516)
856 2594 924 2629 vol.
944 2595 982 2629 ii.
1002 2594 1026 2629 f.
1051 2597 1116 2639 189
1133 2594 1211 2640 (5²).
1575 2594 1704 2631 March
1725 2605 1825 2641 1515.

335 2661 424 2702 [The
457 2662 585 2692 second
615 2663 757 2694 volume
784 2663 822 2694 of
848 2664 869 2694 J
872 2673 991 2694 erome
1024 2664 1080 2704 (cf.
1116 2664 1177 2704 Ep.
1206 2665 1285 2703 396)
1317 2664 1481 2694 contains
1512 2664 1613 2694 three
1640 2664 1796 2703 prefaces
1826 2665 1873 2703 by

292 2704 457 2735 Erasmus
474 2706 661 2737 addressed
684 2708 720 2737 to
743 2707 805 2737 the
823 2707 959 2747 reader,
979 2707 1013 2738 ff.
1034 2718 1064 2746 2,
1087 2717 1158 2746 101,
1181 2709 1251 2746 189.
1296 2707 1369 2737 The
1393 2707 1470 2737 first
1494 2708 1524 2738 is
1548 2707 1586 2738 of
1609 2707 1671 2738 the
1694 2709 1822 2738 nature
1838 2707 1876 2738 of

292 2756 312 2777 a
328 2748 464 2779 critical
481 2758 581 2788 essay
591 2750 662 2780 and
678 2750 709 2780 is
724 2751 783 2780 too
800 2749 883 2790 long
898 2752 935 2781 to
952 2751 995 2781 be
1009 2750 1156 2791 printed
1174 2751 1257 2781 here
1273 2761 1281 2789 3
1298 2751 1359 2781 the
1374 2750 1503 2782 second
1519 2751 1550 2780 is
1567 2751 1681 2790 onlya
1696 2750 1764 2781 few
1779 2750 1872 2781 lines

336 2824 388 2862 83.
409 2823 514 2854 Caius
527 2827 597 2854 add.
611 2826 633 2859 β
647 2829 716 2856 ante
731 2825 900 2865 Caligula.
990 2836 1041 2866 94.
1063 2827 1205 2867 specula
1217 2829 1290 2858 adel.
1302 2829 1402 2864 Bpost
1412 2827 1569 2859 sublimi.
1661 2836 1732 2865 107.
1751 2835 1872 2857 manu-

292 2866 381 2896 briis
395 2867 428 2899 β.
564 2868 634 2898 108.
663 2878 788 2909 expars
802 2871 824 2903 β
842 2873 898 2901 bis.
1034 2879 1104 2908 114.
1132 2871 1357 2902 Christianae
1373 2873 1445 2901 add.
1463 2872 1486 2904 β
1503 2874 1571 2901 ante
1586 2871 1721 2901 salutis.

335 2964 386 3002 83.
404 2964 581 3004 Caligula]
606 2966 704 2998 Suet.
729 2976 769 3006 53
785 2967 856 2998 and
873 2978 926 3007 34.
1159 2969 1210 3008 87.
1230 2968 1382 3009 Gellius]
1403 2979 1452 3000 12.
1469 2979 1499 2999 2.

335 3007 390 3038 86.
408 3007 667 3049 Quintilianus]
695 3019 744 3042 10.
767 3020 793 3041 1.
815 3020 874 3050 125
888 3020 958 3050 seq.
1164 3022 1232 3050 107.
1251 3012 1448 3053 manubiis]
1474 3011 1524 3042 Of.
1543 3011 1604 3051 Ep.
1623 3012 1695 3042 281.
1716 3011 1779 3051 5‚6.
