2010 3417
229 169 310 207 428
697 169 949 208 LETTERS
987 169 1059 208 OF
1097 169 1362 209 ERASMUS
1705 168 1826 223 [1517

230 277 304 309 The
320 277 485 316 question
502 276 620 316 might
635 277 790 317 perhaps
805 277 848 308 be
871 277 995 309 solved
1010 277 1043 309 if
1050 278 1242 320 “anything
1256 288 1350 309 were
1371 278 1506 310 known
1529 277 1567 309 of
1579 277 1642 309 the
1661 280 1670 296 ί
1680 278 1826 318 legatio’

235 321 274 360 (1.
290 323 348 360 36)
365 320 488 350 which
504 321 585 351 took
603 320 700 360 Agge
715 322 752 352 to
768 321 879 353 Paris.

272 363 319 394 To
342 363 405 394 the
428 365 546 394 notice
569 363 608 395 of
628 364 706 395 him
731 364 771 395 in
795 365 859 404 Ep.
881 374 953 404 291.
974 375 995 404 3
1011 374 1046 397 n.
1070 374 1154 405 may
1176 365 1219 396 be
1242 364 1359 396 added
1383 375 1403 397 a
1426 365 1591 396 mention
1614 364 1656 395 in
1677 375 1698 396 a
1721 363 1831 396 letter

229 407 377 437 written
391 407 437 446 by
450 407 597 438 Goswin
612 408 651 438 of
664 408 784 439 Halen
804 408 852 448 (p.
868 409 950 449 544)
967 410 1003 440 to
1019 409 1148 440 Albert
1159 408 1397 449 Hardenberg
1413 419 1442 440 c.
1458 409 1542 440 Dec.
1565 409 1648 448 1528
1666 408 1829 449 (Munich

229 450 299 481 MS.
319 450 395 481 Lat.
416 450 514 482 Cam.
536 460 564 491 1,
584 452 607 482 f.
626 453 647 482 6
663 453 726 492 νο),
746 453 787 482 in
808 452 929 483 which
950 452 997 483 he
1018 453 1049 483 is
1069 452 1301 493 represented
1323 462 1360 484 as
1381 452 1631 493 fraudulently
1645 451 1832 492 detaining

230 504 249 524 a
266 503 354 535 copy
372 494 411 525 of
423 493 552 525 Suidas
568 495 760 536 belonging
775 497 811 526 to
828 495 1003 538 Goswin.]

356 592 537 624 DOMINO
570 593 753 625 ERASMO
783 594 1068 626 AVGVSTINVS
1097 594 1272 627 AGGEVS
1303 595 1507 627 MEDICVS
1537 597 1571 627 S„
1597 594 1642 625 D.
1668 595 1707 625 P.

283 673 557 713 COGITANTEM
596 688 664 713 me
703 676 841 725 sepius
880 675 1035 727 aliquid
1073 676 1125 714 ad
1158 678 1200 715 te
1238 675 1416 715 scribere
1454 674 1649 726 repressit
1685 674 1830 725 pudor,

227 737 385 777 scilicet
405 739 514 789 quod
534 740 703 779 verebar
730 741 815 780 tuis
843 741 935 779 istis
962 741 1240 792 argutissimis
1266 743 1308 780 et
1336 755 1461 792 prope
1490 741 1539 779 ad
1567 740 1833 779 diuinitatem

229 803 402 843 eruditis
431 805 601 846 auribus
632 805 870 857 obstrepere
902 807 1058 846 litteris
1091 807 1197 847 meis
1237 807 1410 846 incultis
1438 808 1481 845 et
1518 806 1569 845 ad
1602 805 1833 845 barbariem

228 882 356 919 vsque
389 869 474 909 iam
504 870 773 911 horrentibus
788 888 797 920 ;
841 872 942 911 adeo
980 872 1164 921 interim,
1198 873 1299 912 dum
1337 874 1409 912 tua
1457 871 1753 912 consuetudine
1790 873 1833 909 et

190 943 207 974 5
226 934 543 975 litteratissimis
560 938 790 988 praeceptis
809 937 1034 977 destitutus
1054 951 1161 987 sum,
1185 938 1246 977 mi
1264 938 1451 987 Erasme,
1474 937 1608 977 sentio
1627 937 1833 987 quantum

227 1000 338 1040 mihi
356 1001 483 1051 periit
513 1014 600 1041 non
629 1003 754 1042 modo
777 1003 1026 1051 litterarum,
1047 1017 1148 1055 quas
1171 1004 1266 1043 tum
1284 1004 1401 1044 velut
1429 1017 1453 1042 a
1479 1003 1624 1043 limine
1646 1002 1832 1053 primum

228 1066 314 1105 tuis
347 1066 541 1117 auspiciis
572 1068 816 1117 salutabam,
852 1069 923 1108 sed
966 1070 1009 1108 et
1037 1069 1204 1120 ingenii,
1242 1069 1363 1120 quod,
1394 1069 1469 1109 vbi
1502 1082 1587 1108 non
1634 1079 1831 1116 exerceas,

229 1131 407 1180 quadam
427 1131 622 1183 rubigine
641 1134 840 1173 exeditur.
913 1134 1010 1174 Huc
1037 1135 1207 1174 accessit
1222 1135 1342 1186 quod,
1364 1147 1462 1174 cum
1485 1134 1587 1173 olim
1606 1146 1630 1173 a
1647 1135 1689 1173 te
1708 1133 1834 1172 disce-

229 1196 333 1235 dens
352 1209 402 1235 ex
420 1197 578 1247 Anglia
604 1212 700 1238 cum
720 1200 884 1239 Sixtino
904 1202 1047 1240 nostro
1068 1201 1112 1239 in
1131 1200 1311 1251 patriam
1330 1201 1381 1240 ad
1400 1202 1593 1251 parentes
1616 1201 1658 1238 et
1680 1197 1835 1237 amicos

171 1270 209 1291 10
228 1274 296 1301 me
329 1261 552 1313 aliquando
584 1264 703 1314 quasi
738 1265 996 1315 postliminio
1026 1267 1263 1317 reciperem,
1296 1266 1425 1305 incidi
1452 1265 1541 1305 illic
1569 1266 1613 1304 in
1643 1267 1833 1315 tempora

228 1327 497 1367 miseriarum
527 1331 570 1368 et
600 1343 873 1370 erumnarum
901 1332 1091 1370 omnium
1122 1332 1254 1382 plena,
1282 1346 1410 1383 eaque
1434 1331 1556 1370 furiis
1583 1331 1833 1381 quibusdam

226 1393 361 1432 veluti
383 1394 536 1444 agitata
564 1395 609 1433 in
640 1408 772 1434 nouas
805 1409 969 1447 semper
994 1397 1198 1436 bellorum
1222 1398 1424 1448 procellas
1452 1398 1497 1436 in
1527 1396 1615 1435 dies
1634 1384 1769 1447 magis
1787 1409 1833 1435 ac

228 1458 363 1509 magis
386 1459 711 1500 calamitosiores
739 1465 1002 1513 erumperent
1025 1477 1035 1512 ;
1077 1465 1124 1502 vt
1153 1463 1261 1502 mihi
1285 1463 1353 1503 vel
1383 1462 1523 1503 dolore
1548 1461 1833 1512 praesentium

227 1523 296 1562 vel
324 1526 441 1563 metu
470 1525 554 1563 iam
584 1526 836 1565 instantium
864 1528 1071 1567 malorum
1102 1528 1267 1580 (quibus
1294 1531 1390 1567 ante
1418 1529 1530 1579 ipsos
1549 1536 1665 1566 meos
1692 1525 1832 1566 oculos

170 1598 207 1629 15
227 1588 351 1628 amici
370 1592 411 1628 et
429 1593 622 1640 parentes
641 1592 782 1641 simul,
806 1593 938 1643 quid?
965 1594 1101 1633 dicam
1122 1607 1217 1633 cum
1244 1595 1412 1645 patria?
1440 1594 1525 1632 imo
1545 1606 1641 1632 cum
1663 1592 1830 1632 natione

226 1655 323 1703 tota,
347 1655 688 1707 conficiebantur)
707 1657 808 1696 adeo
823 1658 1051 1709 obriguerit
1069 1659 1236 1698 animus

437 1742 712 1794 Frigidusque
742 1744 951 1784 obstiterit
980 1746 1137 1786 circum
1166 1747 1403 1797 praecordia
1432 1746 1611 1796 sanguis,

210 1832 274 1869 fvt
306 1831 358 1869 ad
378 1830 518 1870 Musas
539 1834 581 1870 et
599 1831 837 1871 litterarum
863 1834 1213 1884 tranquillitatem
1243 1848 1296 1873 ne
1324 1835 1503 1885 aspirare
1529 1833 1699 1885 quidem
1723 1830 1832 1870 mihi

227 1897 299 1935 aut
316 1895 481 1935 licuerit
496 1899 568 1935 aut
587 1897 769 1938 libuerit.
830 1898 990 1938 Eorum
1010 1914 1172 1951 quoque
1201 1900 1424 1939 hominum
1444 1901 1515 1951 qui
1543 1900 1734 1939 animum
1752 1898 1832 1938 hoc

171 1975 210 1998 20
227 1961 273 1999 111
302 1962 446 2012 pelago
479 1963 794 2013 naufragantem
822 1965 1052 2004 refocillare
1083 1966 1285 2016 (solent),
1310 1967 1352 2005 id
1381 1968 1445 2006 est
1472 1965 1828 2016 philosophorum,

227 2027 399 2077 penuria
435 2028 620 2067 multum
648 2029 699 2067 ad
726 2029 833 2068 hanc
858 2030 1021 2080 ingenii
1049 2032 1134 2070 mei
1159 2031 1440 2070 calamitatem
1468 2031 1628 2080 adiecit,
1650 2031 1754 2069 dum
1781 2030 1832 2069 de

228 2091 381 2131 litteris
410 2094 451 2131 et
481 2092 745 2144 philosophia
778 2109 1006 2145 nunquam,
1038 2098 1109 2136 sed
1140 2111 1213 2147 pro
1235 2098 1303 2136 his
1332 2110 1495 2147 semper
1522 2097 1741 2147 πολεμίζετε
1770 2097 1832 2134 καὶ

229 2158 422 2209 μάχεσθον
467 2159 667 2199 audirem.
729 2161 800 2199 ‘Id
839 2165 902 2200 est
950 2164 1184 2202 maximum
1224 2166 1265 2202 et
1311 2163 1595 2202 miserrimum
1641 2174 1830 2201 mearum

230 2223 423 2261 omnium
452 2224 725 2265 miseriarum.

171 2303 209 2334 25
284 2289 372 2340 Ego
390 2291 432 2328 et
452 2290 591 2340 sepius
610 2292 663 2329 ad
683 2293 723 2329 te
744 2294 785 2330 et
810 2292 932 2343 plura
958 2294 1190 2343 scriberem,
1213 2293 1299 2333 nisi
1326 2293 1434 2332 mihi
1461 2293 1580 2333 dolor
1597 2306 1716 2332 meus
1736 2293 1829 2332 tum

230 2356 392 2394 omneis
420 2357 576 2405 parteis
604 2358 770 2406 mentis,
794 2361 887 2397 tum
917 2360 1098 2398 maxime
1126 2359 1252 2398 huius
1277 2360 1438 2409 generis
1465 2358 1707 2398 facultatem
1735 2358 1829 2398 ade·

230 2420 404 2459 misset.'
470 2421 553 2460 Cur
572 2422 687 2460 enim
709 2436 794 2461 non
807 2425 901 2463 vtar
913 2425 1052 2464 verbis
1067 2424 1274 2464 Ciceronis
1293 2425 1338 2463 111
1360 2438 1414 2474 re,
1432 2426 1478 2463 vt
1497 2426 1612 2475 puto,
1629 2437 1829 2475 perquam

232 2484 397 2524 simili?
436 2499 567 2537 vsque
593 2487 692 2526 adeo
722 2489 842 2527 malis
871 2490 956 2529 illis
984 2504 1087 2540 quae
1116 2494 1298 2529 extrema
1326 2491 1451 2529 homo
1480 2489 1831 2540 prudentissimus

229 2551 442 2600 iudicauit,
464 2566 558 2591 mea
576 2553 677 2592 haec
693 2554 805 2593 haud
825 2556 961 2594 multo
980 2556 1139 2595 leuiora
1157 2556 1264 2596 mihi
1281 2556 1490 2596 videntur.
1550 2556 1661 2605 Quae
1679 2555 1749 2594 vel
1767 2557 1825 2603 tu,

173 2630 212 2659 50
229 2617 297 2655 vel
316 2620 424 2656 certe
448 2618 555 2657 alius
580 2632 713 2669 nemo,
737 2621 797 2659 sic
825 2621 997 2660 tandem
1025 2622 1195 2661 mitiora
1224 2622 1465 2670 reddideris,
1488 2621 1525 2660 si
1549 2621 1635 2661 tuis
1662 2621 1830 2671 scriptis

229 2681 523 2722 eruditissimis
541 2685 833 2735 Augustinum
855 2688 977 2726 tuum
1004 2687 1226 2726 consolans
1253 2687 1500 2726 indicaueris
1527 2687 1677 2737 quibus
1697 2685 1830 2738 philo-

231 2747 395 2796 sophiae
415 2749 539 2788 remis
560 2763 611 2788 ex
638 2751 706 2790 his
734 2752 1000 2802 potissimum
1029 2753 1226 2792 fluctibus
1252 2753 1471 2804 enauigare
1496 2751 1753 2800 contendam,
1776 2764 1830 2790 ne

232 2884 242 2914 l
277 2844 308 2874 6.
335 2844 572 2920 εἰειῙυῦαιιὶέὶοεὶ
587 2847 714 2880 limine
732 2852 771 2880 ab
787 2853 979 2881 amanuensi
995 2853 1084 2882 obelz's·
1099 2854 1244 2882 notatum
1260 2853 1387 2882 inclusit
1402 2853 1466 2882 LE.
1610 2859 1663 2882 20.
1689 2849 1826 2881 refocil-

247 2895 332 2916 aren
364 2891 441 2919 coni.
461 2892 485 2919 L
517 2913 524 2921 .

273 2987 303 3017 8.
324 2986 426 3028 olim]
443 2988 488 3019 In
506 3000 608 3030 1513?
626 2992 666 3022 cf.
681 2992 767 3032 Epp.
781 3002 855 3032 273.
871 3002 907 3031 13
919 2993 990 3024 and
1109 3003 1156 3031 17.
1182 2992 1434 3033 Frigidusque]
1459 2992 1562 3031 Verg.
1581 2994 1615 3022 G.
1633 3001 1662 3022 2.
1683 2993 1758 3031 484.

234 3038 308 3069 ²91·
327 3038 356 3068 3·
1103 3046 1154 3075 27.
1182 3035 1381 3077 Ciceronis]
1398 3040 1464 3067 Art.
1481 3046 1511 3074 3.
1534 3045 1561 3073 7.
1582 3045 1610 3074 3.
