2010 3417
228 470 265 492 10

229 1123 268 1144 20

233 1781 273 1811 30

235 2103 273 2134 35

284 156 363 196 384
745 154 995 194 LETTERS
1034 154 1104 194 OF
1142 154 1408 194 ERASMUS

1748 153 1877 209 [1516

283 264 509 316 praeterire.
569 262 748 302 Proinde
780 262 947 313 ignosce
979 262 1122 301 iuueni
1159 261 1353 302 videlicet
1385 261 1527 311 stulto,
1565 264 1705 302 tantae
1736 264 1876 302 tamen

282 328 524 380 prudentiae
539 327 650 379 quod
665 340 732 366 me
746 327 926 367 stultum
945 340 1175 378 agnoscam,
1190 326 1426 378 Moriaeque
1444 327 1642 367 beneficio
1661 340 1728 367 me
1739 327 1880 367 viuere

283 406 370 432 non
389 405 484 432 sum
503 392 738 431 immemor.

339 457 524 497 Iusseras
541 457 712 509 nuperis
729 457 882 496 litteris
900 458 946 497 vt
972 457 1209 497 Hermanni
1235 458 1408 498 Buschii
1427 471 1593 497 carmen
1611 460 1653 498 et
1673 471 1815 497 meum
1834 459 1878 497 in

281 523 447 563 laudem
465 524 584 562 tuam
603 523 879 574 compositum
904 523 954 562 ad
981 525 1022 562 te
1047 523 1271 563 mitterem.
1331 524 1382 563 Id
1409 523 1636 563 studiosius
1664 523 1729 573 egi
1756 537 1880 574 quain

283 587 480 640 oportuit,
512 601 663 638 nempe
696 588 806 640 quod
838 601 976 627 meam
1014 588 1223 628 insaniam
1262 602 1426 640 quoque
1459 587 1569 628 misi.
1626 587 1879 628 Addideram

283 653 397 692 enim
417 666 584 692 carmen
601 653 652 693 ad
674 653 873 693 Osaldum
893 655 1085 693 nostrum
1104 653 1316 704 scriptum,
1334 654 1407 705 qui
1425 667 1538 693 nunc
1559 653 1658 693 ludo
1679 653 1881 692 litterario

284 718 429 769 Tiguri
458 720 629 768 praeest,
667 718 802 770 idque,
843 720 889 758 vt
921 719 1013 758 tum
1047 718 1350 768 tumultuabar‚
1388 731 1473 759 non
1511 719 1654 758 reuidi.
1714 717 1880 758 Accidit

283 785 422 823 autem
433 785 481 823 vt
499 784 744 834 pudendum
761 797 943 823 errorem
962 797 1046 823 non
1060 784 1238 824 viderim
1257 785 1303 823 in
1323 787 1441 824 sexto
1459 784 1510 824 ab
1531 784 1653 824 initio
1674 783 1855 823 carmine
1872 799 1882 831 ;

285 849 467 889 loricatus
502 849 616 889 enim
652 850 772 900 posui
807 849 943 899 prima
986 852 1181 900 correpta,
1231 851 1339 900 quod
1378 862 1501 888 nemo
1540 850 1685 889 doctus
1729 849 1883 899 absque

284 913 571 965 indignatione
603 914 748 954 audire
772 916 919 965 potest.
979 915 1197 954 Caeterum
1223 918 1439 955 venenatus
1461 914 1758 966 adscripseram
1781 927 1883 953 mar-

284 978 373 1029 gini
389 992 398 1026 ;
437 978 572 1016 nescio
600 991 682 1027 quo
709 977 793 1017 fato
821 977 863 1016 id
893 979 986 1027 post
1014 977 1311 1028 praeterierim.
1368 977 1615 1017 Leuiculum
1644 979 1719 1025 est,
1740 977 1880 1022 fateor,

285 1044 358 1084 sed
383 1056 449 1082 res
474 1056 624 1094 magna
641 1055 824 1081 errorem
850 1042 1065 1087 condonat,
1087 1056 1216 1093 parua
1242 1043 1430 1082 minime.
1490 1043 1672 1082 Proinde
1695 1042 1792 1093 plus
1817 1054 1885 1080 me

285 1109 461 1159 torquet,
484 1108 594 1158 quod
613 1109 660 1147 in
680 1122 727 1147 ea
745 1108 871 1156 labor,
889 1109 934 1147 in
954 1121 1034 1158 qua
1054 1120 1140 1146 non
1159 1108 1328 1147 veniam
1349 1108 1419 1148 sed
1441 1108 1574 1147 risum
1593 1108 1769 1147 meritus
1788 1106 1881 1145 sim.

285 1174 344 1212 At
372 1187 469 1213 vero
497 1176 595 1213 tuus
622 1174 775 1213 candor
803 1173 1104 1223 ingeniumque
1141 1173 1342 1223 placabile
1377 1173 1579 1214 Glareano
1612 1173 1690 1212 hoc
1725 1185 1885 1223 quoque

286 1239 546 1278 condonabit.
602 1239 683 1278 Oro
703 1239 841 1278 autem
862 1241 908 1278 vt
927 1251 1093 1278 carmen
1111 1239 1251 1289 ipsum
1270 1239 1338 1278 vel
1357 1239 1525 1290 penitus
1545 1238 1817 1284 confodiatur,
1839 1237 1883 1276 in

287 1304 429 1354 ignem
453 1304 627 1343 iaciatur
644 1304 712 1344 vel
738 1303 963 1352 delitescat,
985 1316 1152 1354 prorsus
1179 1304 1404 1354 indignum
1435 1304 1545 1355 quod
1568 1304 1712 1343 lumen
1734 1302 1882 1350 videat,

288 1369 372 1408 nisi
400 1369 502 1408 lima
529 1369 695 1408 Erasmi
722 1370 911 1417 accedat;
951 1382 1077 1419 quam
1104 1371 1247 1408 tamen
1281 1371 1375 1419 opto
1409 1369 1654 1408 melioribus
1687 1368 1884 1408 aduenire

252 1449 266 1479 ς
289 1433 466 1485 scriptis.

344 1499 436 1539 Hoc
473 1512 616 1548 vnum,
651 1499 713 1538 mi
741 1500 926 1547 Erasme,
956 1499 1034 1538 tibi
1065 1512 1312 1550 persuasum
1343 1498 1459 1547 habe,
1496 1512 1563 1538 me
1598 1498 1753 1549 vbique
1794 1500 1886 1537 tuas

289 1565 523 1616 praedicare
546 1564 699 1613 laudes,
722 1577 938 1614 nunquam
965 1563 1179 1603 ammirari
1204 1564 1389 1603 desinere
1415 1567 1488 1604 tua
1514 1564 1694 1615 scripta3
1723 1576 1885 1613 semper

290 1632 335 1670 in
368 1643 436 1668 ore
468 1643 561 1669 meo
592 1632 665 1669 tua
697 1642 785 1668 esse
818 1629 1045 1679 praeconia,
1077 1630 1264 1680 illudque
1296 1643 1392 1680 prae
1421 1629 1601 1677 caeteris,
1630 1631 1671 1668 te
1699 1629 1808 1668 mihi
1836 1642 1886 1667 ex

290 1696 428 1736 animo
467 1694 640 1733 charum
677 1707 774 1742 esse,
810 1694 933 1745 idque
971 1696 1044 1734 tuo
1083 1695 1230 1733 merito
1268 1696 1378 1745 quod
1414 1708 1509 1733 vere
1547 1693 1783 1734 Christiana
1819 1705 1886 1732 me

293 1760 485 1809 docuisti,
507 1760 632 1799 homo
661 1759 1047 1808 Christianissime3
1084 1760 1297 1810 habeoque
1327 1760 1405 1798 tibi
1433 1759 1586 1810 gratias
1617 1772 1718 1810 quas
1745 1758 1886 1797 animo

291 1827 516 1877 concipere,
539 1825 695 1864 calamo
723 1824 952 1875 exprimere
980 1838 1066 1864 non
1094 1838 1275 1876 possum.
1335 1825 1404 1864 Ad
1432 1824 1643 1864 nundinas
1670 1822 1889 1863 Francina-

292 1893 418 1931 danas
450 1903 617 1930 rursum
646 1890 801 1941 aliquid
830 1889 1068 1929 litterarum
1095 1904 1119 1930 a
1141 1892 1182 1929 te
1206 1892 1386 1941 expecto,
1420 1892 1543 1940 atque
1573 1892 1666 1928 tum
1692 1890 1741 1928 de
1764 1888 1888 1928 rebus

292 1958 397 1996 meis
426 1958 467 1995 te
495 1955 645 1995 faciam
673 1956 892 1994 certiorem
908 1970 917 2004 ;
957 1969 1058 2006 quas
1086 1969 1197 1995 nunc
1235 1956 1286 1994 ob
1326 1955 1576 1994 breuitatem
1603 1953 1804 2005 temporis
1836 1967 1889 1991 ne

293 2022 504 2072 concipere
532 2021 700 2071 quidem
725 2021 856 2070 potui,
875 2021 1032 2060 nedum
1061 2020 1247 2060 scribere.
1307 2020 1438 2060 Porro
1459 2020 1574 2059 valeo
1604 2020 1721 2068 bene,
1745 2019 1887 2059 valent

294 2087 467 2136 Rhetus‚
500 2086 686 2135 Osaldus,
722 2086 873 2125 Petrus
906 2089 946 2125 et
978 2086 1238 2135 Valentinus,
1275 2099 1420 2126 omnes
1458 2084 1652 2136 discipuli
1691 2085 1786 2135 mei,
1826 2085 1889 2124 tui

384 2194 433 2221 14.
458 2184 575 2215 reuidi
592 2187 651 2215 MS
665 2195 672 2214 :
695 2185 817 2216 recudi
834 2187 888 2215 LB
899 2194 1073 2222 perperam.

339 2285 389 2306 10.
415 2247 580 2312 Buschii]
605 2247 658 2304 (fif.
675 2271 738 2312 Ep.
757 2282 830 2311 440.
852 2281 890 2310 14
905 2282 938 2303 n.

380 2315 518 2357 meum]
545 2315 597 2347 Of.
615 2315 679 2355 Ep.
698 2325 773 2354 440.
793 2325 831 2354 13
843 2325 879 2347 n.

1209 2193 1258 2223 15.
1286 2184 1440 2215 viderim
1459 2185 1534 2214 LB:
1560 2183 1722 2214 videram
1737 2185 1806 2214 MS.

1123 2271 1333 2303 Glareanus’
1365 2271 1536 2311 academy
1567 2271 1614 2311 (p.
1639 2269 1730 2311 279).
1789 2269 1889 2310 They

1123 2315 1375 2356 accompanied
1409 2315 1605 2346 Glareanus
1640 2316 1676 2346 to
1713 2314 1813 2345 Paris
1849 2315 1888 2344 in

342 2371 390 2401 13.
417 2358 577 2400 carmen]
601 2358 654 2390 Cf.
671 2359 734 2399 Ep.
753 2360 827 2398 463.
845 2360 887 2397 67
902 2368 937 2390 n.

382 2402 570 2444 Osaldum]
619 2402 817 2434 Glareanus
858 2411 940 2433 uses
981 2402 1056 2434 this

295 2449 386 2481 form
407 2445 614 2487 frequently
630 2458 637 2478 :
659 2456 688 2477 e.
702 2456 733 2485 g.
752 2446 791 2477 in
813 2445 883 2478 Zw.
902 2446 941 2478 E.
962 2454 1054 2485 1519.

294 2503 325 2533 2,
348 2493 397 2531 16,
419 2501 480 2531 19;
504 2490 546 2522 cf.
566 2490 639 2520 also
654 2489 727 2522 VE.
750 2499 819 2528 170.

340 2536 388 2566 16.
412 2533 571 2574 loricatus]
604 2536 812 2571 cataphractis
833 2542 906 2563 was
929 2532 1057 2563 substi-

296 2578 399 2610 tuted
410 2578 518 2609 when
531 2577 593 2608 the
608 2586 712 2617 poem
725 2586 799 2608 was
811 2575 957 2616 printed
969 2587 977 2615 ;
1000 2585 1058 2607 see

296 2623 359 2663 Ep.
378 2623 451 2662 463.
470 2622 513 2661 69
525 2631 560 2652 n.

338 2675 391 2705 31.
415 2662 722 2704 Francinadanas]
754 2663 952 2695 Glareanus
979 2673 1059 2694 uses

296 2710 358 2740 the
374 2709 526 2740 locative
541 2710 739 2739 Francinadi
757 2708 796 2738 in
812 2707 883 2739 Zw.
902 2706 940 2738 E.
963 2716 1056 2746 1520.

338 2805 392 2835 35.
418 2795 572 2836 Rhetus]
597 2794 648 2827 Cf.
667 2795 730 2835 Ep.
749 2805 824 2834 440.
844 2804 882 2834 15
896 2804 932 2825 n.

384 2839 510 2870 Petrus
539 2840 576 2870 et
606 2837 838 2880 Valentinus]
875 2838 981 2869 Peter
1011 2836 1057 2877 (c.

300 2881 534 2922 1503-‘?1532)
560 2881 631 2914 and
653 2881 848 2913 Valentine
876 2883 920 2921 (c.
953 2889 1058 2920 1500-

301 2925 409 2965 1555),
427 2926 573 2957 brother
594 2926 667 2956 and
687 2926 810 2956 cousin
835 2925 873 2955 of
885 2925 1058 2964 Aegidius

297 2968 466 3003 Tschudi,
485 2969 492 2982 ‘
505 2969 567 3000 the
589 2969 698 2999 Swiss
718 2968 945 3008 Herodotus,’
964 2967 1056 2998 with

296 3011 417 3042 whom
454 3011 541 3051 they
577 3021 669 3042 were
707 3022 788 3043 now
825 3012 979 3043 inmates
1023 3011 1062 3042 of

1126 2368 1219 2399 1517.
1267 2359 1331 2390 See
1348 2358 1461 2398 BRE„
1480 2358 1552 2390 VE.
1570 2358 1643 2388 and
1659 2358 1728 2389 Zw.
1750 2357 1789 2389 E.

1167 2403 1273 2433 Peter
1300 2412 1346 2433 on
1368 2401 1512 2441 leaving
1534 2402 1636 2433 Paris
1662 2411 1690 2434 c.
1719 2409 1799 2440 1521
1824 2399 1887 2431 fin.

1120 2445 1245 2485 joined
1272 2445 1335 2477 the
1360 2445 1571 2485 Reformers,
1599 2444 1671 2476 and
1695 2443 1826 2475 settled
1852 2446 1888 2474 at

1125 2489 1244 2528 Chur;
1267 2499 1323 2520 see
1340 2489 1449 2520 ADB.
1466 2489 1518 2528 38.
1537 2498 1646 2529 730,1.
1699 2488 1812 2518 There
1828 2496 1888 2518 are

1124 2542 1246 2573 poems
1266 2532 1455 2563 addressed
1472 2536 1508 2563 to
1530 2532 1607 2563 him
1625 2532 1663 2562 in
1681 2531 1887 2562 Glareanus·

1124 2579 1168 2607 De
1193 2579 1311 2607 ratione
1336 2578 1528 2613 syllabarum
1557 2575 1660 2615 (Nov.
1690 2574 1788 2614 1516)
1817 2573 1887 2605 and

1126 2622 1250 2657 Eleyiae
1264 2622 1320 2659 (14
1329 2620 1417 2651 Nov.
1433 2619 1540 2661 1516).
1567 2618 1759 2650 Valentino
1771 2616 1888 2648 before

1126 2664 1232 2703 going
1256 2665 1292 2695 to
1317 2663 1421 2694 Basle
1448 2665 1492 2700 (a.
1520 2672 1559 2701 31
1585 2662 1672 2702 July
1697 2661 1791 2700 1515)
1815 2660 1888 2691 had
1936 2694 1938 2697 y

1126 2708 1215 2738 been
1252 2716 1272 2737 a
1301 2707 1400 2747 pupil
1431 2707 1470 2737 of
1496 2706 1678 2737 Vadianus
1713 2704 1784 2736 and
1814 2703 1887 2734 had

1125 2751 1257 2781 visited
1274 2750 1381 2781 Pavia
1399 2750 1485 2790 (VE.
1502 2750 1591 2789 100).
1624 2749 1681 2780 He
1695 2746 1889 2788 graduated

1125 2797 1162 2825 at
1191 2794 1291 2824 Paris
1314 2793 1417 2834 (EA.
1447 2794 1540 2832 1518,
1567 2792 1659 2824 M.A.
1689 2792 1787 2831 1519)
1815 2790 1889 2821 and

1125 2838 1165 2868 in
1181 2837 1203 2868 J
1206 2847 1263 2869 an.
1279 2847 1363 2877 1519
1374 2847 1446 2868 was
1462 2835 1672 2868 nominated
1688 2836 1724 2865 to
1740 2833 1888 2865 succeed

1125 2880 1275 2920 Zwingli
1291 2891 1329 2912 as
1340 2880 1462 2921 parish
1474 2880 1587 2920 priest
1605 2878 1644 2910 of
1654 2878 1782 2909 Glarus
1795 2876 1883 2915 (VE.

1127 2934 1198 2964 140,
1228 2924 1328 2965 156);
1359 2924 1423 2954 but
1446 2923 1493 2954 he
1516 2921 1702 2954 remained
1724 2921 1764 2951 in
1786 2919 1888 2950 Paris

1124 2968 1182 2999 till
1209 2977 1345 3006 1521-2,
1371 2966 1443 2997 and
1466 2976 1538 2997 was
1564 2967 1628 2996 not
1655 2962 1826 2995 inducted
1849 2965 1886 2993 to

1123 3011 1182 3042 his
1203 3021 1287 3042 cure
1307 3010 1366 3041 till
1389 3020 1428 3040 12
1443 3009 1519 3041 Oct.
1541 3017 1632 3047 1522.
1681 3007 1749 3037 His
1769 3006 1888 3037 subse-
