2010 3417
263 805 324 827 220

264 1131 321 1163 225

262 1457 324 1488 ²30

262 2109 324 2140 240

263 2435 322 2466 245

343 158 397 196 86
806 156 1057 194 LETTERS
1096 156 1164 195 OF
1202 155 1467 194 ERASMUS
1808 152 1847 207 [1
1855 163 1876 202 5
1886 167 1900 192 1
1910 163 1936 202 5

343 267 466 318 gestit
498 266 665 304 animus
692 278 766 315 pro
787 264 902 303 virili
931 262 1091 302 omneis
1118 262 1277 312 ingenii
1305 274 1456 300 neruos
1480 261 1525 300 in
1550 262 1629 300 1100
1655 262 1865 312 explicare,
1891 265 1937 301 vt

344 333 500 382 quanta
527 331 759 368 extiterunt
785 328 935 367 Leonis
964 328 1008 365 in
1043 327 1324 366 Christianam
1352 328 1521 377 gentem
1549 327 1709 376 merita,
1745 330 1862 366 tanta
1893 329 1938 367 et

342 394 515 446 posteris
540 395 771 433 habeantur
799 406 844 431 ac
873 392 1136 439 celebrentur,
1170 391 1288 431 nullo
1314 404 1501 442 vnquam
1529 393 1713 441 tempore
1741 391 1938 432 intermo-

342 460 484 498 ritura.

397 525 486 574 Qua
519 524 568 562 de
601 537 645 562 re
679 523 751 562 diu
785 522 983 573 cogitanti
1015 521 1133 571 mihi,
1155 534 1251 559 cum
1279 521 1538 572 exploratum
1566 521 1760 559 haberem
1791 533 1941 571 nequa·

343 603 467 640 quam
496 589 654 638 ingenii
683 588 815 627 nostri
845 587 1046 637 praesidio
1073 587 1218 625 confici
1243 599 1370 636 posse,
1394 586 1695 636 propemodum
1714 586 1853 624 visum
1873 587 1938 625 est

342 656 431 694 fieri
459 668 588 705 posse,
609 656 657 693 vt
685 654 760 692 hac
789 653 946 691 ratione
964 654 1174 702 vtcunque
1200 652 1307 702 quod
1335 665 1458 690 conor
1482 652 1604 690 liceat
1630 651 1804 702 assequi,
1826 651 1863 689 si
1885 651 1939 690 ad

341 721 383 759 id
406 720 665 759 efficiendum
691 718 940 758 immortalis
965 717 1140 756 alicuius
1165 731 1239 768 per
1264 730 1307 756 se
1333 717 1516 756 nominis
1539 717 1796 755 adminiculo
1815 716 1942 755 fueri·

343 799 437 825 mus
456 787 531 825 vsi.
591 785 897 835 Perspiciebam
927 784 1072 822 diuum
1102 783 1412 833 Hieronymum
1439 783 1497 821 sic
1520 783 1627 833 apud
1654 782 1826 821 Latinos
1848 795 1941 822 esse

341 851 630 902 theologorum
662 850 902 900 principem,
925 851 972 888 vt
1009 849 1121 887 hunc
1158 862 1283 899 prope
1321 847 1457 887 solum
1495 848 1720 887 habeamus
1752 847 1937 899 theologi

341 918 517 967 dignum
543 916 811 966 cognomine;
841 927 926 953 non
953 914 1060 964 quod
1089 915 1269 952 caeteros
1297 914 1503 962 damnem,
1527 913 1597 951 sed
1622 914 1730 964 quod
1750 913 1941 953 illustres

341 982 507 1033 alioqui,
530 982 566 1020 si
596 995 690 1020 cum
716 981 793 1019 hoc
824 980 1097 1027 conferantur,
1124 978 1175 1017 ob
1203 978 1329 1017 huius
1356 978 1628 1017 eminentiam
1646 979 1763 1017 velut
1791 979 1937 1018 obscu-

340 1050 507 1088 rentur:
537 1047 712 1098 denique
731 1048 795 1085 tot
815 1045 988 1096 egregiis
1008 1044 1267 1083 cumulatum
1287 1043 1464 1091 dotibus,
1481 1046 1528 1082 vt
1542 1045 1614 1082 vix
1633 1044 1770 1082 vllum
1788 1044 1936 1083 habeat

341 1118 382 1152 et
413 1114 502 1164 ipsa
529 1113 647 1151 docta
677 1112 845 1150 Graecia
871 1123 994 1160 quem
1021 1122 1117 1148 cum
1143 1109 1221 1147 hoc
1239 1109 1330 1147 viro
1351 1111 1474 1159 queat
1493 1122 1750 1159 componere.
1806 1109 1940 1158 Quan-

340 1181 433 1218 tum
467 1179 512 1217 in
542 1177 617 1217 illo
647 1178 857 1216 Romanae
883 1175 1110 1223 facundiae,
1140 1176 1295 1225 quanta
1320 1174 1558 1224 linguarum
1587 1175 1747 1225 peritia,
1781 1177 1940 1225 quanta

341 1244 479 1283 omnis
498 1243 775 1293 antiquitatis,
797 1242 987 1280 omnium
1006 1240 1288 1290 hystoriarum
1308 1240 1459 1278 noticia
1475 1241 1483 1279 ἱ
1532 1241 1666 1290 Quam
1686 1241 1768 1279 fida
1783 1253 1938 1280 memo-

341 1309 412 1357 ria,
447 1322 570 1359 quam
607 1307 707 1346 felix
740 1320 880 1346 rerum
912 1307 1102 1345 omnium
1134 1305 1326 1353 mixtura,
1364 1319 1490 1356 quam
1523 1306 1710 1345 absoluta
1747 1306 1936 1356 mystica·

341 1388 435 1413 rum
462 1374 695 1412 litterarum
718 1372 923 1422 cognitio!
981 1372 1111 1421 Super
1136 1371 1274 1410 omnia
1294 1371 1386 1421 quis
1411 1371 1532 1409 ardor
1554 1371 1636 1419 ille,
1661 1385 1786 1422 quam
1811 1371 1940 1410 admj·

341 1440 483 1478 rabilis
524 1438 661 1477 diuini
704 1438 881 1487 pectoris
928 1437 1117 1475 afflatus!
1174 1437 1232 1475 Vt
1269 1449 1379 1475 vnus
1415 1438 1457 1474 et
1494 1436 1723 1486 plurimum
1761 1437 1936 1476 delectet

340 1505 575 1555 eloquentia
594 1506 634 1542 et
660 1503 801 1542 doceat
830 1501 1062 1540 eruditione
1090 1503 1132 1540 et
1159 1501 1291 1550 rapiat
1319 1501 1605 1541 sanctimonia.
1662 1503 1797 1552 Atqui
1822 1502 1937 1542 hunc

339 1571 480 1609 virum
499 1571 544 1608 vt
563 1582 695 1608 vnum
723 1568 925 1606 habemus
955 1567 1248 1617 dignissimum
1277 1566 1348 1617 qui
1380 1567 1542 1616 legatur
1568 1567 1619 1606 ab
1649 1568 1855 1616 omnibus,
1878 1568 1938 1607 ita.

339 1648 449 1674 vnus
468 1634 526 1674 sic
545 1634 796 1683 deprauatus
822 1634 919 1682 erat,
941 1632 1000 1672 sic
1025 1633 1345 1680 contaminatus,
1369 1632 1428 1670 sic
1455 1635 1762 1682 conspurcatus,
1784 1636 1832 1672 vt
1857 1647 1935 1672 nec

341 1714 364 1739 a
385 1700 516 1739 doctis
535 1701 675 1750 posset
693 1699 883 1749 intelligi.

393 1765 597 1805 Videbam
615 1765 777 1803 facinus
798 1763 965 1814 quidem
988 1762 1328 1813 pulcherrimum,
1354 1762 1390 1801 si
1410 1764 1550 1801 nostra
1571 1775 1668 1802 cura
1688 1764 1829 1802 doctor
1847 1766 1937 1804 tam

339 1831 519 1870 eximius
538 1831 628 1869 orbi
653 1831 954 1869 restitueretur.
1014 1828 1172 1867 Verum
1198 1827 1496 1878 perspiciebam
1523 1830 1690 1867 tantum
1716 1842 1804 1868 esse
1825 1830 1870 1869 in
1888 1844 1939 1869 eo

341 1896 510 1946 negocio
545 1895 808 1943 difficultatis,
846 1896 892 1933 vt
925 1907 972 1932 ea
1004 1905 1069 1931 res
1102 1906 1188 1932 non
1221 1906 1354 1932 vnum
1388 1893 1648 1943 desyderaret
1685 1895 1938 1943 Herculem;

340 1965 507 2001 tantum
531 1962 672 2001 aberat
689 1964 734 2001 vt
753 1974 886 2000 vnum
912 1973 980 1998 me
1007 1972 1148 2011 parem
1176 1972 1263 1998 esse
1291 1972 1409 2010 posse
1436 1959 1696 2009 confiderem,
1724 1961 1825 2000 adeo
1850 1974 1937 2000 non

342 2027 544 2066 Hercules
580 2029 626 2067 vt
661 2027 734 2067 vix
781 2027 907 2066 etiam
950 2026 1087 2064 homo.
1146 2026 1348 2064 Attamen
1392 2025 1581 2064 certatim
1618 2026 1939 2066 adhortantibus

341 2093 526 2141 eruditis,
550 2092 873 2142 efflagitantibus
903 2091 1113 2141 episcopis,
1146 2090 1397 2129 nominatim
1425 2092 1567 2128 autem
1595 2091 1716 2130 vnico
1744 2091 1829 2140 illo,
1852 2105 1936 2131 non

341 2172 433 2197 meo
457 2160 624 2197 tantum
644 2159 714 2196 sed
741 2160 781 2195 et
809 2157 998 2195 omnium
1024 2156 1269 2203 litterarum,
1294 2155 1433 2193 omnis
1451 2155 1622 2194 virtutis
1643 2156 1751 2205 apud
1771 2157 1938 2197 Britan-

341 2236 416 2262 nos
437 2224 680 2270 Mecoenate,
696 2222 744 2260 D.
771 2221 979 2260 Gulielmo
999 2220 1302 2270 archiepiscopo
1324 2219 1746 2271 Cantuariensi—quo
1767 2222 1936 2272 quidem

340 2289 430 2328 viro
462 2291 509 2328 vt
542 2288 648 2327 nihil
686 2288 809 2327 habet
846 2288 920 2326 illa
961 2287 1100 2325 insula
1136 2286 1205 2324 vel
1242 2286 1473 2324 eruditione
1502 2285 1568 2323 vel
1602 2285 1840 2336 integritate
1867 2287 1936 2326 vel

341 2354 535 2393 omnibus
556 2353 734 2403 denique
754 2352 1010 2391 ornamentis
1036 2351 1338 2401 episcopalibus
1358 2351 1598 2400 absolutius,
1622 2351 1681 2390 ita
1699 2365 1784 2390 non
1802 2352 1936 2391 alium

340 2419 464 2458 habet
492 2419 542 2458 ad
575 2418 890 2469 prouehendum
923 2418 1175 2468 optimarum
1208 2430 1348 2455 rerum
1382 2417 1566 2456 studium
1599 2418 1937 2467 p1·opensiorem;

341 2499 462 2536 porro
500 2485 545 2523 in
585 2484 781 2523 omnibus
818 2483 999 2533 negotiis
1037 2495 1140 2533 quae
1177 2482 1227 2522 ad
1266 2483 1384 2522 Sedis
1423 2483 1634 2522 Romanae
1674 2483 1934 2533 dignitatem,

340 2550 663 2601 amplitudinem
700 2562 744 2588 ac
784 2549 1046 2587 maiestatem
1078 2547 1298 2597 pertinent,
1323 2560 1369 2586 ea
1398 2548 1550 2598 pietate
1581 2550 1628 2587 vt
1661 2548 1817 2588 maiore
1849 2562 1934 2588 non

339 2616 480 2666 possit.
539 2615 699 2654 Deinde
736 2615 820 2653 iam
857 2614 990 2653 veluti
1031 2613 1290 2652 restitantem
1327 2615 1369 2652 et
1406 2613 1458 2652 ob
1496 2613 1747 2653 immensam
1783 2613 1939 2653 laboris
1977 2645 1980 2647 .

385 2711 459 2732 212.
494 2702 601 2741 gessit
627 2713 658 2732 α.
791 2710 854 2740 pro
882 2699 982 2730 virili
1008 2703 1080 2731 acld.
1112 2702 1156 2731 A.
1332 2710 1404 2738 214.
1441 2701 1608 2731 omnibus
1629 2704 1699 2738 post
1722 2701 1874 2740 posteris
1902 2711 1932 2731 a.

342 2746 416 2776 216.
441 2745 515 2784 Qua
532 2745 574 2775 de
592 2767 600 2774 .
619 2767 627 2776 .
645 2767 652 2775 .
672 2744 746 2776 218.
771 2753 878 2775 conor
894 2747 923 2774 A
940 2754 947 2773 ι
970 2744 1069 2783 Quod
1084 2743 1181 2774 haud
1197 2743 1268 2774 scio
1285 2752 1331 2774 an
1348 2745 1398 2775 ita
1414 2743 1560 2775 demum
1575 2756 1604 2774 α.
1718 2753 1791 2782 219.
1818 2753 1881 2783 per
1896 2753 1935 2774 se

342 2790 414 2818 add.
433 2792 474 2818 A.
595 2798 670 2819 220.
696 2789 750 2818 vsi
767 2790 840 2818 add.
858 2790 900 2818 A.
1033 2797 1109 2818 220.
1134 2787 1395 2827 Perspiciebam
1413 2810 1420 2818 .
1440 2811 1447 2818 .
1467 2812 1474 2819 .
1492 2789 1566 2827 269.
1592 2788 1728 2827 sumpsi
1743 2790 1772 2817 Α
1791 2798 1798 2817 :
1823 2786 1934 2817 Excu-

343 2831 479 2861 duntur
509 2831 668 2861 Basileae
698 2831 796 2870 typis
825 2830 1101 2870 elegantissimis
1133 2832 1270 2862 omneis
1305 2831 1383 2862 diui
1418 2831 1634 2870 Hieronymi
1666 2840 1749 2861 vere
1786 2829 1934 2860 diuinae

344 2873 609 2905 lucubrationes
624 2876 659 2905 et
675 2874 902 2905 excuduntur
917 2875 1104 2905 immensis
1120 2874 1333 2914 sumptibus,
1352 2884 1492 2905 summa
1514 2884 1608 2913 cura,
1627 2884 1699 2905 non
1721 2873 1935 2904 estimandis

343 2916 542 2948 sudoribus.
565 2918 635 2948 Nos
644 2918 696 2948 ita
709 2927 831 2948 sumus
843 2918 967 2948 adnixi
978 2919 1016 2948 vt
1027 2918 1281 2957 propemodum
1295 2919 1368 2957 ipse
1380 2927 1436 2948 me
1450 2918 1628 2949 laboribus
1640 2925 1835 2956 enecarem,
1845 2916 1933 2947 dum

343 2969 485 2999 operam
496 2959 584 3002 (do)
596 2963 633 2991 vt
655 2963 862 2991 renascatur
875 2961 1131 3001 Hieronymus.
1178 2961 1269 2991 Nam
1285 2961 1496 2992 vniuersum
1513 2970 1609 3000 opus,
1630 2960 1723 2999 quod
1737 2959 1782 2990 ad
1797 2959 1932 2999 decem,

343 3005 383 3034 ni
399 3003 512 3043 fallor,
531 3006 701 3034 accrescet
718 3003 903 3034 volumina
919 3015 948 3034 α.
1051 3014 1124 3042 242.
1150 3006 1205 3034 H:
1229 3004 1424 3035 Moecenati
1441 3007 1481 3036 A.
