2010 3417
278 160 368 197 476»
743 157 994 196 LETTERS
1033 157 1102 195 OF
1142 157 1408 197 ERASMUS
1747 155 1872 210 [1517

276 271 318 306 et
347 267 505 306 artibus
534 279 625 305 eam
651 279 702 304 ex
730 279 908 306 nouerca
933 269 1148 317 parentem
1179 267 1284 306 mihi
1315 267 1510 315 reddam;
1551 280 1648 306 nam
1688 266 1877 316 magistri

215 345 257 368 20
276 332 358 371 mei
378 333 592 382 praecepta
609 331 839 381 theologica
858 345 945 370 non
964 332 1065 370 satis
1084 332 1262 371 feliciter
1279 333 1516 383 procedunt.
1806 340 1808 342 '

330 396 410 435 Sed
440 396 490 434 de
518 396 642 447 nugis
670 397 782 435 satis.
842 396 1036 435 Liberius
1059 399 1196 436 tecum
1226 397 1383 437 iocatus
1412 412 1516 446 sum,
1539 399 1586 437 vt
1614 397 1879 447 congeri-onis

275 462 513 512 cognomini
542 462 832 512 responderem
861 476 941 512 quo
973 475 1040 500 me
1071 463 1115 501 in
1149 463 1234 502 tuis
1264 463 1418 502 litteris
1455 463 1657 514 insignire
1693 461 1876 501 voluisti.

277 530 489 577 Quantum
528 529 647 567 nobis
683 528 870 567 arriserit
907 528 1055 577 Iulius,
1087 529 1155 567 cui
1191 531 1389 579 perpetuo
1427 529 1512 568 risu
1551 526 1875 579 parentauimus,

274 608 398 645 quam
427 595 545 643 belle,
567 607 692 644 quam
721 594 868 633 festiue
897 597 950 642 et,
977 592 1058 646 (vt)
1086 607 1168 633 vno
1196 594 1332 633 dicam
1351 595 1489 642 verbo,
1513 607 1638 644 quam
1667 591 1878 632 Erasmice

217 670 254 702 25
277 673 373 699 cum
406 660 531 698 Petro
564 661 814 698 contendere
847 659 964 698 visus
998 660 1065 708 sit,
1097 659 1263 699 facilius
1295 659 1482 709 intelligi
1520 673 1646 710 quam
1684 657 1878 707 explicari

279 727 424 775 potest.
485 725 749 765 Immensum
783 727 845 764 est
873 725 981 776 quod
1010 725 1074 764 illi
1102 725 1250 764 tribuit
1280 725 1571 765 Cancellarius.
1630 725 1768 775 (Hie)
1799 724 1876 762 hoc

278 804 402 830 mane
428 790 530 830 hora
555 793 669 829 sexta
695 791 965 830 cameracum
991 790 1207 830 festinauit
1232 804 1329 830 cum
1358 791 1529 829 domino
1557 791 1607 830 de
1633 789 1811 830 Cheruia
1835 791 1875 828 et

274 856 466 906 theologo
494 856 639 895 Indico
660 871 669 905 ;
699 856 874 895 redituri
898 856 1010 895 intra
1035 869 1185 906 paucos
1212 857 1311 905 dies,
1333 856 1417 895 nisi
1441 870 1489 895 ea
1515 855 1626 895 inter
1651 868 1767 906 reges
1785 868 1878 894 con-

275 921 437 960 uenerit
458 921 674 960 concordia
693 934 817 972 quam
837 934 968 972 vsque
986 921 1037 960 ad
1057 924 1255 961 mutuum
1275 923 1542 971 conspectum
1562 923 1603 960 et-
1622 920 1876 971 colloquium

216 998 257 1029 30
276 987 463 1026 futuram
489 989 765 1037 expectamus.
825 987 999 1037 Alioqui
1031 987 1351 1037 Imperatoriam
1380 987 1638 1026 Maiestatem
1658 989 1700 1025 et
1719 987 1875 1036 Regem

276 1054 470 1091 nostrum
517 1052 725 1091 Cameraci
773 1052 1058 1091 morabuntur.
1139 1053 1273 1102 Opera
1311 1053 1564 1103 Hieronymi
1602 1051 1757 1102 hospiti
1804 1053 1878 1090 tuo

277 1117 456 1156 Martino
487 1118 611 1156 hodie
648 1118 753 1156 dabo
791 1118 906 1157 iussu
938 1118 1132 1168 theologi,
1169 1122 1215 1157 vt
1245 1132 1341 1157 cum
1372 1118 1532 1168 reliqua
1564 1118 1724 1157 sarcina
1753 1117 1805 1155 ad
1836 1119 1877 1155 te
1932 1155 1937 1165 ,

276 1182 545 1232 perferantur.
607 1182 928 1222 Humanissimo
962 1184 1117 1234 hospiti
1147 1184 1241 1223 istic
1272 1186 1346 1223 tuo
1379 1184 1503 1222 Petro
1532 1183 1728 1234 Aegidio,
1758 1182 1877 1221 vxori

277 1261 323 1285 ac
352 1248 534 1298 reliquae
563 1248 745 1287 familiae
765 1250 885 1299 cupio
905 1262 993 1288 esse
1017 1263 1144 1300 quam
1175 1249 1342 1300 optime,
1374 1252 1416 1288 et
1446 1249 1594 1288 Ioanni
1616 1248 1876 1299 praesertim.

218 1322 256 1353 35
278 1314 437 1363 Sponsa
462 1316 605 1353 nostra
631 1315 796 1353 saluum
820 1317 861 1354 te
886 1317 1011 1365 optat.
1071 1315 1185 1363 Vale,
1208 1316 1384 1354 domine.

332 1378 513 1418 Bruxell.
543 1381 609 1416 18a
631 1380 855 1419 Februarii.

811 1520 909 1559 533.

324 1597 491 1642 Epistole
509 1598 702 1642 elegantes
720 1597 764 1632 f0.
783 1597 834 1632 11⁴.

325 1654 377 1689 (3².
396 1667 433 1700 p.
456 1666 542 1701 123:
571 1656 607 1690 F.
629 1668 664 1701 p.
684 1667 749 1699 42:
778 1656 871 1693 HN:
900 1656 1012 1691 Lond.
1032 1656 1058 1690 i.
1082 1667 1144 1701 19:
1174 1656 1244 1691 Lss.
1267 1667 1345 1699 204.

972 1517 1035 1559 To
1067 1518 1268 1560 Famem
1300 1518 1335 1559 I.

1539 1596 1732 1641 Antwerp.

1453 1666 1493 1691 21
1515 1656 1704 1700 February
1725 1655 1826 1700 151532.

391 1753 800 1792 CHRISTIANISSIMO
830 1753 1097 1784 GALLIARVM
1128 1753 1236 1784 REGI
1267 1753 1519 1784 FRANCISCO
1551 1752 1759 1783 ERASMVS

750 1822 1083 1853 ROTERODAMVS
1116 1823 1324 1853 SALVTEM
1356 1823 1399 1852 D.

331 1895 422 1933 CVM
443 1894 637 1932 inclitum
658 1894 855 1932 Franci-‘ze
876 1907 1050 1944 regnum
1071 1893 1343 1943 omniumque
1363 1907 1567 1932 consensu
1586 1893 1708 1944 longe
1727 1893 1874 1931 floren-

274 1959 487 1997 tissimum
516 1959 719 2009 plurimos
747 1959 944 1998 aediderit
971 1959 1181 2009 principes
1210 1960 1363 2008 pietate
1401 1959 1582 2010 bellique
1610 1959 1738 2009 gloria
1765 1971 1875 2009 prae·

279 2026 446 2073 stantes,
483 2025 706 2070 Francisce,
740 2038 886 2074 regum
920 2024 1075 2074 optime
1112 2025 1228 2063 iuxta
1260 2037 1306 2063 ac
1340 2025 1533 2074 maxime,
1567 2027 1613 2063 tu
1651 2027 1793 2064 tamen
1830 2026 1874 2064 111

277 2089 426 2139 primis
459 2090 809 2140 speciosissimum
842 2090 950 2128 illud
984 2093 1023 2128 et
1058 2089 1276 2129 Gallorum
1309 2090 1496 2141 Regibus
1527 2090 1729 2141 peculiare
1760 2091 1874 2130 Chri-

238 2168 256 2199 5
278 2155 524 2193 stianissimi
551 2169 758 2206 agnomen
787 2156 895 2195 mihi
922 2158 1105 2206 prestare
1134 2156 1300 2195 videris.
1362 2156 1531 2194 Etenim
1561 2169 1655 2195 cum
1684 2156 1874 2195 Christus

276 2221 376 2270 ipse,
400 2234 543 2271 regum
564 2235 635 2260 rex
652 2235 697 2260 ac
715 2222 954 2272 principum
973 2221 1176 2271 princeps,
1193 2221 1303 2260 haud
1323 2221 1407 2260 alio
1426 2222 1583 2272 insigni
1602 2221 1873 2272 symboloque

276 2299 372 2325 suos
390 2286 550 2325 dinosci
566 2287 749 2325 voluerit
769 2300 894 2337 quam
914 2289 1085 2325 mutuae
1110 2287 1220 2326 inter
1243 2287 1355 2337 ipsos
1377 2287 1628 2335 concordiae,
1652 2289 1698 2326 tu
1717 2289 1873 2338 postea-

433 2379 507 2409 532.
526 2389 577 2418 23.
601 2378 726 2410 Tullus
742 2381 811 2410 ΠΝ.
829 2392 834 2410 ;
859 2390 933 2410 corr.
954 2382 1087 2411 Xichols.
1200 2389 1251 2418 24.
1277 2381 1316 2410 vt
1331 2381 1441 2410 addidi
1458 2382 1567 2417 infime
1584 2390 1694 2411 versus.

316 2500 391 2531 532.
416 2510 469 2538 23.
494 2500 627 2541 Iulius]
652 2501 704 2532 Cf.
722 2501 786 2540 Ep.
801 2510 866 2539 502
888 2499 1022 2531 introd.

318 2554 371 2582 27.
395 2544 642 2585 Cameracum]
667 2544 719 2575 Cf.
737 2545 881 2575 Brewer
897 2545 935 2576 ii.
953 2555 1040 2585 2940

1103 2510 1122 2531 a
1152 2500 1457 2541 predominating,
1489 2501 1627 2541 though
1658 2501 1871 2542 beneficent,

1102 2545 1290 2576 influence.
1323 2545 1388 2576 See
1402 2545 1554 2583 Henne;
1575 2545 1618 2575 de
1635 2544 1869 2585 Reiffenberg,

273 2587 345 2617 and
362 2597 460 2626 2943.

362 2630 532 2672 Cheruia]
568 2631 661 2662 Wm.
697 2631 736 2662 of
767 2632 859 2672 Croy
895 2632 1041 2671 (1458—

275 2674 317 2703 28
345 2674 427 2714 May
456 2674 568 2714 1521),
599 2675 693 2705 Lord
725 2674 764 2705 of
790 2675 983 2714 Chievres;
1021 2685 1042 2706 a

275 2720 471 2748 statesman
502 2719 584 2749 who
615 2719 705 2749 after
736 2718 845 2749 much
876 2719 1042 2758 military

276 2761 485 2800 experience
524 2762 676 2793 devoted
713 2762 771 2793 his
809 2764 969 2802 energias
1005 2764 1040 2793 to

274 2805 517 2845 maintaining
531 2805 595 2836 the
612 2805 854 2836 Netherlands
870 2807 909 2836 in
926 2816 1041 2846 peace.

276 2847 333 2876 He
351 2857 427 2878 rose
444 2848 536 2879 from
554 2859 621 2880 one
643 2849 863 2888 responsible
883 2850 1040 2889 position

275 2895 312 2919 to
357 2891 521 2929 another,
563 2892 634 2922 and
680 2893 719 2923 in
769 2902 852 2932 1509
900 2894 1041 2923 became

277 2935 487 2971 ‘governor’
511 2938 546 2965 to
571 2936 699 2966 Prince
722 2936 891 2975 Chai-les3
922 2937 1041 2967 whose

276 2976 479 3007 confidenee
518 2978 563 3008 he
606 2979 820 3019 completely
857 2980 1039 3019 acquired‚

275 3019 346 3049 and
378 3028 459 3050 over
488 3021 609 3052 whose
639 3022 758 3062 policy
786 3022 831 3053 he
862 3023 1041 3054 exereised

1101 2598 1134 2628 p.
1155 2597 1240 2626 2033
1264 2589 1429 2627 Brewer3
1452 2589 1524 2620 and
1540 2589 1615 2621 BN.

1148 2633 1200 2663 28.
1223 2631 1366 2672 Indico]
1391 2632 1588 2664 Barbirius.
1638 2632 1690 2664 Cf.
1713 2632 1777 2673 Ep.
1795 2634 1870 2671 476.

1107 2686 1144 2706 12
1161 2685 1196 2707 n.

1146 2729 1198 2758 32.
1249 2719 1423 2760 Mai-tino]
1471 2719 1624 2750 Davidts
1667 2720 1706 2758 (†
1716 2730 1745 2752 c.
1787 2719 1870 2750 Feb.

1108 2764 1217 2803 1535),
1231 2773 1251 2793 a
1267 2772 1382 2794 canon
1400 2763 1438 2793 of
1452 2762 1629 2803 Brussels,
1642 2763 1734 2793 with
1750 2764 1870 2794 whom

1104 2806 1274 2838 Erasmus
1297 2806 1425 2846 lodged
1450 2808 1489 2837 in
1516 2808 1610 2847 1516,
1629 2806 1703 2836 and
1723 2806 1807 2837 who
1830 2807 1869 2836 in

1104 2860 1346 2890 consequence
1382 2851 1413 2880 is
1443 2850 1587 2890 usually
1618 2850 1803 2881 described
1833 2860 1870 2880 as

1105 2894 1164 2924 his
1184 2893 1329 2933 ‘hospes
1341 2894 1360 2925 '.
1407 2893 1452 2924 In
1478 2903 1559 2933 1531
1583 2893 1629 2924 he
1653 2903 1726 2924 was
1749 2896 1869 2924 curate

1103 2939 1141 2968 at
1171 2937 1373 2977 Steerbeek,
1401 2947 1417 2975 7
1446 2938 1549 2968 miles
1574 2936 1611 2969 E.
1641 2936 1679 2967 of
1706 2937 1869 2968 Brussels

1106 2980 1189 3018 (EE.
1211 2981 1297 3021 163).

1146 3034 1198 3063 34.
1222 3023 1368 3064 Ioanni]
1393 3023 1522 3054 Sniitli.
