2010 3417
113 173 213 228 540]
1617 179 1696 217 485

511 229 665 271 ⁵2⁰54O.
726 229 790 271 To
822 230 1041 271 WILLIAM
1074 230 1294 272 LATIMER.

157 319 350 366 Epistolae
368 320 415 355 ad
433 320 602 356 diuersos
618 333 654 366 p.
673 323 752 365 426.
1374 322 1563 369 Antwerp.

158 378 250 414 HN:
279 378 392 414 Lond.
410 390 444 413 x.
465 389 528 425 23:
556 379 626 414 LB.
648 380 728 425 363.
1291 378 1500 426 <February
1521 379 1648 427 1517.)

329 460 418 501 [The
434 460 518 492 date
533 470 615 500 may
630 461 673 491 be
691 461 854 501 supplied
871 460 1153 501 approximately
1169 460 1260 492 from
1276 460 1337 491 the
1354 459 1481 502 place]

285 557 490 589 ERASMVS
519 559 850 590 ROTERODAMVS
881 559 998 590 GVIL.
1028 558 1258 589 LATIMERO
1289 559 1526 589 THEOLOGO

650 628 960 659 INTEGERRIMO
989 628 1022 658 S.
1054 628 1093 657 P.
1121 627 1164 657 D.

164 708 229 746 VT
248 707 399 748 lubens
418 709 461 748 in
481 709 565 748 tuis
589 710 639 748 ad
660 723 726 748 me
745 710 889 758 literis,
912 708 1147 748 doctissime
1166 707 1383 756 Latimere,
1406 707 1699 747 suauissimum

112 772 239 812 istum
268 773 424 824 ingenii
453 775 516 813 tui
543 775 762 814 candorem
791 788 837 813 ac
864 775 1062 825 pudorem
1091 773 1310 823 plusquam
1339 773 1574 824 virgineum
1606 787 1699 812 cum

112 838 352 878 Christiana
384 840 604 890 prudentia
634 841 902 879 coniunctum
931 839 1107 890 agnoui!
1152 838 1316 876 Nullius
1349 851 1501 876 nomen
1531 839 1701 888 attingis

112 903 194 942 uisi
221 918 317 943 cum
345 904 478 943 laude.
535 905 697 954 Quanta
715 919 812 944 vero
837 907 880 944 in
911 904 1116 944 laudando
1144 903 1385 953 prudentia!
1417 903 1508 942 Iam
1532 917 1627 941 cum
1656 904 1701 942 in

112 969 291 1008 aliorum
312 969 479 1008 dotibus
499 970 785 1020 praedicandis
803 973 889 1009 tam
916 984 1000 1009 non
1019 982 1165 1020 parcus
1190 968 1247 1007 sis
1267 981 1312 1006 ac
1332 968 1556 1017 malignus,
1576 981 1700 1018 quam
1720 983 1737 1014 5

111 1034 198 1084 ipse
217 1034 295 1072 tibi
316 1035 425 1073 nihil
445 1036 576 1075 sumis
592 1038 601 1075 !
635 1037 854 1076 Caeterum
874 1036 918 1074 in
938 1034 1168 1074 excusando
1187 1033 1316 1072 officio
1334 1033 1538 1072 malebam
1558 1035 1598 1072 te
1617 1047 1701 1072 non

111 1099 282 1148 perinde
297 1100 499 1139 disertum
513 1114 612 1140 esse.
657 1101 765 1140 Nam
785 1115 879 1140 cum
898 1114 972 1150 ego
993 1100 1098 1139 mihi
1111 1099 1275 1139 viderer
1289 1099 1472 1137 multum
1486 1112 1702 1149 argumen-

112 1167 250 1203 torum
282 1165 391 1205 haud
426 1166 583 1205 leuium
618 1165 841 1216 collegisse,
877 1180 958 1217 quo
991 1166 1069 1205 tibi
1103 1165 1388 1215 persuaderem
1422 1165 1468 1201 vt
1504 1163 1549 1201 in
1583 1163 1703 1202 Nouo

112 1230 376 1270 Testamento
410 1232 736 1281 recognoscendo
768 1231 889 1270 nobis
922 1231 1132 1281 suppetias
1168 1230 1274 1268 ferre
1307 1229 1446 1275 velles,
1481 1229 1627 1266 deinde
1657 1230 1704 1266 vt

112 1295 426 1346 incomparabili
445 1297 632 1335 Praesuli
653 1298 829 1336 Graecas
854 1296 996 1335 literas
1021 1309 1094 1334 ceu
1121 1295 1388 1345 colophonem
1409 1292 1615 1343 quendam
1638 1293 1703 1330 ab·
1724 1306 1762 1328 10

113 1362 389 1401 solutissimae
408 1375 505 1401 suae
520 1361 729 1401 doctrinae
743 1362 928 1412 cupienti
942 1361 1163 1411 adiungere
1179 1360 1246 1399 vel
1264 1360 1522 1398 menstruam
1537 1371 1704 1407 operam

112 1427 332 1478 largireris,
354 1429 527 1478 vtroque
554 1427 744 1477 publicae
773 1427 1007 1466 studiorum
1026 1426 1200 1466 vtilitati
1224 1425 1511 1470 consulturus3
1540 1425 1586 1461 tu
1616 1424 1703 1460 tam

113 1492 251 1532 densis
277 1495 318 1531 et
343 1493 537 1531 confertis
563 1494 905 1542 argumentorum
929 1491 1165 1543 agminibus
1189 1504 1256 1529 me
1281 1489 1446 1540 premis,
1467 1489 1514 1527 vt
1538 1499 1704 1537 prorsus

112 1558 388 1597 intellexerim
404 1571 529 1608 quam
548 1571 680 1596 essem
699 1558 838 1597 infans
853 1571 898 1597 ac
913 1558 1077 1597 ieiunus
1096 1558 1145 1596 ad
1162 1559 1203 1595 te
1222 1556 1405 1595 collatus.
1451 1553 1532 1592 Sed
1550 1554 1700 1601 tamen,

112 1624 268 1673 optime
296 1623 522 1671 Latamere,
555 1623 673 1662 facile
701 1624 834 1674 patiar
861 1626 907 1663 vt
934 1624 1002 1662 hic
1031 1622 1288 1672 eloquentiae
1316 1620 1501 1671 palmam
1530 1618 1701 1665 auferas,
1727 1633 1738 1655 ι
1746 1634 1762 1664 5

113 1689 235 1727 modo
254 1688 442 1728 vicissim
467 1702 540 1739 per
561 1691 602 1727 te
625 1689 746 1728 nobis
773 1689 894 1728 liceat
922 1689 1081 1727 auferre
1110 1687 1287 1726 officium
1307 1686 1414 1735 quod
1442 1684 1704 1734 flagitamus;

114 1754 222 1803 quod
243 1753 410 1802 quidem
430 1754 508 1793 hoc
528 1754 607 1793 erit
630 1754 800 1804 gratius,
822 1755 858 1792 si
884 1767 968 1792 non
987 1755 1197 1792 extortum
1224 1750 1480 1801 argumentis
1506 1749 1577 1787 sed
1596 1748 1706 1787 vltro

115 1831 307 1868 mei-aque
325 1819 457 1857 animi
475 1820 748 1869 propensione
768 1820 970 1858 donatum
989 1818 1208 1859 videbitur.

168 1884 230 1922 Ac
254 1884 303 1922 de
330 1897 397 1922 me
418 1884 587 1933 quidem
614 1885 784 1923 tandem
811 1884 1021 1934 polliceris
1048 1883 1356 1934 propemodum,
1378 1882 1417 1919 et
1440 1879 1592 1930 accipio
1617 1892 1704 1929 pro-

116 1949 316 1988 missum:
346 1949 511 1988 etiamsi
530 1963 672 1988 vereor
691 1963 742 1989 ne
767 1950 870 1988 istae
895 1949 1033 1999 copiae
1055 1949 1187 1987 nihilo
1208 1948 1302 1998 plus
1328 1946 1447 1985 nobis
1471 1945 1557 1983 sint
1577 1945 1705 1995 opitu·
1728 1960 1768 1981 20

116 2016 274 2053 laturae
291 2027 412 2064 quam
428 2015 529 2053 olim
545 2015 675 2053 Rhesi
690 2014 879 2053 Troianis
895 2029 904 2063 3
934 2014 1178 2053 iamdudum
1193 2013 1307 2051 enim
1327 2011 1536 2061 exemplar
1550 2010 1707 2060 flagitat

116 2080 278 2119 officina
305 2080 572 2118 Frobeniana.
630 2080 758 2119 Porro
785 2080 894 2130 quod
922 2080 972 2118 ad
1001 2080 1251 2130 Episcopum
1281 2078 1516 2116 Roffensem
1543 2075 1703 2123 attinet,

116 2146 249 2196 magis
268 2147 394 2184 etiam
419 2145 492 2183 abs
511 2147 552 2184 te
573 2145 782 2184 dissentio.
838 2145 977 2184 Satius
1003 2158 1091 2184 esse
1117 2144 1233 2183 ducis
1258 2143 1428 2182 omnino
1447 2154 1531 2179 non
1549 2141 1708 2179 tentare

116 2210 343 2261 negocium,
367 2210 412 2248 ni
431 2212 621 2259 coeptum
646 2210 845 2249 absoluas.
902 2209 1045 2249 Mones
1064 2211 1110 2248 vt
1129 2209 1357 2248 accersatur
1376 2221 1424 2245 ex
1444 2205 1567 2244 Italia
1588 2205 1708 2243 Grae-

117 2276 278 2314 canicae
307 2275 543 2313 literaturae
570 2275 792 2324 insigniter
818 2275 984 2324 peritus,
1011 2275 1083 2325 qui
1111 2287 1196 2312 non
1224 2273 1430 2322 relinquat
1455 2271 1706 2321 Episcopum
1726 2282 1764 2315 ²5

117 2341 199 2379 nisi
224 2342 468 2390 prouectum
496 2341 537 2378 et
561 2340 750 2378 adultum
779 2340 825 2378 in
854 2341 930 2378 hoc
959 2340 1192 2378 studiorum
1218 2351 1376 2388 genere.
1434 2336 1512 2374 Sed
1536 2335 1625 2382 ista,
1648 2334 1707 2372 mi

118 2406 348 2453 Latamere,
369 2405 564 2454 quoniam
588 2407 727 2455 optare
752 2405 888 2455 magis
912 2405 1061 2443 licebat
1081 2417 1205 2454 quam
1231 2403 1398 2450 efficere,
1420 2400 1576 2451 placuit
1603 2399 1706 2437 illud

118 2470 362 2517 comoediae,
396 2472 441 2509 ὡς
475 2469 666 2518 δυνάμεθα.
728 2469 878 2508 Procul
911 2470 1027 2508 abest
1055 2469 1189 2515 Italia,
1219 2481 1320 2518 quae
1353 2479 1463 2505 nunc
1495 2464 1707 2514 aliquanto

118 2535 328 2586 pauciores
347 2535 470 2573 habet
489 2536 535 2573 in
554 2535 688 2573 literis
712 2534 897 2584 insignes
916 2547 1040 2584 quam
1060 2533 1235 2572 habebat
1254 2545 1350 2570 cum
1370 2534 1417 2569 tu
1440 2529 1526 2567 illic
1545 2540 1707 2578 ageres:

119 2604 158 2639 et
187 2599 416 2650 periculum
443 2601 529 2637 erat
558 2613 609 2637 ne
636 2613 711 2649 pro
739 2601 930 2638 accersito
959 2598 1115 2649 insigni
1140 2598 1279 2637 veniat
1308 2595 1462 2634 ardelio
1488 2593 1706 2643 quispiam.
1726 2607 1767 2638 30

119 2665 204 2703 Nec
240 2665 404 2715 ignoras
434 2664 637 2702 Italorum
673 2664 889 2713 ingenium
920 2676 1044 2714 quam
1081 2663 1287 2701 immenso
1322 2659 1504 2711 praemio
1536 2657 1709 2697 conduci

119 2730 342 2780 postulent,
365 2731 410 2767 vt
430 2728 479 2767 ad
501 2728 694 2768 barbaros
713 2729 953 2778 demigrent,
976 2728 1102 2767 etiam
1121 2727 1152 2765 ii
1172 2727 1242 2778 qui
1266 2726 1490 2765 mediocres
1512 2724 1634 2762 sunt:
1660 2724 1709 2762 vt

121 2809 173 2834 ne
206 2794 338 2832 dicam
369 2793 549 2841 interim,
582 2794 691 2844 quod
722 2793 794 2844 qui
824 2793 943 2832 bonis
975 2793 1109 2831 literis
1139 2791 1331 2830 instructi
1357 2789 1544 2837 veniunt,
1575 2800 1711 2826 mores

498 2879 536 2907 15
552 2873 578 2899 et
594 2878 644 2907 27.
671 2869 850 2900 Latimere
866 2871 905 2899 N.
1041 2879 1094 2908 32.
1122 2868 1148 2897 ii
1165 2870 1211 2899 F:
1236 2867 1274 2897 hi
1292 2868 1334 2897 N.

525 2955 576 2975 21.
601 2943 725 2984 Rhesi]
749 2945 856 2975 Hom.
874 2947 914 2975 Il.
936 2954 984 2975 10.
1003 2955 1066 2984 435
1083 2954 1153 2983 seq.

524 2990 575 3019 28.
601 2987 818 3028 comoediae]
843 2988 1047 3027 Menander,
1069 2990 1210 3027 Gnomae,
1233 2996 1304 3027 190.

568 3032 693 3073 Italia]
718 3032 768 3063 Cf.
786 3032 849 3071 Ep.
868 3041 942 3071 457.
960 3033 1012 3071 58,
1031 3041 1062 3070 9.
