2010 3417
130 139 228 194 447]
527 143 599 181 rro
636 142 983 183 LAMBERTUS
1023 144 1326 185 GRUNNIUS
1646 147 1725 185 303

128 251 387 298 dormiscere‚
410 254 452 290 et
480 265 503 290 a
532 252 660 291 semel
689 252 921 302 interrupto
950 266 1099 292 somno
1129 267 1212 292 non
1242 255 1503 293 redormiscit
1528 255 1609 293 nisi
1633 257 1727 305 post

128 316 254 355 horas
273 315 441 366 aliquot.
487 317 660 365 Quoties
679 317 756 355 hoc
776 315 987 365 deplorare
1007 318 1112 356 solet
1133 318 1177 356 in
1197 318 1477 358 familiaribus
1497 319 1725 370 colloquiis,

130 381 211 419 sibi
244 383 441 430 negatum
475 382 612 421 aureis
641 381 727 420 illis
760 382 873 420 horis
905 382 999 430 frui,
1038 383 1412 434 suauissimamque
1452 385 1535 423 diei
1567 387 1728 434 partem

129 459 274 485 somno
295 447 453 496 perire!
483 447 643 497 quoties
662 448 835 485 conatus
854 449 916 485 est
941 448 985 486 vi
1006 450 1198 487 naturam
1226 449 1438 499 expellere,
1463 450 1533 488 sed
1552 450 1728 489 frustra!

130 510 261 550 Porro
299 511 514 550 incoenem
551 511 819 562 peruigilium
858 513 1024 561 excipit,
1066 526 1151 551 non
1189 514 1343 564 absque
1380 515 1632 553 valetudinis
1670 515 1729 553 in·
1745 527 1809 558 405

131 577 360 615 commodo.
437 578 478 615 A
515 577 698 627 piscibus
736 576 794 615 sic
832 576 1079 616 abhorrebat
1116 579 1352 618 adolescens
1388 582 1434 618 vt
1472 581 1523 619 ad
1562 581 1729 619 odorem

131 642 256 680 modo
275 641 466 691 protinus
486 642 659 680 sentiret
679 654 849 692 grauem
870 643 1016 691 capitis
1036 643 1220 682 dolorem
1241 657 1326 683 non
1348 644 1439 683 sine
1458 645 1575 683 febri.
1621 645 1729 693 Quid

130 706 230 745 talis
257 706 434 754 animus,
468 707 567 756 quid
596 707 678 745 tale
707 719 856 756 corpus
884 707 1008 745 faciat
1036 708 1080 746 in
1111 709 1371 756 monasterio,
1401 710 1645 758 praesertim
1675 710 1731 749 ita

131 772 245 810 sito?
272 771 474 810 nimirum
493 772 603 822 quod
623 772 748 822 piscis
769 772 921 810 faceret
940 773 985 810 in
1006 786 1105 811 aruo
1125 776 1196 812 aut
1216 773 1290 812 bos
1308 774 1354 812 in
1374 775 1490 813 mari.

186 836 300 875 Haec
339 849 468 886 quum
503 837 566 875 illi
603 838 739 887 patres
774 850 856 876 non
890 837 1140 887 ignorarent,
1178 838 1214 877 si
1246 838 1394 877 fuisset
1428 839 1471 877 in
1505 839 1590 877 illis
1624 840 1730 879 mica
1748 853 1813 884 410

131 914 326 951 syncerae
365 901 587 950 charitatis,
628 914 768 940 nonne
806 902 1032 941 debuerant
1069 903 1178 941 vltro
1216 903 1439 942 subuenire
1476 905 1626 954 puerili
1663 905 1730 943 vel

130 966 322 1005 inscitiae
346 966 415 1005 vel
442 966 745 1017 incogitantiae,
768 969 809 1005 et
838 967 906 1006 his
931 968 1154 1006 admonere
1181 967 1354 1006 verbis?
1413 969 1527 1017 ‘Fili,
1550 969 1730 1008 stultum

132 1034 194 1071 est
222 1032 379 1070 frustra
407 1032 499 1080 niti,
523 1045 598 1070 nec
625 1034 672 1071 tu
702 1033 898 1082 congruis
925 1032 1023 1071 huic
1052 1033 1248 1071 instituto
1277 1046 1352 1071 nec
1381 1034 1457 1072 hoc
1486 1034 1730 1073 institutum

131 1097 222 1135 tibi.
282 1098 395 1136 Dum
413 1097 626 1147 integrum
645 1099 719 1146 est,
739 1097 852 1136 aliud
872 1097 984 1136 vitae
1002 1111 1133 1148 genus
1157 1098 1300 1148 delige.
1353 1099 1518 1149 Vbique
1537 1100 1731 1138 Christus

131 1161 303 1212 habitat,
326 1175 412 1200 non
431 1162 499 1200 hic
517 1164 684 1201 tantum
702 1176 711 1200 z
740 1163 819 1201 sub
840 1163 987 1212 quauis
1005 1164 1121 1202 veste
1140 1163 1244 1201 bene
1263 1164 1414 1202 colitur
1432 1165 1575 1214 pietas,
1593 1165 1628 1203 si
1646 1178 1731 1203 non
1749 1180 1811 1211 415

133 1227 239 1266 desit
269 1228 446 1266 animus.
517 1228 719 1266 Dabimus
752 1241 919 1278 operam
952 1230 999 1266 vt
1032 1228 1229 1278 propiciis
1267 1229 1475 1268 tutoribus
1510 1232 1551 1268 et
1585 1231 1732 1270 amicis

132 1290 275 1328 redeas
293 1290 339 1328 in
358 1290 606 1329 libertatem.
663 1291 731 1329 Ita
757 1304 832 1329 nec
855 1293 902 1329 tu
929 1291 1052 1329 nobis
1078 1291 1245 1329 futurus
1264 1304 1308 1330 es
1328 1293 1442 1330 oneri
1463 1305 1538 1331 nec
1556 1306 1632 1331 nos
1652 1293 1731 1332 tibi

132 1355 284 1394 exitiost

187 1420 304 1459 Haec
330 1422 417 1459 erat
445 1420 571 1470 digna
595 1434 692 1460 vere
718 1422 800 1471 piis
829 1421 968 1460 oratio.
1028 1424 1088 1460 At
1118 1422 1262 1460 nullus
1280 1422 1405 1460 verbo
1430 1423 1608 1472 monuit,
1630 1424 1730 1473 quin

132 1486 273 1535 potius
292 1499 437 1524 omnes
450 1486 667 1524 machinas
685 1486 965 1525 admouebant
986 1500 1038 1525 ne
1058 1487 1184 1526 miser
1203 1487 1275 1525 ille
1294 1487 1484 1537 thynnus
1501 1488 1734 1528 elaberetur
1750 1506 1815 1537 420

133 1564 155 1589 e
175 1563 309 1589 nassa.
370 1550 496 1589 Alius
513 1551 677 1590 dicebat
696 1551 808 1590 hunc
834 1564 922 1590 esse
946 1552 1121 1591 Satanae
1141 1565 1312 1600 morem,
1335 1555 1381 1591 vt
1401 1553 1447 1591 in
1466 1554 1541 1592 tali
1560 1554 1732 1594 articulo

135 1629 281 1654 omnes
317 1616 500 1664 technas,
542 1630 688 1655 omnes
728 1617 845 1655 dolos
888 1616 1119 1666 admoueat,
1162 1631 1242 1667 quo
1288 1618 1527 1668 supplantet
1572 1633 1731 1658 nouum

134 1681 290 1719 Christi
328 1683 543 1731 tyronem:
592 1681 705 1720 hunc
744 1682 984 1720 conflictum
1022 1683 1060 1720 si
1094 1683 1259 1721 fortiter
1296 1684 1534 1731 sustineret,
1576 1687 1732 1724 caetera

134 1745 221 1784 fore
245 1758 378 1795 prona
403 1747 527 1796 atque
553 1746 679 1784 etiam
706 1747 897 1785 iucunda.
959 1747 1207 1786 Affirmabat
1233 1747 1345 1786 idem
1371 1748 1452 1798 ipsi
1470 1762 1547 1787 vsu
1570 1750 1733 1788 venisse

135 1810 358 1860 quondam,
397 1824 509 1848 nunc
549 1811 629 1849 sibi
664 1811 798 1849 videri
834 1812 879 1849 in
913 1812 1101 1861 paradiso
1139 1812 1295 1850 viuere.
1362 1813 1489 1851 Alius
1521 1814 1731 1854 iniiciebat
1750 1832 1812 1863 425

136 1876 390 1926 scrupulum,
412 1876 636 1914 ostendens
654 1876 805 1926 ingens
819 1877 1050 1926 periculum
1069 1890 1122 1915 ne
1143 1877 1267 1915 diuus
1284 1878 1549 1928 Augustinus
1567 1880 1733 1918 iritatus

136 1954 336 1990 magnum
356 1939 522 1990 aliquod
543 1941 702 1979 malum
722 1941 969 1980 immitteret
989 1942 1040 1980 ob
1061 1942 1360 1982 contumeliam
1375 1944 1559 1983 desertae
1578 1946 1706 1983 vestis
1723 1960 1732 1992 ;

135 2008 257 2056 atque
294 2005 423 2044 huius
460 2006 519 2044 rei
558 2006 906 2045 commemorabat
943 2007 1150 2046 horrenda
1182 2008 1341 2057 aliquot
1374 2009 1581 2058 exempla:
1626 2010 1733 2048 alius

136 2071 341 2110 inciderat
369 2071 415 2109 in
444 2071 638 2110 morbum
667 2071 1033 2119 immedicabilem,
1061 2072 1170 2111 alius
1197 2073 1374 2122 perierat
1405 2073 1512 2112 ictus
1539 2074 1730 2123 fulmine,

137 2136 245 2174 alius
270 2148 294 2173 a
319 2135 463 2185 vipera
481 2149 647 2174 morsus
672 2137 897 2175 interierat.
957 2137 1152 2176 Addebat
1171 2139 1331 2177 vestem
1351 2141 1562 2188 sumptam
1582 2140 1733 2179 habere
1752 2159 1816 2191 430

136 2202 308 2240 tacitam
340 2201 667 2251 professionem;
706 2215 781 2240 nec
809 2202 917 2251 apud
948 2202 1084 2241 Deum
1115 2215 1204 2241 esse
1233 2203 1368 2242 multo
1398 2204 1533 2243 leuius
1563 2205 1730 2253 crimen,

138 2280 213 2305 nec
245 2267 354 2316 apud
385 2267 578 2305 homines
605 2267 750 2305 minus
779 2267 985 2315 infamiae,
1017 2281 1144 2317 quam
1175 2268 1209 2306 si
1238 2269 1449 2317 professus
1479 2270 1731 2309 desciuisset.

139 2331 267 2370 Nullo
286 2345 373 2370 non
393 2345 543 2381 genere
562 2332 744 2371 telorum
763 2332 964 2382 vrgebant
983 2333 1298 2379 adolescentem,
1320 2335 1390 2372 sed
1411 2335 1529 2373 nullo
1549 2336 1733 2385 grauiore

140 2408 265 2446 quam
284 2395 478 2435 infamiae
497 2399 625 2435 metu.
687 2396 831 2435 ‘Nunc
846 2398 854 2412 ’
874 2397 1082 2447 inquiunt,
1106 2399 1115 2416 ⁴
1130 2411 1270 2437 serum
1296 2400 1359 2436 est
1378 2399 1547 2438 resilire.
1608 2400 1734 2438 Missa

140 2462 204 2499 est
222 2474 374 2499 manus
392 2461 443 2499 ad
468 2464 663 2510 aratrum,
686 2475 772 2501 non
799 2464 861 2501 est
887 2463 950 2500 fas
976 2463 1021 2501 in
1047 2465 1212 2513 tergum
1239 2464 1448 2513 respicere.
1509 2465 1554 2503 Si
1575 2467 1734 2503 vestem
1752 2484 1812 2515 435

141 2524 288 2563 multis
314 2525 494 2564 testibus
520 2529 730 2575 acceptam
759 2527 1005 2576 deposueris,
1028 2540 1191 2577 semper
1216 2528 1298 2567 eris
1322 2528 1544 2566 hominum
1570 2529 1733 2567 fabula.'

142 2590 225 2628 Hic
266 2591 475 2639 apostatae
511 2591 762 2630 vocabulum
803 2591 921 2630 miris
964 2592 1186 2642 tragoediis
1226 2593 1538 2642 exaggerabant.
1621 2595 1629 2611 ‘
1646 2594 1733 2641 Quo

142 2655 314 2694 tandem
329 2654 440 2693 ibis‘?
453 2655 462 2670 ³
491 2654 701 2704 inquiunt.
751 2655 868 2694 ‘Non
887 2656 1042 2705 poteris
1061 2670 1246 2706 vnquam
1265 2658 1310 2694 in
1325 2658 1529 2696 bonorum
1548 2657 1734 2697 virorum

142 2720 284 2759 venire
326 2721 602 2769 conspectum.
677 2720 731 2758 Et
771 2721 988 2759 monachis
1031 2721 1114 2759 eris
1157 2721 1399 2760 execrabilis
1433 2724 1474 2760 et
1509 2722 1736 2772 prophanis

144 2784 332 2823 inuisus.’
407 2784 508 2822 Erat
555 2785 693 2822 autem
738 2784 1010 2823 adolescentis
1058 2785 1276 2835 ingenium
1322 2785 1508 2836 virgineo
1556 2788 1734 2837 quodam
1753 2807 1820 2838 440

143 2850 310 2900 pudore,
351 2851 399 2887 vt
436 2851 613 2887 mortem
651 2849 787 2888 leuius
823 2849 1010 2888 horreret
1048 2863 1172 2900 quam
1215 2851 1425 2901 probrum.
1499 2853 1564 2891 Ex
1606 2854 1736 2893 altera

213 2999 286 3028 420.
314 2987 496 3029 thynnus]
520 2988 571 3019 Cf.
592 2989 654 3029 Ep.
675 2998 750 3028 451.
771 2999 799 3028 7.
1012 3000 1086 3030 435.
1114 2990 1158 3021 ad
1175 2990 1350 3032 aratrum]
1376 2991 1428 3024 Cf.
1448 2992 1545 3023 Luke
1563 3004 1592 3033 9.
1613 2994 1666 3025 62.
