2010 3417
102 165 202 219 535]
550 167 621 206 ΤΟ
658 166 903 207 FRANCIS
942 165 1244 206 DELOYNEs
1609 165 1686 203 481

101 276 180 314 ties
197 289 363 315 mecum
386 277 542 326 reputo,
560 289 640 325 quo
659 262 814 326 pudore
834 288 901 314 me
920 275 1107 314 suffundi
1126 276 1246 325 putas
1259 276 1281 314 ἱ)
1336 274 1455 313 Libet
1465 274 1688 322 vociferari,

103 341 197 380 Non
227 341 468 391 scripsimus
495 341 574 379 ista
602 340 801 389 Deloinis,
831 341 908 379 hoc
936 342 999 379 est
1028 340 1248 390 plusquam
1276 340 1404 379 Leuis
1433 352 1480 379 ac
1507 339 1692 388 Persiis3

102 406 182 446 ista
199 406 405 445 literariae
430 406 606 444 militiae
627 405 848 456 tyronibus
874 407 1016 455 parata
1041 407 1141 444 sunt
1163 407 1235 444 aut
1262 407 1369 444 certe
1395 404 1587 444 crassulis
1606 404 1692 456 qui-

103 471 278 510 busdam
300 473 342 510 et
361 471 519 510 amusis
537 470 752 521 theologis,
775 470 926 519 quibus
945 470 1118 509 antehac
1140 472 1228 509 erat
1246 470 1297 509 ad
1317 470 1621 518 Catholiearios‚
1642 470 1692 509 ad

104 536 503 575 Mammetrectarios
521 535 638 575 velut
655 535 706 574 ad
726 535 936 585 Apollinis
955 535 1161 585 tripodem
1180 535 1336 574 frustra
1355 535 1689 585 confugiendum.
1713 548 1755 580 30

104 600 272 640 Horum
302 600 541 640 Cimmeriis
569 600 752 639 tenebris
790 601 924 639 conati
961 613 1107 639 sumus
1144 599 1557 650 quantulumcunque
1589 600 1695 639 lucis

103 666 271 716 aperire.
330 666 413 705 Cur
431 679 504 704 vos
527 667 755 704 summates
773 665 852 704 viri
875 665 1117 715 patriciique
1144 665 1302 704 ordinis
1327 677 1514 714 proceres
1537 665 1587 704 ad
1617 665 1695 704 hoc

102 730 314 780 plebeium
339 731 581 769 conuiuium
607 730 880 780 vosmetipsos
905 730 1126 780 ingeritis?
1181 730 1276 768 Non
1304 730 1396 768 istis
1423 729 1572 780 palatis
1596 730 1696 770 haec

103 795 351 846 parabantur
370 795 592 846 legumina.
651 795 791 843 Video,
814 795 948 843 video,
971 797 1178 845 quantum
1204 795 1497 834 sollicitudinis
1514 795 1621 834 mihi
1640 797 1696 835 sit

103 860 385 900 adiiciendum
407 861 542 911 operis
560 861 726 909 nostris,
750 860 785 900 si
805 861 904 911 quid
925 861 1096 910 posthac
1114 861 1298 899 emisero.
1716 872 1756 904 35

160 926 266 965 Cum
294 928 390 964 ante
418 939 566 975 paucos
594 939 758 964 menses
786 925 892 976 apud
914 925 1102 964 Coletum
1130 925 1195 965 tui
1223 925 1400 964 facerem
1428 926 1695 975 mentionem,

106 991 296 1042 protinus
314 991 484 1042 agnouit
498 1005 651 1030 nomen
666 991 843 1039 Deloini,
863 1004 908 1030 ac
923 991 1200 1030 recordatione
1214 990 1367 1030 veteris
1386 991 1698 1030 consuetudinis

106 1056 219 1095 visus
252 1058 315 1096 est
348 1057 572 1095 admodum
605 1056 807 1095 delectari.
881 1056 1075 1095 Nicolaus
1094 1055 1296 1095 Beraldus
1328 1056 1462 1106 lepide
1494 1057 1697 1096 nimirum

105 1122 327 1172 hospitalis
346 1124 522 1161 tesserae
540 1122 736 1160 meminit
750 1122 796 1160 in
809 1121 1108 1171 subscriptione
1127 1134 1212 1161 sua.
1274 1121 1381 1160 Nam
1399 1122 1588 1168 memini,
1602 1136 1697 1161 cum

106 1186 208 1226 olim
239 1200 371 1226 essem
403 1186 598 1226 Aureliae
627 1186 796 1225 Italiam
824 1186 1022 1234 aditurus,
1054 1199 1121 1225 me
1152 1186 1336 1225 hominis
1365 1187 1546 1237 hospitio
1576 1200 1698 1226 vsum
1715 1199 1759 1230 40

105 1255 228 1302 atque
255 1251 364 1302 apud
391 1265 489 1290 eum
516 1252 602 1291 dies
630 1251 788 1301 aliquot
817 1265 917 1290 sane
947 1264 1073 1302 quam
1101 1251 1279 1302 benigne
1308 1251 1561 1302 comiterque
1587 1252 1698 1291 habi-

106 1320 210 1356 tum.
271 1317 411 1356 Etiam
443 1330 555 1355 nunc
584 1316 725 1355 audire
757 1316 866 1355 mihi
893 1316 1037 1355 videor
1067 1316 1257 1366 linguam
1288 1316 1406 1355 illam
1436 1317 1698 1367 explanatam

105 1396 151 1422 ac
179 1381 418 1430 volubilem,
459 1382 721 1432 suauiterque
759 1381 1012 1421 tinnientem
1051 1384 1092 1420 et
1129 1381 1280 1420 blande
1318 1395 1512 1420 canoram
1544 1395 1699 1428 vocem,

107 1448 334 1486 orationem
367 1450 553 1496 paratam
585 1460 630 1486 ac
660 1460 763 1496 pure
794 1447 1019 1486 fluentem:
1060 1446 1198 1485 videre
1233 1460 1278 1485 os
1310 1447 1417 1485 illud
1450 1447 1631 1486 amicum
1660 1449 1701 1486 et

106 1513 337 1563 plurimum
359 1512 640 1551 humanitatis
666 1525 762 1562 prae
787 1525 831 1551 se
858 1512 1005 1558 ferens,
1026 1511 1237 1562 supercilii
1259 1512 1390 1551 nihil:
1419 1525 1555 1551 mores
1574 1526 1702 1552 venu-
1719 1526 1760 1558 45

107 1580 204 1625 stos,
236 1577 486 1626 commodos,
518 1577 658 1616 faciles
695 1577 953 1627 minimeque
991 1577 1197 1616 molestos.
1261 1577 1372 1626 Quin
1403 1579 1443 1616 et
1479 1578 1702 1616 interulam

107 1641 282 1681 sericam
309 1642 425 1680 velut
453 1642 754 1692 apophoretum
786 1642 936 1681 obtulit
965 1642 1142 1692 abituro,
1170 1642 1323 1692 vixque
1350 1642 1402 1681 ab
1428 1642 1597 1681 homine
1625 1643 1702 1681 im-

108 1707 271 1758 petraui
289 1709 335 1746 vt
360 1707 505 1746 liceret
530 1719 726 1746 recusare.
784 1707 925 1746 Huius
950 1707 1080 1757 igitur
1105 1709 1306 1746 tessaram
1329 1707 1478 1746 lubens
1503 1720 1702 1758 agnosco;

110 1771 290 1810 salutem
309 1771 456 1810 hilaris
473 1771 628 1821 accipio
647 1785 863 1822 meamque
881 1771 1016 1810 multo
1037 1785 1132 1810 cum
1150 1773 1315 1811 foenore
1334 1772 1525 1811 rescribo.

164 1836 210 1875 Si
235 1836 467 1875 causaberis
494 1836 601 1874 hanc
631 1836 847 1886 epistolam
875 1849 1023 1886 parum
1050 1849 1138 1875 esse
1166 1837 1389 1887 copiosam,
1408 1837 1472 1876 fac
1499 1850 1568 1876 eas
1594 1836 1704 1887 legas
1723 1851 1765 1883 50

112 1914 214 1952 quas
236 1901 527 1940 adBudaeum
554 1901 757 1949 misimus,
783 1903 824 1940 et
851 1902 966 1951 queri
989 1902 1177 1950 desines3
1206 1904 1474 1953 posteaquam
1500 1903 1612 1942 enim
1638 1903 1704 1942 lex

112 1967 185 2005 illa
203 1966 345 2016 placet,
367 1967 414 2005 vt
433 1967 661 2004 amicorum
689 1966 827 2005 omnia
853 1967 938 2005 sint
965 1968 1213 2016 communia,
1238 1968 1273 2006 si
1293 1968 1393 2018 quid
1413 1968 1629 2007 literarum
1652 1968 1703 2006 ad

112 2032 234 2070 illum
263 2030 406 2070 datum
436 2033 510 2080 est,
532 2031 575 2069 id
603 2031 654 2069 ad
682 2033 724 2069 te
752 2044 912 2081 quoque
941 2031 1087 2070 datum
1115 2044 1204 2071 esse
1230 2032 1406 2082 putabis.
1466 2033 1581 2071 Bene
1599 2032 1701 2081 vale,

113 2099 284 2147 patrone
316 2095 661 2146 incomparabilis,
692 2098 734 2134 et
767 2097 953 2135 Ruzeum
987 2110 1078 2136 meo
1110 2098 1277 2136 nomine
1310 2097 1442 2137 saluta
1475 2098 1703 2149 diligenter.

167 2161 425 2212 Antuerpiae
444 2174 554 2200 nono
574 2161 648 2200 cal.
671 2160 853 2200 Martias.
878 2174 1058 2201 M.D.xv1.
1725 2171 1765 2203 55

604 2308 701 2349 536.
764 2308 828 2348 To
859 2307 1044 2349 MARTIN
1075 2308 1216 2350 DoRP.

164 2377 327 2422 Farrago
346 2388 380 2422 p.
403 2385 478 2420 179.
1349 2378 1537 2423 Antwerp.

164 2435 203 2470 F.
222 2447 258 2480 p.
279 2436 369 2480 318:
398 2433 490 2470 HN:
521 2433 636 2468 Lond.
654 2431 715 2467 vii.
735 2443 776 2476 7:
801 2432 872 2469 LB.
892 2433 987 2479 App.
1008 2444 1088 2477 424.
1233 2446 1273 2471 21
1295 2435 1484 2481 February
1504 2435 1657 2483 (1517).

564 2513 864 2554 [Contemporary
880 2514 972 2545 with
989 2515 1076 2555 Epp.
1096 2524 1170 2555 522,
1190 2515 1272 2556 ete]

590 2598 794 2630 ERASMVS
825 2600 993 2632 DORPIO
1024 2602 1107 2632 SVO
1137 2603 1171 2633 S.
1199 2603 1242 2633 D.

172 2677 224 2716 ΙΝ
262 2675 345 2715 alio
383 2675 617 2714 studiorum
648 2687 795 2725 genere
827 2675 957 2715 fateor
987 2690 1133 2716 verum
1166 2690 1254 2716 esse
1286 2678 1395 2728 quod
1429 2677 1586 2726 scribis,
1624 2691 1708 2717 non

120 2742 254 2789 laedit,
276 2742 360 2780 imo
380 2753 672 2791 saepenumero
692 2741 820 2786 iuuat,
843 2741 915 2791 qui
940 2741 1143 2781 dissentit.
1203 2742 1286 2781 Hic
1305 2742 1378 2792 qui
1397 2743 1600 2790 dissentit,
1624 2756 1709 2782 non

686 2837 761 2867 535.
779 2845 832 2876 55.
856 2845 992 2868 »num
1009 2840 1081 2868 adel.
1098 2840 1140 2870 H.

166 2929 241 2959 535.
267 2937 318 2967 29.
352 2925 624 2966 Catholicarios]
648 2924 822 2956 Teachers
849 2924 887 2955 of
992 2935 1046 2964 40.
1071 2925 1175 2967 olim]
1200 2926 1251 2957 Cf.
1269 2926 1334 2966 Ep.
1354 2936 1414 2966 194
1431 2926 1564 2959 introd.

122 2972 186 3003 the
207 2971 437 3008 Catholicon3
463 2970 507 3002 cf.
524 2970 587 3009 Ep.
604 2970 656 3000 26.
673 2969 717 3007 89
732 2978 768 2999 n.
815 2968 882 2998 For
992 2978 1044 3007 50.
1069 2969 1144 3010 eas]
1167 2969 1230 3010 Ep.
1249 2979 1323 3009 531.

124 3015 186 3047 the
204 3015 495 3046 Mammetrectus
512 3022 568 3044 see
585 3012 649 3053 Ep.
668 3021 742 3052 337.
758 3021 822 3051 317
834 3022 869 3042 n.
990 3012 1066 3045 536.
1080 3022 1110 3043 2.
1126 3012 1246 3054 iuuat]
1258 3013 1307 3045 Cf.
1320 3012 1383 3053 Ep.
1397 3013 1466 3046 180.
1480 3022 1518 3044 12
1530 3013 1601 3045 and
1614 3017 1711 3047 note.

190 3080 296 3100 annus
313 3080 340 3100 11
890 3079 907 3105 1
927 3067 941 3105 i
