2010 3464
88 191 184 244 310]
557 192 711 231 FROM
750 192 968 231 ULRICH
1008 192 1209 232 ZASIUS
1629 194 1676 231 31

84 303 272 341 virorum
302 314 523 351 congressu
556 301 781 349 beatitudo,
813 302 934 352 plane
965 301 1130 340 beatum
1166 302 1326 350 fecisti;
1369 304 1409 340 et
1440 304 1555 340 tanta
1585 315 1680 340 sane

87 367 195 406 mihi
223 367 485 418 gratificandi
513 367 640 406 simul
666 370 708 405 et
737 367 1010 417 respondendi
1034 368 1152 417 sylua
1178 367 1223 405 in
1249 367 1308 406 eis
1331 367 1512 416 offertur,
1536 368 1582 406 vt
1602 368 1681 406 alio

85 432 138 472 ad
170 446 261 472 eam
294 445 382 471 rem
411 434 453 470 et
481 433 666 482 tempore
697 435 737 471 et
767 432 855 471 loco
886 446 989 482 opus
1016 446 1104 472 esse
1133 433 1380 472 existimem.
1441 433 1533 471 Hoc
1562 433 1679 481 habe,

87 500 204 537 tuam
236 497 361 545 illam,
393 501 510 536 tuam
544 497 716 547 inquam
747 498 865 535 illam
900 498 1146 536 mellitulam
1178 498 1394 548 epistolam
1424 500 1511 536 toto
1541 501 1682 537 nostro

88 563 305 614 gymnasio
324 562 590 610 circumferri,
616 576 640 600 a
658 562 916 601 scholasticis
934 563 1082 612 adpeti,
1106 563 1247 602 mirari
1266 566 1404 602 tantos
1422 564 1684 614 eloquentiae
1705 583 1742 604 10

88 642 212 678 puros
231 629 376 675 fontes,
395 627 537 666 mirari
556 627 820 665 Roterodami
840 640 1007 675 numen,
1027 628 1076 666 de
1097 628 1208 667 coelo
1229 629 1497 678 desumptum
1517 629 1657 678 ignem
1674 644 1683 677 ;

89 695 257 733 Zasium
287 692 430 743 magni
461 692 562 739 fieri,
594 691 737 741 digitis
769 692 968 740 denotari,
1002 693 1116 731 hunc
1149 706 1236 731 esse
1272 694 1337 732 cui
1368 695 1680 743 Roterodamus,

89 760 155 797 cui
189 759 327 797 Cicero
361 757 607 796 Germaniae
640 770 752 795 nunc
790 757 935 795 aetatis
973 759 1150 803 nostrae,
1183 760 1271 796 tam
1308 759 1559 807 humaniter,
1597 762 1682 799 tam

91 823 219 862 amice
257 822 492 872 scripserit3
540 821 703 860 felicem
745 835 869 872 quem
912 835 959 860 eo
1000 823 1168 861 fortuna
1212 823 1404 872 dignetur
1446 825 1600 863 honore
1639 827 1685 863 vt

91 887 357 927 Roterodami
383 887 575 938 preconio
605 887 830 926 referatur:
869 901 953 925 non
982 888 1123 926 minus
1152 888 1320 927 Achille
1350 890 1422 939 qui
1452 888 1684 928 Homerum

89 954 409 1001 buccinatorem,
438 966 523 991 non
552 952 694 991 minus
723 954 916 1003 Augusto
945 966 1068 1003 quem
1098 953 1265 1002 Virgilii
1293 953 1403 1002 tuba,
1431 968 1515 993 non
1544 955 1686 993 minus

90 1018 278 1069 Scipione
298 1018 368 1068 qui
394 1017 502 1057 Sillii
522 1018 692 1057 classico
719 1018 958 1068 innotuerit,
980 1032 1065 1057 non
1083 1018 1255 1070 inquam
1282 1020 1422 1058 minus
1442 1033 1686 1070 quocunque

92 1085 163 1135 qui
195 1097 219 1122 a
250 1085 341 1124 viro
374 1084 540 1123 laudato
572 1084 764 1123 laudatus
797 1084 862 1132 sit,
900 1084 1174 1123 fortunatum.
1232 1085 1299 1124 Ita
1332 1085 1438 1124 mihi
1471 1098 1555 1124 vna
1587 1085 1685 1124 haec

91 1149 266 1200 epistola
298 1149 647 1188 existimationem
685 1149 810 1196 auxit,
844 1150 984 1199 magni
1022 1149 1102 1188 viri
1140 1150 1337 1190 conflauit
1373 1150 1611 1200 amicitiam,
1646 1153 1686 1188 et

92 1228 216 1266 supra
243 1214 382 1254 Croesi
411 1213 580 1253 diuitias
609 1214 854 1264 opulentum
883 1215 990 1254 fecit.
1052 1216 1164 1264 Quae
1192 1215 1319 1266 igitur
1344 1229 1495 1264 censes,
1520 1216 1684 1255 Rotero-

92 1281 222 1328 dame,
245 1279 324 1318 tibi
343 1281 442 1318 sunt
461 1279 644 1330 agendae
662 1280 816 1330 gratiae
828 1282 849 1318 ‘?

147 1345 226 1385 Sed
246 1344 369 1393 aliud,
388 1346 435 1383 vt
454 1344 552 1394 dixi,
574 1347 740 1395 tempus
759 1345 1005 1395 expostulat.
1046 1346 1161 1385 Haec
1181 1348 1322 1385 nostra
1341 1347 1483 1385 rudior
1501 1347 1682 1396 epistola,

91 1411 284 1461 quamuis
302 1412 472 1457 temere,
491 1410 702 1460 praeuolat
728 1412 870 1449 tamen
896 1411 1207 1462 praeluditque;
1236 1414 1283 1451 vt
1309 1412 1481 1450 interim
1503 1411 1585 1450 alio
1608 1411 1687 1449 tibi

92 1489 240 1526 genere
267 1475 617 1526 quemadmodum
646 1475 853 1525 gratificer
881 1476 1059 1527 cogitare
1088 1477 1259 1527 possim.
1317 1476 1419 1515 Vale
1451 1479 1490 1515 et
1526 1479 1688 1516 nostros

94 1541 321 1592 aliquando,
347 1541 382 1579 si
403 1543 450 1580 tu
477 1553 653 1591 magnus
678 1540 839 1591 Iupiter
868 1542 1108 1580 Faunorum
1138 1542 1296 1580 casulas
1326 1555 1412 1580 non
1442 1542 1684 1592 dedigneris,

94 1607 197 1646 lares
217 1606 400 1656 digneris
418 1605 609 1655 inuisere,
634 1606 919 1656 optatissimus
939 1607 1060 1646 nobis
1078 1607 1230 1657 hospes
1249 1608 1426 1646 futurus.

149 1672 391 1711 Bonifacius
437 1674 478 1710 te
524 1671 704 1722 plurima
746 1672 879 1711 salute
921 1672 1117 1723 impartit,
1160 1673 1226 1711 cui
1267 1675 1362 1722 post
1403 1686 1575 1712 amoena
1618 1673 1690 1711 illa

96 1738 373 1777 humanarum
393 1737 608 1776 literarum
623 1737 778 1776 virecta
796 1738 985 1776 insuetus
1005 1741 1067 1776 est
1085 1738 1136 1776 ad
1157 1738 1417 1777 duriusculos
1436 1738 1539 1777 iuris
1554 1739 1689 1777 ciuilis

98 1802 286 1852 scopulos
315 1802 456 1850 callis3
494 1803 563 1841 sed
592 1803 803 1852 peruincet
831 1804 1059 1853 ingenium,
1086 1803 1293 1851 sedulitas,
1326 1803 1428 1842 fides
1457 1804 1492 1841 si
1521 1817 1600 1853 qua
1629 1807 1690 1842 est

1707 910 1743 941 ¹5

1708 1239 1746 1260 ΖΟ

1709 1567 1746 1596 25

98 1868 347 1917 interpretis.
418 1867 520 1906 Vale
553 1867 762 1915 delicium,
797 1881 882 1906 non
917 1868 1008 1907 dico
1039 1881 1192 1917 meum,
1229 1868 1338 1918 quod
1375 1870 1555 1907 maxime
1586 1869 1687 1917 dico,
1709 1894 1751 1924 30

100 1933 170 1972 sed
198 1932 382 1971 vniuersi
410 1931 563 1970 literati
591 1932 711 1981 orbis,
739 1946 787 1972 ex
816 1933 1016 1984 Friburgo
1046 1934 1191 1983 quinto
1219 1934 1312 1972 idus
1342 1934 1520 1972 octobris
1552 1936 1687 1973 Anno.

100 2011 306 2037 mnxnn.

154 2064 260 2102 Nolo
293 2063 399 2102 mihi
432 2064 630 2102 rescribas
662 2064 790 2102 tantis
822 2064 943 2103 rebus
976 2064 1204 2114 fatigatus;
1243 2067 1307 2103 sat
1340 2065 1445 2103 mihi
1480 2066 1557 2103 erit
1588 2066 1691 2104 meis

101 2128 267 2179 ineptiis
286 2128 352 2168 vel
374 2129 512 2168 oculos
533 2128 734 2167 admoliri.

600 2195 714 2233 Tuus
734 2195 785 2233 ab
805 2194 942 2234 animo
962 2195 1180 2234 Vdalricus
1200 2196 1345 2235 Zasius
1365 2196 1405 2235 ll.
1430 2197 1581 2236 doctor.

515 2330 610 2369 311.
672 2328 737 2369 To
770 2329 1012 2371 MATTHIAS
1045 2329 1274 2372 SCHtiRER.

151 2418 203 2454 De
221 2417 337 2464 Copia
353 2418 477 2463 (1514)
494 2418 519 2453 f.
539 2429 570 2454 2.
1410 2421 1529 2457 Basle.

154 2476 208 2511 N:
236 2476 350 2511 Lond.
370 2476 494 2511 xxviii.
516 2486 557 2520 27
576 2489 583 2511 :
610 2477 682 2511 LB.
702 2478 797 2522 App.
822 2488 872 2522 13.
1303 2489 1341 2524 15
1365 2479 1525 2515 October
1546 2489 1645 2523 1514.

157 2556 244 2595 [The
260 2557 396 2596 preface
410 2559 447 2588 to
469 2560 511 2588 De
527 2561 644 2595 duplici
668 2561 759 2596 Copia
775 2562 929 2589 verborum
952 2569 986 2590 ac
1000 2569 1104 2590 rerum
1120 2563 1332 2590 commentarii
1355 2562 1413 2590 cluo
1429 2562 1468 2590 ab
1490 2563 1614 2591 authore
1630 2563 1695 2597 ipso

115 2602 346 2637 diliymztissime
366 2603 510 2639 recoym'ti
532 2606 559 2632 et
580 2605 746 2633 emaculati
768 2607 856 2639 atque
879 2605 914 2632 in
932 2605 1087 2640 plerisque
1109 2606 1180 2634 locz's
1202 2606 1296 2640 aucti,
1318 2603 1511 2642 published
1534 2604 1696 2643 together

114 2642 205 2673 with
219 2643 282 2673 the
297 2643 421 2674 letters
436 2644 596 2676 between
612 2645 850 2686 Wimpfeling
866 2646 937 2676 and
961 2645 1129 2677 Erasmus
1155 2646 1256 2687 (Epp.
1276 2656 1340 2685 302
1357 2646 1428 2677 and
1444 2647 1523 2685 305)
1540 2646 1611 2677 and
1634 2647 1695 2677 the

114 2688 280 2717 parabolae
295 2686 374 2726 (Ep.
391 2687 470 2725 312)
495 2688 541 2728 by
557 2688 719 2728 Schiirer,
739 2689 820 2720 Dec.
841 2699 924 2728 1514
941 2689 1004 2729 (α).
1051 2690 1118 2721 For
1133 2690 1195 2720 the
1211 2690 1312 2721 effect
1329 2690 1368 2720 of
1387 2690 1460 2720 this
1477 2691 1695 2721 transaction

115 2739 161 2760 on
178 2729 321 2769 Badius,
338 2729 399 2760 the
416 2731 569 2767 original
583 2732 771 2771 publisher
789 2732 864 2771 (Ep.
881 2732 972 2772 260),
990 2742 1045 2763 see
1062 2733 1149 2772 Epp.
1168 2734 1243 2772 346,
1261 2743 1333 2772 434,
1347 2743 1423 2771 472,
1438 2732 1509 2763 and
1525 2733 1637 2765 Lond.
1648 2735 1695 2764 vi.

115 2783 168 2813 24,
180 2773 251 2804 LB.
264 2773 353 2813 App.
370 2783 443 2811 242.
490 2774 674 2806 Schiirer's
689 2776 825 2806 edition
843 2774 880 2806 of
892 2776 968 2807 Oct.
990 2778 1073 2814 1516
1088 2776 1226 2807 follows
1238 2787 1269 2817 a,
1282 2777 1345 2806 but
1363 2775 1530 2808 Froben’s
1543 2777 1581 2808 of
1592 2778 1695 2817 April

156 2870 207 2891 21.
233 2863 286 2890 H:
310 2861 383 2890 sint
398 2862 438 2890 B.
600 2864 651 2893 26.
679 2863 834 2893 inuisere
850 2865 905 2893 H:
928 2864 1083 2894 reuisere
1100 2865 1138 2894 B.
1300 2873 1353 2902 33.
1379 2863 1465 2895 Nolo
1482 2866 1510 2895 B
1526 2876 1533 2895 ε
1558 2865 1636 2896 Non
1654 2868 1694 2896 H.

114 2912 166 2942 35.
190 2903 284 2934 Tuus
302 2928 308 2934 .
329 2927 335 2933 .
353 2927 361 2934 .
381 2903 501 2934 doctor
518 2915 576 2936 om.
594 2908 637 2936 H.

157 3004 208 3034 26.
234 3003 408 3044 inuisere]
437 3003 511 3034 The
538 3005 737 3035 correction
769 3004 870 3036 made
938 3015 1009 3044 307.
1038 3015 1089 3044 24,
1116 3013 1146 3045 5,
1174 3005 1255 3036 that
1281 3004 1450 3037 Erasmus
1476 3007 1548 3038 and
1574 3007 1697 3039 Zasius

116 3047 154 3076 in
170 3046 205 3077 H
222 3047 387 3078 eonfirms
408 3047 471 3078 the
491 3046 673 3079 inference
694 3047 784 3080 from
807 3049 870 3088 Ep.
939 3048 1010 3079 had
1027 3050 1090 3081 not
1105 3058 1143 3080 as
1158 3051 1219 3088 yet
1235 3050 1319 3081 met.

1670 2218 1751 2259 .35
