2010 3417
671 157 742 196 ΤΟ
779 156 898 196 THE
936 157 1168 196 READER
1636 161 1712 198 119

129 152 225 207 341]

125 263 315 314 euulgari
335 265 515 304 velimus
535 265 728 316 quicquid
748 279 842 305 cum
861 266 1038 306 amiculo
1058 279 1306 317 congeri-one
1326 266 1392 306 vel
1412 267 1716 307 stomachamur

126 328 193 368 vel
228 343 445 380 nugamur.
501 331 733 370 Ediderunt
762 331 1058 382 epigrammata
1085 345 1108 370 a
1136 345 1204 370 me
1234 332 1400 382 quidem
1431 333 1584 383 scripta
1615 333 1714 383 (non

128 393 302 445 inficior)
321 395 391 434 sed
411 409 494 434 non
514 396 558 434 in
577 396 654 434 hoc
673 396 834 446 scripta.
893 397 967 444 Ea,
996 397 1117 435 sicuti
1136 396 1318 445 conficio,
1342 396 1522 437 famulus
1542 399 1711 437 suffura-

127 462 198 499 tus
216 460 487 511 typographis
506 461 705 500 vendidit.
762 461 885 500 Alius
900 461 1107 512 quispiam
1127 475 1176 500 ex
1196 462 1383 512 pauculis
1402 463 1564 513 paginis
1583 463 1714 514 iisque

128 525 467 576 deprauatissime
497 526 671 576 scriptis,
702 527 817 565 velut
845 539 895 564 ex
929 540 1048 576 opere
1086 527 1207 575 edito,
1249 527 1362 566 dictu
1397 527 1550 567 mirum
1591 542 1715 579 quam

129 590 262 629 multa
281 591 378 629 citet
397 592 438 629 et
457 590 635 629 inculcet
655 591 705 629 de
728 591 886 629 ratione
914 592 1302 630 conscribendarum
1326 592 1603 642 epistolarum.
1662 594 1717 633 Et

126 657 172 693 vt
188 655 237 694 de
257 654 425 693 caeteris
440 654 736 693 minutioribus
755 655 909 703 sileam,
931 668 1062 705 nuper
1076 656 1186 694 hunc
1202 657 1285 706 περὶ
1305 655 1509 703 συντάξεως
1527 657 1716 697 libellum

127 719 234 759 mihi
253 719 384 758 veluti
402 719 664 769 postliminio
681 719 956 767 vindicarunt,
979 720 1176 769 primitus
1196 721 1353 759 nullius
1372 722 1557 762 aeditum
1577 723 1711 763 titulo.

183 784 409 834 Quaerebat
447 783 655 822 Iohannes
693 784 872 832 Coletus,
913 784 1131 834 theologus
1171 784 1283 823 inter
1323 786 1484 836 Anglos
1525 788 1713 837 eximius,

128 863 261 890 nouae
285 848 449 888 scholae
475 861 572 887 suae
595 861 754 888 nouum
780 849 830 887 de
857 849 1171 888 Constructione
1200 849 1404 898 libellum,
1427 851 1496 901 qui
1522 852 1648 891 simul
1677 857 1717 892 et

127 914 371 965 compendio
389 913 529 963 pueris
548 914 907 953 commendaretur
921 916 962 953 et
976 914 1278 965 perspicuitate.
1328 916 1439 954 Eum
1457 915 1585 956 huius
1602 917 1717 956 iussu

126 980 344 1030 scripserat
364 978 596 1017 Gulielmus
615 978 760 1028 Lilius,
782 979 846 1018 vir
865 980 1080 1030 vtriusque
1105 980 1341 1019 literaturae
1360 980 1473 1019 haud
1491 981 1719 1032 vulgariter

125 1045 284 1095 peritus
303 1047 344 1083 et
362 1045 495 1083 mirus
513 1046 619 1083 recte
642 1045 923 1084 instituendae
942 1045 1064 1095 pubis
1083 1045 1240 1085 artifex.
1294 1045 1553 1086 Absolutum
1573 1047 1624 1086 ab
1643 1047 1717 1087 illo

126 1110 233 1150 mihi
255 1109 434 1158 tradidit,
456 1109 541 1148 imo
568 1109 745 1149 obtrusit
773 1111 1106 1159 emendandum;
1134 1111 1234 1162 quid
1263 1112 1377 1149 enim
1405 1111 1593 1161 facerem,
1623 1127 1718 1152 cum

128 1176 194 1215 vir
212 1175 281 1214 ille
302 1175 474 1225 rogandi
493 1176 620 1214 finem
640 1188 727 1214 non
746 1175 906 1224 faceret,
931 1177 1019 1214 tam
1038 1176 1198 1215 amicus
1217 1178 1264 1215 vt
1284 1177 1401 1215 nefas
1419 1190 1509 1216 esse
1530 1178 1718 1218 ducerem

129 1241 348 1292 quicquam
367 1253 518 1290 negare
537 1241 733 1290 precanti,
747 1242 885 1280 tantae
904 1254 1002 1280 vero
1016 1241 1291 1290 authoritatis,
1306 1242 1364 1280 sic
1380 1242 1430 1280 de
1444 1255 1512 1281 me
1527 1244 1714 1293 meritus,

125 1309 173 1346 vt
192 1319 268 1345 suo
285 1305 374 1344 iure
394 1305 560 1356 quiduis
580 1305 707 1344 etiam
722 1305 926 1356 imperare
939 1308 1078 1357 posset
1098 1306 1271 1345 Erasmo
1283 1308 1304 1346 ‘?
1359 1307 1564 1356 Quoniam
1578 1310 1718 1347 autem

126 1373 184 1411 sic
221 1371 489 1410 emendaram
521 1373 568 1410 vt
601 1371 793 1422 pleraque
821 1372 1022 1411 mutarim
1055 1371 1168 1422 (nam
1197 1372 1240 1411 id
1274 1371 1382 1410 mihi
1409 1372 1602 1413 videbam
1630 1387 1717 1413 esse

124 1437 311 1487 facilius),
334 1449 408 1475 nee
428 1436 572 1485 Lilius,
595 1437 641 1475 vt
660 1438 723 1475 est
743 1437 874 1476 nimia
894 1437 1072 1487 quadam
1099 1436 1301 1475 modestia
1328 1436 1550 1486 praeditus,
1572 1450 1717 1487 passus

125 1505 188 1542 est
211 1502 369 1541 librum
393 1515 466 1540 suo
491 1501 660 1552 vulgari
685 1502 865 1550 nomine,
887 1515 961 1541 nec
991 1515 1066 1552 ego
1093 1502 1273 1541 iudicaui
1302 1501 1385 1540 mei
1414 1502 1602 1541 candoris
1629 1516 1717 1543 esse

124 1581 320 1619 vsurpare
340 1567 446 1606 mihi
468 1567 512 1605 in
539 1581 619 1617 quo
639 1567 859 1618 quicquam
879 1569 986 1607 esset
1006 1567 1202 1607 alienum.
1263 1568 1442 1607 Proinde
1466 1581 1716 1619 magnopere

127 1646 222 1673 sum
252 1632 556 1680 interminatus,
590 1633 774 1672 cuiusuis
805 1632 979 1671 titulum
1013 1632 1296 1681 asscriberent,
1325 1632 1448 1671 modo
1478 1646 1531 1671 ne
1558 1647 1710 1672 meum.

126 1699 274 1748 Itaque
306 1700 519 1737 recusante
550 1700 724 1748 vtroque
757 1698 924 1737 libellus
954 1699 1140 1748 ἀνώνυμος
1169 1698 1335 1748 prodiit,
1358 1697 1490 1738 Coleti
1516 1698 1715 1738 duntaxat

125 1763 452 1815 praefatiuncula
472 1764 797 1802 commendatus.

181 1829 313 1877 Quem
333 1828 500 1877 quidem
519 1827 709 1867 libellum
739 1830 784 1866 in
813 1828 1045 1878 praesentia
1068 1841 1142 1867 nec
1168 1827 1410 1867 laudaturus
1438 1840 1544 1876 sum,
1569 1841 1620 1866 ne
1650 1828 1716 1866 oui

125 1893 264 1933 videar
295 1893 562 1942 arrogantior,
591 1906 666 1931 nec
699 1893 1022 1943 vituperaturus,
1058 1906 1110 1932 ne
1141 1905 1290 1943 parum
1320 1891 1520 1931 candidus
1551 1891 1711 1931 habear.

125 1959 283 1998 Verum
311 1957 411 1996 haec
439 1958 614 2008 praefari
639 1957 777 1996 visum
802 1959 875 2004 est,
899 1971 951 1996 ne
970 1958 1143 2008 posthac
1166 1957 1385 2008 quisquam
1405 1960 1451 1997 vt
1471 1970 1613 1996 meum
1632 1970 1713 1996 am-

125 2023 330 2074 plectatur
362 2022 470 2073 quod
503 2023 590 2073 ipse
624 2022 953 2073 praefatiuncula
991 2022 1097 2061 mihi
1130 2036 1215 2062 non
1256 2035 1404 2061 assero.
1479 2022 1582 2060 Plus
1613 2022 1714 2061 satis

1738 477 1775 498 10

1740 801 1776 833 15

1739 1128 1778 1150 20

1734 1783 1776 1815 30

125 2090 354 2128 erratorum
382 2089 423 2126 et
451 2087 495 2125 in
524 2088 577 2126 iis
605 2101 707 2138 quae
738 2086 1005 2137 publicantur
1032 2100 1055 2126 a
1088 2086 1218 2136 nobis,
1255 2088 1303 2126 vt
1332 2099 1453 2125 nemo
1483 2086 1588 2125 alius
1621 2087 1714 2125 edat
1733 2109 1772 2140 35

687 2184 739 2205 22.
765 2174 814 2204 sic
830 2184 869 2204 a:
894 2184 951 2205 om.
970 2185 1011 2214 ’γι
1036 2175 1108 2204 tani
1126 2175 1152 2204 δ.

952 2261 997 2292 he
1032 2260 1232 2292 contended
1270 2261 1309 2291 in
1340 2261 1604 2299 verse-writing
1641 2260 1713 2300 (see

167 2265 200 2296 8.
248 2261 521 2304 epigrammata]
561 2262 657 2294 First
694 2261 886 2302 published

953 2304 1080 2336 More's
1102 2304 1367 2345 Epigrammata),
1391 2303 1463 2335 and
1487 2304 1578 2334 with
1601 2303 1710 2341 Colet,

124 2308 172 2348 by
202 2307 336 2338 Badius
365 2306 457 2337 with
494 2307 557 2337 the
591 2308 720 2343 Adaqia
750 2306 771 2335 8
801 2305 881 2336 Jan.

128 2359 208 2390 1507
223 2361 231 2388 ;
254 2351 388 2382 Badius
400 2350 473 2380 also
482 2349 672 2389 published
689 2359 709 2380 a
724 2350 885 2389 separate

127 2394 264 2425 edition
281 2403 325 2424 on
346 2402 384 2432 15
400 2393 487 2433 July
506 2402 599 2432 1512.

169 2446 201 2476 9.
257 2437 429 2477 famulus]
484 2437 570 2468 This
615 2437 809 2467 statement
854 2436 885 2466 is

126 2480 278 2519 perhaps
300 2480 385 2519 only
406 2481 558 2511 another
579 2480 742 2510 instance
766 2479 804 2509 of
822 2479 884 2509 the

126 2522 330 2554 disclaimer
352 2523 392 2554 in
419 2524 482 2554 the
505 2532 607 2554 cause
635 2523 672 2553 of
698 2522 885 2561 modesty;

126 2567 168 2597 cf.
186 2566 248 2606 Ep.
268 2575 321 2605 30.
343 2567 382 2596 16
397 2576 432 2598 n.

173 2618 223 2640 12.
241 2609 488 2650 epistolarum]
513 2609 564 2640 Cf.
584 2609 648 2649 Ep.
666 2618 703 2648 71
721 2608 852 2639 introd.

175 2653 224 2683 18.
242 2651 371 2692 Lilius]
395 2652 487 2683 Wm.
506 2652 587 2691 Lily
609 2653 710 2693 (1468
722 2651 884 2690 ‘?—1522)

127 2695 219 2726 after
235 2705 254 2726 a
278 2695 402 2734 degree
417 2698 454 2726 at
478 2694 608 2726 Oxford
631 2696 727 2725 went
750 2704 796 2725 on
820 2694 886 2734 pil·

126 2740 281 2779 grimage
303 2740 338 2768 to
361 2738 558 2768 Jerusalem
575 2738 646 2768 and
668 2737 809 2768 resided
832 2738 887 2768 for

127 2791 223 2814 some
238 2791 340 2822 years
356 2782 395 2812 in
416 2781 556 2812 Rhodes
580 2781 696 2819 (BRE.
716 2781 781 2820 72).
829 2780 886 2811 He

126 2825 201 2858 also
213 2824 355 2856 studied
368 2825 407 2854 in
421 2824 516 2863 Italy
525 2824 597 2854 and
611 2824 751 2854 became
764 2832 784 2853 a
798 2823 885 2862 good

128 2869 245 2901 Greek
261 2867 411 2900 scholar.
446 2868 514 2898 His
527 2869 651 2898 return
667 2868 702 2897 to
719 2866 885 2906 England

127 2922 212 2952 may
234 2911 406 2952 probably
429 2911 471 2941 be
495 2910 619 2950 placed
646 2909 763 2940 before
789 2918 881 2948 1500.

126 2955 282 2995 Settling
296 2956 336 2986 in
358 2954 507 2985 London
522 2953 581 2992 (cf.
601 2954 665 2993 Ep.
684 2954 753 2992 185.
775 2962 814 2991 13
832 2953 885 2993 n.)

125 2998 172 3030 he
184 3008 257 3030 was
269 2999 435 3030 intimate
445 2997 534 3028 with
544 2996 650 3036 More,
663 2996 753 3027 with
766 2997 885 3026 whom

952 2349 1034 2379 who
1050 2347 1242 2388 appointed
1266 2348 1343 2378 him
1368 2348 1445 2378 first
1468 2347 1556 2387 high
1582 2352 1712 2378 master

952 2393 991 2422 of
1011 2392 1062 2423 St.
1082 2392 1202 2423 Paul's
1217 2390 1340 2422 School
1364 2391 1404 2421 in
1428 2399 1601 2429 1512—an
1617 2390 1712 2420 office

953 2435 1073 2466 which
1084 2435 1129 2465 he
1142 2435 1228 2465 held
1238 2434 1335 2465 until
1346 2434 1403 2465 his
1414 2433 1534 2465 death.
1572 2433 1643 2463 But
1654 2433 1712 2463 his

952 2488 1058 2509 name
1082 2478 1201 2517 rarely
1217 2487 1338 2508 occurs
1361 2478 1401 2508 in
1417 2476 1596 2507 Erasmus'
1614 2477 1711 2506 writ-

952 2523 1044 2561 ings,
1090 2521 1158 2552 His
1180 2521 1273 2551 fame
1289 2530 1327 2551 as
1342 2529 1362 2550 a
1380 2520 1623 2560 grammarian
1640 2529 1712 2550 was

951 2567 1051 2604 great
1064 2565 1134 2595 and
1144 2564 1260 2595 rested
1270 2573 1365 2603 upon
1376 2564 1451 2594 this
1461 2563 1560 2593 work
1570 2562 1642 2592 and
1651 2571 1711 2592 an-

952 2609 1056 2638 other
1072 2607 1177 2638 small
1193 2608 1322 2646 syntax
1338 2605 1521 2645 composed
1531 2607 1568 2635 at
1585 2605 1712 2636 Colet's

952 2652 1095 2690 request
1119 2661 1146 2680 c.
1168 2659 1264 2689 1509.
1312 2650 1386 2680 The
1405 2651 1474 2679 two
1496 2649 1605 2679 books
1620 2657 1712 2679 were

952 2693 1207 2733 subsequently
1223 2692 1410 2723 combined
1425 2691 1496 2722 and
1512 2692 1636 2722 served
1657 2692 1711 2722 for

952 2746 1050 2767 more
1081 2737 1171 2767 than
1204 2745 1223 2766 a
1254 2738 1407 2774 century
1432 2745 1470 2766 as
1497 2744 1517 2766 a
1548 2735 1710 2766 national

953 2779 1061 2810 Latin
1084 2788 1272 2819 grammar.
1320 2779 1383 2809 See
1408 2778 1513 2809 DNB.

996 2833 1049 2861 29.
1082 2821 1242 2862 libellus]
1275 2821 1348 2852 The
1374 2821 1452 2852 first
1478 2821 1616 2852 edition
1639 2831 1711 2852 was

953 2866 999 2905 by
1015 2866 1056 2898 R.
1073 2865 1229 2904 Pynson,
1247 2874 1339 2905 1513,
1359 2865 1450 2896 with
1472 2875 1492 2896 a
1508 2865 1646 2905 preface
1664 2865 1711 2904 by

954 2909 1063 2948 Celet,
1082 2908 1156 2939 also
1172 2907 1278 2938 dated
1295 2909 1333 2938 in
1354 2917 1435 2947 1513
1451 2919 1458 2946 3
1485 2909 1575 2939 from
1591 2909 1710 2939 which

953 2953 981 2982 it
1005 2961 1152 2992 appears
1175 2952 1255 2983 that
1278 2951 1377 2983 Colet
1400 2951 1468 2982 had
1493 2960 1588 2983 some
1606 2952 1709 2983 share

951 2996 990 3026 in
1012 2996 1074 3027 the
1091 2994 1191 3026 book.
