2010 3417
122 137 221 192 435]
540 139 694 179 FROM
731 137 997 177 WILLIAM
1034 137 1305 176 BUDAEUS
1634 135 1713 173 273

117 250 166 289 τὸ.
177 248 281 299 παρά
293 267 364 288 σου
378 251 697 302 ἀναγνωσόμενον,
713 249 837 287 modo
849 247 978 286 vitaris
990 249 1228 300 χειρογράφῳ
1239 250 1311 286 tuo
1327 246 1448 286 solito
1460 246 1504 284 in
1516 245 1711 296 epistolis,

119 328 245 365 quem
257 328 332 365 ego
346 327 433 354 esse
444 315 669 365 pulchrum
685 316 726 353 et
739 312 970 352 dilucidum
985 312 1078 351 scio.
1116 313 1194 352 Sed
1209 312 1366 352 scilicet
1381 314 1428 350 tu
1448 311 1643 350 schedam
1661 310 1712 350 ad

119 393 186 420 me
205 393 280 431 pro
292 380 468 430 epistola
479 393 582 430 pura
594 379 759 418 misisti.
788 378 895 418 Vide
908 391 1015 427 vero,
1034 378 1070 416 si
1085 391 1230 428 pergas
1245 378 1304 416 sic
1320 377 1504 426 neglecte
1524 376 1710 424 scribere,

121 459 174 484 ne
188 445 233 484 in
248 446 436 484 fraudem
457 445 666 495 quandam
685 443 795 483 haud
813 443 1092 493 spernendam
1113 443 1271 482 incidas
1284 457 1334 481 ex
1354 443 1430 481 hac
1449 442 1579 492 culpa.
1624 442 1713 491 Ego
1734 453 1772 485 15

118 511 235 550 enim
260 511 455 560 epistolas
472 513 565 550 tuas
595 523 680 548 non
706 509 842 548 solum
862 508 974 547 inter
994 510 1166 559 κειμήλια
1190 509 1370 547 literaria
1400 507 1621 557 ἀποτίθεμαι
1640 506 1712 545 sed

119 576 249 615 etiam
263 576 478 614 hostiatim
491 575 787 626 propemodum
803 574 1062 622 circumfero;
1086 573 1196 624 quod
1209 574 1268 612 ita
1287 574 1487 611 interesse
1505 572 1715 611 existima-

120 642 248 680 tionis
267 654 380 679 meae
399 641 577 680 arbitror
593 642 752 679 tantam
765 639 872 678 mihi
895 642 1032 678 tecum
1050 639 1302 677 intercedere
1324 638 1672 676 necessitudinem
1691 651 1715 676 a

119 706 267 745 multis
291 719 375 744 non
401 707 594 756 ignorari.
658 706 713 744 Et
732 707 943 755 praeterea
961 705 1054 743 istis
1078 705 1164 743 tuis
1182 705 1328 754 elogiis
1355 705 1499 742 contra
1517 704 1713 742 obtrecta-

118 771 254 811 tiones
268 774 372 819 vtar,
387 773 423 810 si
442 772 501 810 ita
513 785 613 811 vsus
625 771 785 810 venerit
801 787 811 819 3
831 770 986 809 multos
998 771 1112 809 enim
1127 770 1326 808 meruisse
1340 782 1407 807 me
1420 769 1713 808 obtrectatores
1733 780 1773 802 20

120 837 214 884 scio,
237 836 364 875 etiam
385 837 419 875 si
435 837 623 876 nondum
642 837 725 876 scio
739 850 793 876 an
813 836 1106 875 obtrectatores
1125 835 1281 874 multos
1299 834 1487 873 habeam.

176 903 255 940 Καὶ
273 905 389 940 ταῦτα
417 904 485 952 μὲν
505 902 549 951 δὴ
568 906 693 940 ταῦτα.
752 902 813 940 De
838 901 967 940 altera
991 903 1063 940 tua
1085 900 1268 939 editione
1291 899 1401 949 quod
1430 898 1643 949 scripsisti,
1668 899 1711 937 id

117 967 229 1017 apud
246 980 313 1005 me
325 967 576 1017 μυστηριῶδες
587 968 667 1006 erit
682 981 691 1015 ;
710 967 771 1005 ita
781 966 894 1005 enim
906 966 1100 1016 epistolas
1111 967 1205 1005 tuas
1218 964 1435 1004 ostentabo
1446 966 1494 1002 vt
1506 964 1548 1002 id
1560 964 1712 1014 absque

120 1032 308 1083 captione
327 1035 400 1071 tua
418 1033 502 1072 fiat.
562 1033 608 1072 Si
627 1032 724 1082 quid
740 1032 784 1071 in
804 1033 901 1071 sinu
920 1045 1013 1070 meo
1033 1031 1270 1081 depositum
1295 1043 1382 1069 esse
1409 1043 1574 1068 sensero
1588 1030 1712 1079 quod-

117 1112 199 1149 que
233 1099 341 1137 clam
372 1111 460 1137 esse
492 1098 685 1147 volueris,
715 1098 757 1136 id
785 1111 858 1148 per
886 1110 954 1136 me
981 1110 1034 1135 ne
1063 1096 1202 1147 palam
1230 1096 1303 1134 fiat
1331 1095 1443 1134 haud
1474 1095 1710 1144 periculum
1734 1102 1771 1134 25

119 1165 221 1209 erist&
257 1164 463 1214 Siquidem
488 1177 583 1202 cum
602 1176 706 1213 opus
724 1165 799 1212 est,
825 1164 1103 1215 στεγανώτερος
1124 1164 1197 1200 τῶν
1225 1161 1596 1213 μυσταγωγουμένων
1625 1162 1708 1211 εἶμί.

119 1229 336 1278 Quantum
355 1229 562 1268 succidere
589 1229 790 1279 temporis
809 1228 917 1266 mihi
935 1227 1169 1277 imperiosis
1195 1226 1537 1277 occupationibus
1556 1225 1707 1274 licebit,

118 1295 307 1334 adiutare
321 1296 362 1333 te
373 1295 491 1333 omni
505 1308 580 1344 ope
594 1294 782 1339 conabor,
789 1296 836 1332 vt
848 1295 1064 1344 suggestor
1079 1294 1325 1331 structorem
1346 1307 1354 1340 ;
1385 1291 1494 1341 quod
1507 1291 1644 1330 nescio
1657 1304 1711 1330 an

120 1360 279 1398 efficere
297 1360 464 1410 possim.
524 1360 632 1399 Nam
650 1362 698 1398 vt
716 1359 1015 1410 praefationem
1034 1361 1151 1397 tuam
1167 1360 1207 1396 et
1226 1357 1460 1407 apologiam
1479 1356 1525 1394 in
1545 1356 1713 1395 Nouum

121 1424 460 1465 Instrumentum
473 1425 562 1475 legi,
579 1425 637 1464 ita
651 1425 944 1464 annotationes
962 1423 1119 1474 aliquot
1138 1423 1184 1461 in
1203 1423 1306 1461 locis
1324 1422 1423 1461 vidi.
1474 1421 1713 1460 Paroemias
1731 1434 1773 1466 30

121 1492 217 1529 tuas
230 1491 401 1530 vltimas
414 1492 535 1530 hodie
552 1504 673 1530 causa
691 1493 763 1529 tua
774 1503 798 1529 a
811 1490 1039 1540 bibliopola
1057 1489 1165 1528 mihi
1183 1488 1339 1528 curaui.
1386 1487 1580 1526 Antehac
1596 1487 1712 1526 enim

120 1558 279 1595 veteres
297 1558 391 1596 tuas
411 1556 595 1596 sufficere
609 1556 717 1594 mihi
732 1555 1034 1603 existimabam,
1057 1555 1115 1593 ita
1136 1556 1181 1593 vt
1200 1554 1327 1592 etiam
1346 1566 1433 1591 non
1445 1552 1710 1602 perlegerem,

121 1622 192 1661 sed
210 1622 329 1661 velut
342 1622 570 1672 Sibyllinos
589 1622 730 1670 libros,
745 1635 841 1660 cum
859 1634 958 1660 vsus
972 1621 1154 1668 venerat,
1174 1619 1333 1658 adirem
1348 1634 1357 1658 :
1388 1618 1552 1657 Silenos
1572 1619 1712 1656 tamen

123 1689 166 1725 et
194 1687 275 1726 alia
294 1687 498 1726 nonnulla
525 1688 707 1737 legeram
735 1687 781 1725 in
807 1686 954 1725 alienis
982 1686 1114 1734 libris,
1134 1687 1182 1724 vt
1211 1685 1270 1733 fit,
1295 1698 1391 1723 cum
1419 1683 1530 1733 apud
1559 1683 1712 1722 amicos

120 1765 258 1792 essem
274 1767 283 1801 3
325 1753 426 1791 haec
468 1753 582 1791 enim
615 1753 705 1791 loca
742 1752 923 1790 maxime
956 1750 1154 1789 celebrari
1191 1749 1420 1788 audiebam.
1485 1748 1712 1786 Linacrum
1733 1761 1772 1793 35

121 1819 254 1865 tuum,
281 1817 420 1856 virum
449 1818 633 1867 apprime
662 1818 840 1864 doctum,
870 1818 918 1855 vt
948 1816 1136 1864 arbitror,
1171 1815 1239 1853 hic
1272 1814 1478 1853 allocutus
1506 1826 1601 1852 sum
1628 1826 1713 1851 non

121 1883 262 1931 semel,
278 1896 374 1921 cum
393 1882 574 1921 inuicem
592 1882 821 1921 viseremus
841 1894 915 1931 ego
935 1882 975 1919 et
995 1880 1092 1930 ipse.
1133 1880 1260 1919 Visus
1278 1882 1340 1917 est
1359 1878 1466 1917 mihi
1479 1878 1546 1917 vir
1564 1878 1709 1925 11011113,

122 1947 411 1999 benignusque
436 1961 482 1986 ac
507 1947 618 1986 nihil
646 1948 776 1986 fastus
800 1960 873 1997 pre
901 1959 944 1984 se
973 1946 1120 1984 ferens.
1182 1945 1233 1983 Ei
1261 1944 1470 1994 exemplar
1492 1957 1625 1982 vnum
1651 1943 1712 1982 De

121 2014 230 2053 Asse
262 2012 370 2062 misi,
395 2013 593 2063 quoniam
619 2013 698 2051 sub
723 2012 813 2051 eius
842 2012 1068 2050 discessum
1096 2010 1201 2050 liber
1228 2011 1279 2048 ab
1309 2010 1468 2048 officina
1495 2008 1607 2047 exiit.
1668 2007 1713 2045 Is

122 2079 230 2117 mihi
261 2078 372 2117 inter
403 2078 661 2128 loquendum
698 2078 858 2116 dixerat
887 2076 1025 2126 aliqua
1058 2089 1202 2115 eorum
1233 2088 1335 2125 quae
1365 2074 1612 2124 explicuisse
1645 2086 1713 2112 me
1730 2088 1772 2120 40

121 2144 245 2195 plane
264 2143 436 2192 confido,
460 2143 662 2182 illustrari
681 2144 757 2181 hac
776 2144 907 2181 aetate
926 2155 1011 2181 non
1031 2154 1159 2192 posse,
1177 2143 1219 2180 et
1240 2154 1313 2191 ego
1340 2154 1406 2179 me
1433 2140 1476 2178 id
1503 2139 1712 2178 facturum

123 2222 364 2259 receperam,
399 2210 506 2259 quod
538 2209 609 2247 ille
638 2209 931 2247 admirabatur.
1002 2207 1093 2246 Hac
1124 2206 1335 2245 occasione
1364 2205 1452 2244 eius
1485 2204 1711 2243 amicitiam

119 2275 325 2325 quesitam
342 2275 388 2312 in
409 2275 689 2314 calendarium
715 2273 898 2312 sanctius
917 2272 1072 2321 rettuli,
1094 2272 1167 2311 vbi
1186 2270 1426 2310 maiusculis
1445 2270 1579 2308 literis
1593 2269 1713 2308 Eras-

123 2353 218 2378 mus
237 2339 487 2389 perscriptus
502 2342 575 2379 est.

178 2405 268 2443 Εἴθε
283 2421 346 2443 σοι
364 2405 480 2443 ἐδόκει
497 2408 587 2444 ποτὲ
606 2406 888 2455 παραπολαύειν
905 2406 1006 2444 τινὰς
1033 2405 1139 2453 ὥρας,
1163 2405 1210 2441 Vt
1223 2403 1383 2441 attente
1403 2400 1603 2451 quasdam
1622 2399 1712 2436 eius
1730 2414 1770 2446 45

119 2469 257 2520 operis
296 2472 434 2519 partes
466 2470 648 2520 legisses,
681 2483 836 2520 egoque
867 2469 1083 2508 resciscere
1127 2467 1317 2506 alicunde
1350 2464 1551 2504 iudicium
1589 2464 1711 2500 tuum

121 2534 358 2585 potuissem.
419 2534 473 2573 In
492 2535 559 2574 his
578 2537 641 2574 est
660 2535 775 2574 locus
793 2533 866 2573 vbi
893 2533 1119 2584 respondeo
1139 2532 1208 2572 vel
1233 2530 1555 2580 ὑπερδιατείνομαι
1574 2527 1712 2578 potius

170 2648 219 2668 12.
246 2636 351 2668 solito
369 2635 433 2668 C‘lF
447 2639 578 2677 Corriy.:
604 2637 717 2668 solido
735 2636 780 2668 0².
931 2636 980 2667 18.
1006 2635 1156 2666 arbitrer
1171 2636 1203 2669 β.
1353 2642 1404 2672 30.
1428 2632 1496 2671 legi
1513 2633 1550 2661 C:
1576 2630 1662 2670 legit
1677 2631 1711 2663 β.

124 2693 179 2722 44.
202 2680 420 2721 perscriptus
437 2682 507 2715 CB:
532 2681 770 2721 praescriptus
783 2682 880 2711 Lond.

169 2790 221 2819 30.
253 2778 470 2820 Paroemias]
504 2778 680 2818 Probably
702 2778 765 2809 the
799 2787 882 2817 1515
995 2787 1048 2816 33.
1067 2774 1222 2816 Silenos]
1239 2777 1343 2813 Aclay.
1363 2783 1469 2812 2201;
1488 2773 1530 2805 cf.
1552 2773 1615 2812 Ep.
1634 2782 1708 2811 421.

121 2823 265 2854 edition
302 2822 340 2853 of
374 2822 435 2852 the
476 2825 628 2853 chiliades
671 2822 748 2862 (Ep.
791 2821 881 2860 269).
953 2821 994 2859 87
1015 2830 1050 2850 n.

125 2867 185 2907 Up
214 2868 250 2897 to
281 2866 354 2896 this
387 2866 477 2897 time
512 2866 678 2896 Budaeus
709 2874 822 2895 seems
848 2866 884 2894 to
997 2872 1049 2902 35.
1070 2861 1278 2903 Linacrum]
1302 2861 1376 2892 The
1398 2860 1480 2891 date
1495 2859 1534 2891 of
1552 2859 1610 2890 his
1625 2859 1712 2890 visit

126 2910 218 2941 have
234 2910 324 2940 been
339 2910 487 2940 content
496 2909 588 2940 with
604 2918 672 2939 one
689 2908 726 2939 of
738 2908 801 2938 the
813 2907 886 2939 edi·
954 2909 989 2938 to
1011 2906 1113 2938 Paris
1129 2906 1159 2936 is
1182 2906 1287 2945 given
1303 2904 1456 2944 roughly
1478 2904 1524 2943 by
1538 2903 1601 2933 the
1622 2904 1711 2943 pub-

125 2953 223 2984 tions
249 2953 286 2984 of
313 2952 375 2984 the
403 2955 586 2984 collectanea
617 2953 696 2993 (Ep.
726 2953 809 2991 1263
841 2951 884 2982 cf.
954 2950 1102 2980 lication
1127 2949 1165 2980 of
1183 2949 1245 2980 the
1269 2951 1311 2980 De
1332 2951 1418 2988 Asse,
1437 2947 1547 2987 Paris,
1567 2946 1710 2985 Badius,

125 2995 249 3037 BEr‘2).
958 3003 996 3034 15
1013 2993 1134 3025 March
1153 2995 1245 3033 1513.

191 3062 299 3082 ALLEN
317 3062 344 3081 11
903 3062 927 3087 Τ
