2010 3417
160 125 258 180 531]
611 127 681 166 TO
719 127 985 167 WILLIAM
1024 127 1296 168 BUDAEUS
1667 127 1746 165 471

159 249 285 287 quam
304 236 409 276 istos
427 237 626 288 quosdam
646 237 853 276 Ciceronis
871 237 1027 286 simios,
1051 250 1075 276 a
1094 251 1175 288 quo
1194 250 1343 288 genere
1365 251 1449 276 non
1477 237 1535 276 ita
1562 235 1747 275 multum

157 302 298 342 abesse
323 302 430 342 mihi
444 303 610 342 videtur
629 303 846 343 Pontanus
862 318 872 351 ;
900 317 998 342 nam
1013 304 1268 354 Apuleianos
1288 305 1555 357 τερατολόγους
1572 305 1614 342 et
1631 304 1748 354 pueri

161 368 308 408 rident.
365 368 428 407 'ru
449 368 556 407 mira
574 370 850 418 temperatura
869 369 928 408 sic
947 382 992 408 es
1011 369 1243 409 elaboratus
1270 372 1311 408 et
1339 369 1580 419 exquisitus,
1601 370 1647 408 vt
1674 381 1748 407 nec

158 433 336 472 facilitas
356 432 462 472 desit
481 446 556 472 nec
573 433 843 483 perspicuitas
861 448 871 482 ;
910 435 968 473 sic
988 434 1178 484 copiosus
1196 436 1237 473 et
1255 435 1483 474 exuberans
1501 436 1547 473 vt
1566 435 1629 473 tui
1648 446 1750 472 sem-

159 511 234 548 per
251 497 437 537 instituti
451 511 610 536 memor
625 514 634 547 ;
654 500 711 537 sic
725 498 967 549 splendidus
979 501 1020 538 et
1033 499 1181 550 ingens
1192 502 1239 538 vt
1259 512 1468 550 nusquam
1483 499 1619 538 desint
1630 498 1750 538 nerui
1770 509 1833 540 450

159 564 387 614 vigorque3
415 563 474 602 sic
493 563 723 613 picturatus
742 576 789 602 ac
806 563 976 602 floridus
996 566 1043 603 vt
1062 565 1195 615 magis
1212 565 1353 604 tamen
1373 564 1607 604 eruditione
1627 575 1751 614 quam

160 628 417 668 ornamentis
444 628 606 666 dicendi
624 629 938 668 commenderis.
998 629 1089 668 Hoc
1103 630 1178 668 vni
1195 630 1362 669 Budaeo
1383 630 1528 669 datum
1548 632 1624 668 est.
1671 629 1749 667 Sed

160 696 207 732 vt
232 695 298 732 est
316 695 480 732 nostrae
501 693 799 732 mediocritatis
824 707 909 732 non
929 693 1118 733 inuidere
1138 696 1232 733 tuae
1250 695 1437 734 felicitati
1456 695 1563 733 nulli
1582 706 1752 744 prorsus

160 757 371 807 imitabili,
386 757 445 796 ita
457 758 521 796 tui
540 758 730 797 candoris
745 759 808 796 est
826 772 942 797 meae
961 759 1086 798 sortis
1100 773 1146 799 ac
1164 761 1287 799 notae
1301 760 1519 810 scriptores
1538 773 1622 797 non
1640 759 1753 797 fasti-

160 824 276 872 dire3
304 824 547 874 praesertim
573 837 669 863 cum
696 824 864 862 fatearis
892 826 938 863 vt
966 837 1085 863 suam
1112 825 1260 874 cuique
1285 825 1444 873 faciem,
1467 838 1586 864 suam
1605 825 1751 874 cuique
1773 835 1833 867 455

160 902 314 936 vocem,
349 889 409 927 ita
439 902 565 928 suum
596 889 742 940 cuique
775 888 921 928 stilum
953 892 994 928 et
1024 890 1269 929 institutum
1301 903 1466 940 semper
1492 890 1632 929 fuisse.
1690 889 1753 928 Tu

163 954 353 993 maluisti
381 954 434 993 ab
457 954 629 993 eruditis
656 955 873 993 dumtaxat
898 955 1092 1004 intelligi,
1115 968 1202 1005 ego,
1226 955 1261 993 si
1287 956 1454 1005 possim,
1481 968 1505 994 a
1532 954 1753 1005 plurimis;

161 1019 240 1058 tibi
257 1020 514 1069 propositum
536 1022 598 1058 est
629 1020 802 1066 vincere,
826 1019 935 1058 mihi
953 1022 1025 1058 aut
1053 1020 1195 1058 docere
1224 1021 1296 1058 aut
1318 1020 1585 1070 persuadere:
1614 1020 1754 1058 etiam-

161 1086 198 1124 si
224 1085 326 1124 haec
355 1098 519 1135 quoque
546 1087 592 1123 tu
621 1087 815 1134 praestas,
837 1085 906 1123 sed
938 1098 1023 1123 non
1048 1085 1146 1124 sola.
1205 1087 1354 1124 Assem
1374 1086 1447 1125 abs
1474 1087 1515 1124 te
1533 1085 1757 1136 locupleta-

161 1154 253 1190 tum
267 1150 512 1201 iampridem
529 1150 612 1188 emi
631 1149 855 1188 iusseram':
883 1163 992 1189 nunc
1011 1151 1183 1189 tandem
1203 1164 1299 1189 cum
1318 1151 1418 1190 haec
1437 1151 1671 1199 scriberem,
1692 1163 1756 1189 ex·
1774 1152 1838 1192 460

161 1216 264 1255 torsi
299 1215 348 1254 de
374 1215 571 1254 manibus
601 1227 746 1254 eorum
773 1215 847 1265 qui
876 1215 1006 1254 libros
1030 1216 1288 1255 concinnant.
1350 1216 1418 1254 Ita
1444 1218 1517 1255 tua
1538 1215 1757 1266 diligentia

162 1281 318 1331 duplici
336 1280 475 1331 precio
503 1293 579 1319 nos
606 1280 794 1328 mulctat,
817 1280 887 1319 sed
917 1282 963 1319 vt
991 1280 1034 1318 id
1064 1281 1206 1319 crebro
1230 1281 1358 1320 facias
1376 1284 1483 1331 opto.
1541 1281 1756 1331 Vtranque

162 1346 389 1385 editionem
409 1359 433 1384 a
460 1346 592 1395 capite
611 1358 740 1395 vsque
759 1345 809 1384 ad
830 1345 984 1384 calcem
1007 1346 1215 1396 perlegam
1234 1360 1244 1394 3
1272 1347 1343 1384 sed
1372 1346 1558 1385 adhibito
1578 1359 1755 1396 synana-

161 1413 319 1462 gnosta,
342 1424 424 1461 quo
455 1411 605 1449 certius
635 1410 941 1460 deprehendam
970 1410 1072 1460 quid
1101 1411 1352 1450 mutandum
1380 1414 1451 1450 aut
1479 1411 1758 1450 adiiciendum

163 1477 372 1515 iudicaris.
427 1475 589 1514 Reddet
609 1488 654 1514 ea
673 1475 796 1514 lectio
825 1488 894 1513 me
922 1475 958 1514 si
986 1489 1070 1514 non
1100 1477 1198 1515 satis
1228 1476 1483 1527 diligentem,
1511 1478 1618 1515 certe
1636 1476 1757 1527 paulo
1776 1478 1837 1521 465

164 1543 308 1580 nlinus
344 1540 652 1590 indiligentem.
708 1541 781 1578 Τὸν
812 1542 1050 1591 σχολιαστὴν
1082 1542 1147 1579 τὸν
1177 1542 1248 1579 σὸν
1273 1542 1402 1582 εὐθέως
1429 1545 1467 1580 ἐκ
1496 1544 1561 1591 τῆς
1586 1543 1759 1591 φράσεως

165 1608 368 1659 ἐπέγνωκα·
398 1607 494 1645 πάνυ
513 1607 586 1658 γὰρ
604 1608 804 1656 προσφερῆ
825 1607 925 1657 αι’·τῷ
943 1609 993 1658 τῷ
1013 1609 1237 1659 συγγραφεῖ,

515 1672 678 1720 κλέπτην
698 1671 736 1709 δὲ
766 1672 926 1721 κλέπτης
945 1672 1027 1710 οἶδα
1047 1673 1106 1710 καὶ
1124 1674 1240 1711 λύκον
1254 1673 1375 1712 λύκος.

218 1737 303 1775 Pro
330 1738 420 1775 tam
454 1736 612 1775 erudita
646 1738 812 1786 tamque
852 1736 1078 1775 honorifica
1107 1737 1274 1775 Deloini
1301 1737 1350 1776 ad
1384 1750 1452 1774 me
1483 1736 1656 1786 epistola
1680 1735 1758 1774 tibi

164 1814 330 1852 quoque
370 1802 551 1851 gratiam
585 1801 729 1848 habeo,
763 1801 880 1839 cuius
906 1801 1075 1839 hortatu
1105 1802 1303 1852 scriptam
1330 1802 1516 1841 conficio.
1586 1801 1757 1851 Alioqui
1778 1815 1842 1848 470

165 1867 238 1918 qui
256 1866 441 1905 venisset
462 1866 506 1903 in
525 1868 711 1904 mentem
731 1864 894 1903 homini
914 1867 1031 1904 tanto
1053 1866 1182 1904 tantis
1211 1867 1391 1905 distento
1410 1866 1592 1916 negociis
1610 1865 1661 1904 ad
1682 1878 1758 1904 nos

165 1931 379 1971 scribere?
434 1931 469 1969 Ο
488 1943 586 1969 vere
615 1931 787 1969 deorum
815 1930 960 1978 vitam,
983 1931 1020 1969 si
1044 1944 1126 1981 qua
1154 1944 1331 1981 vsquam
1366 1934 1450 1970 est!
1508 1931 1616 1980 Quid
1644 1930 1757 1969 enim

165 1997 279 2036 aliud
310 1998 372 2034 est
405 2009 500 2034 cum
533 1995 686 2035 talibus
713 1995 859 2033 amicis
892 1996 1044 2034 cotidie
1072 1996 1116 2034 in
1142 1997 1446 2035 amoenissimis
1468 1996 1683 2035 Musarum
1701 1995 1759 2035 vi-

167 2062 291 2101 rectis
320 2062 487 2110 versari,
520 2060 673 2107 ludere,
710 2061 938 2100 oblectari?
1004 2061 1038 2100 Ο
1069 2075 1173 2111 quae
1203 2062 1375 2110 fabulae,
1408 2075 1510 2112 quae
1544 2061 1756 2112 colloquia,

168 2141 271 2177 quae
291 2125 662 2165 commentationes
678 2127 688 2164 l
718 2126 789 2174 qui
808 2126 922 2173 sales,
945 2126 1085 2176 quales
1107 2126 1249 2166 Cicero
1269 2140 1363 2166 cum
1390 2140 1463 2165 suo
1483 2128 1617 2165 Bruto
1636 2126 1760 2166 Pom·
1778 2142 1839 2175 475

167 2192 376 2242 ponioque
406 2190 512 2228 solet
545 2190 728 2238 agitare!
786 2191 930 2240 Neque
959 2190 1072 2229 enim
1102 2204 1177 2241 ego
1205 2192 1431 2231 dubitarim
1463 2192 1687 2230 Deloinum
1719 2192 1761 2229 et

169 2258 355 2296 Ruzeum
384 2256 516 2294 Bruto
543 2254 857 2304 Pomponioque
885 2256 952 2294 vel
982 2258 1240 2306 anteponere,
1263 2256 1366 2296 situ
1384 2257 1507 2295 modo
1532 2259 1574 2295 te
1592 2256 1760 2306 patiaris

169 2321 337 2372 aequari
356 2320 552 2368 Ciceroni,
574 2332 699 2369 quem
730 2323 872 2359 nostra
891 2323 997 2359 certe
1016 2323 1150 2360 aetate
1174 2322 1312 2361 refers.
1383 2321 1465 2360 Hic
1483 2321 1592 2360 nihil
1610 2321 1756 2368 simile,

169 2387 241 2425 sed
263 2385 399 2424 nescio
416 2398 497 2435 quo
515 2387 632 2434 pacto
658 2385 804 2424 durius
833 2385 966 2424 adhuc
985 2386 1191 2425 habentur
1208 2386 1337 2426 bonae
1356 2386 1509 2425 literae.
1569 2386 1624 2425 In
1641 2399 1762 2424 causa

172 2454 245 2500 est,
271 2451 428 2501 opinor,
452 2450 561 2500 quod
581 2449 759 2499 frigeant
779 2451 1038 2489 Moecenates
1057 2453 1098 2489 et
1116 2454 1292 2502 regnent
1311 2451 1531 2489 meliorum
1545 2450 1759 2489 literarum
1779 2459 1843 2500 480

171 2517 324 2555 hostes.
381 2515 501 2553 Vnus
529 2527 657 2565 prope
687 2514 942 2554 clarissimus
966 2516 1032 2554 vir
1060 2516 1239 2555 Ioannes
1258 2516 1477 2567 Syluagius
1496 2515 1762 2566 Burgundiae

172 2580 463 2627 cancellarius,
478 2581 524 2617 vt
543 2580 710 2629 patriae.
726 2580 782 2617 sic
797 2580 922 2619 etiam
944 2580 1114 2630 optimis
1133 2581 1284 2620 studiis
1303 2581 1513 2620 consulere
1527 2581 1674 2628 studet,
1689 2580 1760 2619 sed

215 2687 291 2716 447.
317 2675 517 2716 Fontanus]
541 2677 604 2707 See
621 2676 683 2715 Ep.
702 2686 776 2715 337.
793 2685 858 2716 339
874 2687 910 2708 n.
1004 2680 1041 2708 to
1057 2677 1149 2708 have
1166 2677 1367 2708 attributed
1383 2678 1444 2708 the
1468 2677 1644 2717 marginal
1660 2678 1762 2708 notes

215 2730 290 2760 459.
316 2720 588 2760 locupletatum]
634 2720 832 2750 Published
890 2721 936 2760 by
1004 2721 1043 2751 in
1080 2722 1142 2752 the
1179 2721 1317 2752 edition
1355 2720 1390 2751 of
1422 2721 1505 2762 151}
1535 2723 1572 2751 to
1598 2720 1762 2751 Budaeus

174 2765 307 2795 Badius
325 2773 364 2802 14
380 2764 455 2794 Oct.
478 2763 570 2801 1516.
1003 2764 1166 2795 himself:
1220 2764 1548 2804 notwithstanding
1592 2774 1611 2795 a
1655 2764 1763 2795 letter

216 2809 291 2846 462.
318 2805 486 2846 mulctat]
515 2806 582 2837 For
597 2806 776 2837 Erasmus’
792 2806 937 2837 defence
1003 2808 1119 2838 added
1142 2810 1180 2838 to
1203 2808 1265 2838 the
1287 2817 1368 2838 new
1390 2808 1528 2838 edition
1550 2807 1589 2848 (f.
1613 2817 1673 2846 193
1694 2808 1762 2847 νο.)

175 2851 213 2882 of
233 2851 308 2882 this
330 2850 486 2891 practice
510 2859 565 2880 see
589 2850 651 2889 Ep.
671 2851 736 2890 269
759 2850 842 2881 init.
864 2850 936 2880 and
1005 2851 1041 2881 in
1073 2851 1194 2881 which
1226 2850 1361 2881 Badius
1394 2850 1669 2890 acknowledged
1701 2850 1762 2882 the

173 2905 187 2925 1
204 2895 287 2926 init.
1003 2894 1192 2925 authorshi
1220 2917 1228 2924 .

218 2938 294 2976 466.
322 2935 543 2978 σχολιαστὴν]
574 2936 732 2977 Judging
754 2936 846 2967 from
879 2937 937 2967 his
1046 2938 1120 2975 468.
1143 2904 1303 2978 κλεΡπτην]
1321 2937 1575 2969 cf.A1·ist.Etn.
1596 2940 1673 2969 Eud.
1689 2947 1716 2976 7.
1734 2947 1762 2968 x.

174 2991 256 3013 own
272 2981 389 3012 action
408 2980 467 3022 (cf.
484 2990 518 3021 p.
535 2981 611 3021 407)
634 2980 803 3012 Erasmus
822 2989 936 3011 seems
1045 2983 1118 3020 469.
1146 2981 1307 3022 Deloinij
1331 2981 1392 3021 Ep.
1411 2991 1483 3021 494.
