2010 3417
222 148 302 187 302
691 142 942 182 LETTERS
982 142 1052 181 OF
1091 142 1356 180 ERASMUS
1698 138 1766 193 [15
1776 153 1789 177 1
1800 142 1822 176 6

221 256 459 296 Florentius
497 255 548 292 ad
593 266 635 290 se
679 252 843 290 rediens
885 251 1020 300 coepit
1062 263 1207 289 canere
1249 252 1432 288 veterem
1476 249 1739 298 cantilenam,
1782 252 1823 287 et

143 328 204 369 360
222 321 432 361 accersitis
460 319 672 357 tutoribus
699 330 817 366 agere
845 317 893 354 de
923 315 1124 354 libertate.
1185 315 1253 352 Ibi
1282 327 1428 352 rursus
1456 314 1593 352 minae
1623 314 1821 362 crudeles,

222 390 263 425 et
292 387 456 423 ostensa
484 396 627 422 rerum
655 383 839 420 extrema
867 381 1101 431 desperatio
1130 379 1213 418 nisi
1242 380 1429 429 pergeret
1452 379 1497 417 in
1523 379 1628 417 bene
1655 379 1820 427 coeptis.

223 452 308 490 Nec
339 450 408 488 hic
439 449 653 487 instrenue
684 447 839 496 parteis
869 460 964 484 suas
996 445 1081 495 egit
1112 445 1335 491 GanteHus,
1368 445 1436 483 cui
1468 458 1553 482 non
1585 444 1826 493 expediebat

223 515 414 555 amittere
451 517 707 552 nocturnum
740 514 782 551 et
822 511 1050 562 gratuitum
1083 512 1404 560 praeceptorem.
1476 510 1655 547 Obsecro
1688 511 1740 557 te,
1773 522 1827 548 an

222 595 307 620 non
335 581 436 619 haec
464 593 581 618 mera
609 579 674 618 vis
697 579 761 616 est
789 578 833 616 in
863 590 1039 626 puerum
1068 578 1219 614 natura
1243 574 1489 625 simplicem,
1513 574 1759 625 imperitum
1786 575 1828 613 et

143 649 203 690 365
223 647 556 696 incogitantem?
613 644 720 692 Quid
747 645 920 681 moror‘?
976 641 1238 681 Reclamanti
1265 641 1415 679 iniecta
1441 643 1504 679 est
1530 640 1672 687 vestis,
1696 653 1828 690 quum

225 712 377 751 scirent
409 711 596 749 animum
630 709 741 747 nihil
773 709 1057 747 immutatum.
1120 708 1181 746 Eo
1212 707 1330 754 facto,
1364 719 1509 744 rursus
1538 705 1758 744 blandiciis
1787 707 1830 744 et

224 777 487 828 indulgentia
505 775 735 814 lactabatur
754 773 931 823 puerilis
949 775 1127 812 animus.

279 844 427 893 Itaque
449 855 594 880 rursus
607 854 681 891 per
701 840 843 878 lusum
863 840 904 878 et
924 838 1242 888 incogitantiam
1262 850 1398 876 annus
1418 838 1501 875 fere
1523 839 1636 876 totus
1654 837 1825 875 effluxit.

223 910 284 948 At
311 909 395 947 iam
424 906 727 958 propemodum
757 906 1015 955 compererat
1044 904 1151 942 illud
1180 903 1290 942 vitae
1318 916 1449 952 genus
1479 915 1554 941 nec
1584 902 1725 941 animo
1754 916 1830 941 nec

144 994 207 1028 370
225 974 468 1024 corpusculo
502 986 576 1011 suo
609 985 846 1022 congruere.
918 970 1026 1008 Nam
1064 969 1204 1007 animo
1238 970 1399 1018 praeter
1433 968 1570 1006 studia
1601 968 1710 1006 nihil
1743 971 1830 1008 erat

227 1054 364 1080 suaue.
424 1038 492 1077 Ibi
522 1051 619 1077 vero
652 1037 797 1075 nullus
831 1035 982 1075 studiis
1012 1035 1080 1074 vel
1110 1035 1244 1073 honos
1272 1034 1340 1073 vel
1371 1047 1483 1073 vsuS.
1542 1033 1712 1084 Alioqui
1744 1048 1829 1073 non

226 1105 476 1146 abhorrebat
513 1118 536 1142 a
556 1104 720 1153 pietate,
762 1102 833 1140 sed
871 1101 1137 1140 cantionibus
1174 1113 1218 1138 ac
1256 1099 1500 1138 ceremoniis
1538 1112 1623 1138 non
1660 1100 1832 1149 perinde

227 1172 474 1222 capiebatur,
498 1170 648 1219 quibus
669 1169 754 1206 fere
781 1170 869 1206 tota
895 1167 1067 1205 illorum
1093 1166 1181 1204 vita
1207 1167 1382 1204 constat.
1438 1165 1506 1204 Ad
1533 1165 1644 1212 haec,
1666 1165 1708 1205 in
1730 1165 1832 1204 talia

227 1237 418 1280 sodalitia
450 1235 682 1285 plerunque
715 1233 1021 1283 protruduntur
1057 1232 1226 1282 ingenio
1260 1231 1381 1279 tardi,
1419 1232 1568 1269 natura
1606 1230 1830 1282 semifatui,

147 1319 208 1353 375
228 1308 399 1355 ἄμουσοι,
422 1300 663 1350 ventrisque
690 1312 818 1349 quam
844 1298 1080 1336 litterarum
1106 1298 1371 1335 amantiores
1432 1296 1552 1334 Inter
1570 1296 1647 1335 hos
1667 1297 1704 1335 si
1723 1298 1832 1348 quod

227 1370 437 1411 exoriatur
464 1365 681 1416 ingenium
710 1363 919 1402 excellens
947 1376 992 1401 ac
1019 1363 1254 1412 disciplinis
1283 1364 1444 1409 natum,
1473 1375 1547 1411 per
1574 1361 1671 1402 illos
1698 1364 1832 1414 oppri-

228 1437 371 1482 mitur,
400 1446 451 1471 ne
480 1432 674 1480 emergat.
736 1430 791 1467 Et
820 1431 964 1467 tamen
992 1428 1098 1466 tales
1127 1427 1208 1466 sibi
1232 1427 1450 1466 vindicant
1479 1428 1758 1478 tyrannidem,
1786 1442 1833 1469 ac

228 1503 313 1541 fere
333 1500 381 1538 fit
401 1500 446 1537 vt
466 1498 537 1547 qui
560 1495 859 1534 stolidissimus
887 1497 950 1532 est
975 1494 1238 1543 maximeque
1265 1493 1492 1542 improbus,
1516 1494 1639 1531 modo
1664 1494 1834 1533 robusto

230 1579 408 1616 corpore,
431 1564 468 1601 is
494 1563 539 1601 in
566 1575 613 1599 eo
643 1573 766 1611 grege
788 1561 925 1599 valeat
953 1560 1196 1609 plurimum.
1258 1558 1352 1596 Iam
1379 1558 1486 1596 mihi
1516 1559 1650 1608 cogita
1678 1562 1834 1609 quanta

151 1640 213 1680 380
232 1633 287 1672 sit
325 1644 425 1669 crux
461 1627 629 1676 ingenio
668 1625 800 1663 Musis
833 1628 931 1664 nato
970 1625 1081 1663 inter
1113 1624 1216 1662 tales
1254 1625 1434 1662 aetatem
1473 1637 1643 1662 omnem
1676 1625 1833 1676 degere.

232 1700 316 1738 Nec
349 1696 436 1735 vlla
467 1693 556 1731 illic
587 1690 933 1730 manumissionis
965 1704 1071 1740 spes,
1101 1690 1184 1728 nisi
1217 1689 1252 1727 si
1280 1689 1387 1728 forte
1421 1689 1635 1738 contingat
1667 1692 1835 1741 praefici

232 1762 408 1812 collegio
428 1759 667 1809 virginum;
696 1770 777 1806 qua
804 1756 1005 1795 seruitute
1031 1755 1139 1794 nihil
1166 1757 1229 1794 est
1255 1754 1474 1793 infelicius.
1537 1755 1646 1793 Nam
1674 1758 1836 1806 praeter

233 1826 429 1870 foeminei
448 1823 584 1875 gregis
603 1822 813 1861 assiduam
839 1835 994 1870 curam,
1017 1820 1201 1871 quotidie
1226 1820 1499 1858 desidendum
1518 1823 1581 1859 est
1600 1821 1646 1859 in
1665 1821 1837 1871 prolixis

234 1890 609 1944 compotationibus
641 1901 728 1926 non
765 1888 854 1926 sine
887 1887 1117 1937 pudiciciae
1156 1885 1365 1936 periculo;
1409 1899 1542 1935 neque
1577 1900 1669 1925 raro
1707 1887 1756 1925 fit
1789 1889 1836 1927 vt

154 1968 214 2008 385
235 1958 514 2012 patriarcham
551 1967 674 1993 suum
711 1953 797 1991 iam
841 1955 972 1991 aetate
1009 1953 1190 1991 fractum
1233 1954 1273 1990 et
1317 1951 1516 1989 inutilem
1561 1953 1612 1990 ad
1657 1952 1833 2002 pristina

235 2025 419 2074 relegent
456 2019 675 2071 praesepia,
711 2019 789 2057 hoc
827 2018 953 2057 etiam
987 2017 1246 2056 miseriorem
1285 2017 1394 2067 quod
1432 2017 1690 2067 aliquamdiu
1723 2018 1836 2057 volu-

235 2090 442 2144 ptuariam
470 2086 604 2125 vitam
634 2084 774 2134 egerit.

291 2151 594 2204 Corpusculum
613 2153 753 2189 autem
769 2149 1042 2189 adolescentis
1055 2151 1143 2188 erat
1159 2150 1307 2187 natura
1326 2150 1413 2186 tam
1432 2148 1656 2197 impatiens
1674 2147 1835 2187 inediae

236 2227 283 2264 vt
304 2222 394 2262 cibo
415 2219 526 2257 vltra
544 2216 711 2254 solitam
730 2216 877 2254 horam
903 2215 1060 2265 prolato
1080 2214 1318 2264 frequenter
1338 2213 1393 2252 sit
1411 2213 1680 2263 periclitatus,
1705 2227 1836 2263 quum

157 2303 219 2336 390
237 2290 324 2339 ipse
342 2289 486 2325 tamen
505 2282 572 2321 sui
590 2282 758 2331 ignarus
774 2281 882 2319 nihil
898 2281 980 2319 tale
1001 2280 1199 2330 cogitaret
1215 2293 1224 2326 ;
1248 2280 1417 2317 tantuin
1433 2278 1636 2317 stomachi
1651 2279 1837 2317 cruciatu

237 2357 278 2394 et
297 2351 432 2391 cordis
453 2349 615 2387 defectu
636 2346 945 2384 admonebatur.
991 2345 1104 2383 Haec
1119 2344 1292 2382 fortasse
1313 2344 1451 2382 rident
1471 2356 1627 2382 crassae
1646 2344 1834 2394 pecudes,

238 2432 340 2470 quas
358 2416 485 2456 etiam
505 2413 541 2452 si
560 2412 679 2451 foeno
694 2424 847 2461 pascas,
866 2410 1118 2449 lasciuirent.
1156 2410 1216 2448 At
1235 2409 1361 2458 periti
1379 2408 1527 2446 medici
1542 2422 1626 2447 non
1645 2409 1838 2459 ignorant

236 2487 345 2525 hanc
354 2494 441 2521 esse
453 2478 749 2530 proprietatem
761 2476 944 2526 corporis
955 2475 1179 2514 admodum
1192 2473 1274 2512 rari
1286 2473 1587 2523 subtiliumque
1599 2474 1834 2524 spirituum,

238 2546 473 2590 cuiusmodi
503 2542 791 2594 praescribunt
824 2542 936 2580 cibos
966 2542 1162 2579 concoctu
1192 2539 1345 2587 faciles,
1377 2539 1615 2589 frequenter
1645 2553 1690 2578 ac
1717 2552 1838 2590 parce

158 2631 218 2663 395
238 2616 452 2664 sumptos;
492 2622 622 2660 quum
653 2608 756 2646 alios
784 2608 963 2657 reperias
992 2606 1065 2656 qui
1094 2605 1222 2644 semel
1256 2605 1419 2655 expleto
1450 2607 1597 2644 ventre
1631 2606 1721 2644 sine
1751 2605 1838 2644 vlla

238 2680 429 2721 molestia
467 2675 625 2715 diutius
662 2673 812 2711 durent
850 2685 975 2723 quam
1012 2672 1211 2709 vultures.
1287 2671 1444 2709 Eadem
1483 2683 1651 2720 corpora
1688 2669 1837 2708 medici

241 2746 388 2785 docent
421 2738 788 2791 impatientissima
821 2738 996 2788 frigoris,
1032 2738 1255 2775 ventorum
1293 2749 1339 2774 ac
1372 2735 1618 2773 nebularum
1657 2748 1756 2783 esse,
1790 2747 1837 2772 ac

241 2811 363 2849 citius
384 2807 537 2847 offendi
553 2804 804 2844 circumfuso
824 2816 914 2841 aere
930 2815 1056 2852 quam
1072 2801 1223 2840 infusis
1237 2800 1352 2839 cibis.
1393 2800 1584 2839 Habebat
1599 2799 1837 2839 adolescens

241 2876 352 2913 aliud
377 2872 582 2924 peculiare
603 2869 926 2916 incommodum,
948 2867 1055 2918 quod
1075 2867 1140 2905 illi
1159 2880 1181 2905 a
1200 2865 1355 2904 teneris
1374 2865 1498 2904 annis
1516 2865 1561 2903 in
1580 2866 1688 2904 hanc
1707 2875 1836 2912 vsque

159 2956 223 2987 400
241 2942 417 2977 aetatem
446 2938 603 2984 haeret,
629 2933 882 2973 inuincibile.
944 2933 1039 2970 Non
1068 2931 1151 2969 m’si
1178 2930 1381 2981 profunda
1409 2943 1579 2980 vespera
1606 2929 1741 2979 potest
1769 2927 1835 2966 ob·

240 3005 540 3009 ffl—
559 3005 587 3007 d
683 3012 756 3050 382.
784 3006 984 3048 virginum]
1010 3007 1062 3038 Cf.
1078 3008 1142 3047 Ep.
1160 3008 1234 3047 296.
1254 3015 1393 3044 211—14.
