2010 3417
143 177 239 230 447]
541 178 611 218 ΤΟ
650 178 996 219 LAMBERTUS
1034 179 1331 219 GRUNNIUS
1649 180 1730 219 293

184 288 246 320 Dr.
266 288 379 318 Reich
401 288 524 319 differs
538 288 630 319 from
645 288 826 320 Vischer's
847 288 1075 320 conclusions
1096 288 1168 320 and
1185 289 1384 320 maintains
1407 289 1468 321 the
1489 289 1732 328 authenticity

141 331 180 362 of
203 331 392 363 Grunnius
418 332 508 362 with
532 331 744 372 ingenuity;
776 332 862 363 thus
885 331 1025 371 finding
1047 332 1190 363 further
1216 335 1362 373 support
1386 333 1440 364 for
1462 332 1525 364 the
1548 333 1628 364 idea
1650 333 1731 364 that

141 375 203 406 the
229 375 334 406 letter
360 385 432 406 was
457 376 605 406 written
632 375 672 405 in
697 375 759 406 the
785 385 890 407 name
916 375 955 406 of
977 376 1205 417 Ammonius,
1231 377 1350 407 whom
1375 377 1421 407 he
1447 376 1667 416 conjectures
1693 377 1730 407 to

140 419 233 450 have
259 419 375 450 added
401 419 464 450 the
492 419 647 459 opening
673 419 745 450 and
774 419 861 450 final
887 429 1060 459 passages,
1123 420 1196 451 But
1227 420 1266 451 in
1291 421 1382 451 view
1414 421 1452 451 of
1478 420 1542 451 Mr.
1574 419 1730 451 Nichols’

140 464 349 502 arguments
376 463 421 493 he
449 463 480 493 is
505 465 568 493 not
595 462 819 502 convincing.
883 463 939 494 He
967 462 1041 493 also
1068 462 1170 494 dates
1194 463 1256 494 the
1284 464 1390 494 letter
1414 465 1450 494 to
1477 463 1666 494 Grunnius
1692 464 1731 494 in

140 506 335 537 December
350 506 422 537 and
438 506 500 536 the
516 506 618 545 reply
634 506 672 536 in
689 505 860 546 January.
909 507 981 537 But
998 506 1072 536 this
1088 507 1119 536 is
1135 508 1171 538 to
1187 507 1350 538 over-look
1366 507 1429 538 the
1446 509 1453 523 ‘
1466 508 1730 538 commentum’

142 550 180 580 of
200 550 263 590 Ep.
287 559 362 588 453.
387 559 448 588 13;
478 549 551 579 and
575 550 664 580 with
689 549 777 580 such
800 560 820 581 a
844 550 925 580 date
949 550 994 580 he
1018 549 1147 581 should
1172 551 1264 581 have
1288 551 1419 582 offered
1444 560 1540 581 some
1563 551 1732 590 explana·

140 594 218 624 tion
242 594 327 632 why
351 603 389 623 so
413 593 543 623 diffuse
566 603 586 623 a
610 594 804 624 statement
828 594 865 624 os
885 593 948 624 the
972 593 1248 624 circumstances
1271 593 1400 624 should
1424 593 1515 624 have
1539 595 1628 625 been
1651 595 1731 625 sent

140 637 246 667 when
264 637 326 667 the
342 637 581 676 negotiations
595 646 688 667 were
704 636 832 667 almost
849 637 1055 675 concluded‚
1075 636 1215 668 instead
1232 637 1270 668 of
1282 638 1319 668 at
1335 637 1398 668 the
1414 637 1619 677 beginning.

184 680 252 711 For
267 680 329 710 the
346 680 575 720 signifieance
591 680 629 710 of
644 680 718 710 this
734 680 845 711 letter
859 690 949 711 even
965 680 1004 711 in
1021 681 1069 710 its
1084 682 1228 720 present
1245 681 1337 711 form
1355 691 1411 711 see
1426 682 1519 721 App.
1542 680 1587 722 1.]

141 773 347 804 ERASMVS
363 773 697 803 ROTERODAMVS
718 773 958 803 LAMBERTO
979 772 1181 804 GRVNNIO
1203 772 1394 804 SCRIBAE
1410 773 1681 805 APOSTOLICO
1697 773 1730 804 S.

193 847 433 896 HACTENVS,
456 848 734 887 eruditissime
753 847 983 896 Lamberte,
1006 848 1058 886 ab
1082 848 1159 886 hoc
1182 861 1331 898 genere
1350 861 1566 887 causarum
1585 849 1733 888 lubens

138 913 332 961 abstinui,
373 913 468 952 licet
507 926 530 952 a
567 913 715 951 multis
753 914 1052 963 interpellatus,
1092 927 1227 962 neque
1269 913 1462 963 cuiquam
1505 914 1735 952 amicorum

137 978 341 1018 molestus
373 992 459 1017 esse
492 978 697 1017 sustinui:
726 991 873 1017 verum
908 978 976 1017 hic
1010 978 1235 1028 singularis
1268 979 1470 1028 quaedam
1502 978 1635 1029 pietas
1667 992 1734 1017 me

139 1045 298 1094 depulit
328 1058 352 1083 a
381 1046 518 1083 vetere
549 1043 753 1092 instituto,
789 1044 967 1094 fecitque
998 1046 1044 1082 vt
1076 1046 1116 1082 et
1149 1044 1235 1094 ipse
1269 1057 1427 1082 nouum
1459 1044 1735 1094 patrocinium

139 1112 404 1160 susciperem,
446 1112 487 1147 et
524 1109 604 1148 tibi
641 1109 730 1148 viro
769 1109 1020 1148 amicissimo
1057 1109 1104 1147 in
1142 1110 1264 1148 amici
1304 1110 1476 1160 negocio
1517 1110 1734 1160 negocium

138 1177 392 1215 facesserem.
455 1176 712 1225 Quapropter
740 1175 820 1213 hoc
850 1187 993 1224 operae
1017 1175 1202 1224 primum
1227 1175 1300 1213 abs
1326 1177 1368 1214 te
1393 1178 1498 1225 peto,
1525 1178 1572 1215 vt
1600 1177 1734 1214 totam

137 1242 198 1282 rei
217 1242 366 1280 seriem
387 1241 570 1290 digneris
593 1253 863 1289 cognoscere;
892 1240 1100 1290 siquidem
1123 1240 1284 1278 confido
1308 1240 1498 1279 futurum
1517 1242 1575 1288 vt,
1599 1241 1636 1279 si
1656 1239 1733 1278 hoc

139 1307 326 1358 impetro,
357 1309 398 1345 et
426 1319 569 1344 meum
603 1305 842 1355 comprobes
871 1305 1051 1344 officium
1085 1308 1124 1344 et
1153 1307 1275 1343 tuum
1309 1319 1394 1344 non
1422 1305 1633 1344 illibenter
1660 1305 1735 1343 im-

138 1373 303 1423 partias,
335 1385 418 1411 non
451 1372 536 1410 iam
569 1371 775 1410 amicitiae
808 1373 984 1419 nostrae,
1018 1371 1135 1410 cuius
1164 1371 1297 1420 gratia
1325 1371 1409 1409 scio
1438 1373 1480 1409 te
1510 1371 1619 1409 nihil
1649 1383 1734 1408 non

140 1439 357 1486 facturum,
388 1438 459 1475 sed
488 1436 570 1487 ipsi
597 1449 752 1475 causae.
811 1436 966 1486 Agitur
993 1437 1109 1474 enim
1137 1449 1223 1474 non
1253 1436 1302 1474 de
1330 1436 1437 1485 lana,
1466 1437 1575 1486 quod
1603 1435 1730 1485 aiunt,

138 1503 314 1553 caprina,
338 1503 409 1541 sed
430 1502 480 1540 de
499 1502 632 1540 salute
651 1501 807 1539 indolis
827 1501 962 1540 multo
986 1501 1177 1540 omnium
1196 1501 1469 1549 felicissimae,
1491 1514 1593 1551 quae
1612 1500 1734 1550 plane

138 1569 236 1607 viua
255 1568 499 1618 spiransque
519 1566 678 1605 defossa
697 1565 862 1616 peribit,
890 1566 974 1604 nisi
993 1579 1070 1605 nos
1089 1566 1294 1604 fuerimus
1314 1566 1518 1616 opitulati.
1561 1565 1734 1605 Vtinam

138 1634 217 1673 tibi
245 1632 418 1683 perinde
447 1635 546 1671 nota
574 1633 682 1670 esset
710 1633 836 1681 atque
863 1631 969 1670 mihi
997 1633 1059 1670 est
1088 1632 1217 1670 totius
1245 1631 1407 1682 negocii
1436 1631 1565 1679 rati0;
1600 1631 1735 1669 tribus

138 1698 288 1747 verbis,
311 1700 374 1736 sat
401 1697 494 1745 scio,
524 1709 689 1735 causam
715 1696 822 1735 hanc
850 1697 961 1746 apud
988 1698 1029 1734 te
1057 1709 1309 1746 perorauerO.
1369 1695 1448 1735 Sed
1476 1697 1617 1734 tamen
1644 1708 1734 1733 rem

139 1777 308 1803 omnem
345 1763 502 1812 optima
539 1762 621 1800 fide
660 1762 718 1800 sic
751 1762 831 1800 tibi
864 1761 1100 1812 depingam,
1137 1764 1184 1800 vt
1219 1762 1326 1800 nihil
1362 1764 1434 1800 aut
1468 1762 1576 1799 certe
1610 1773 1734 1809 quam

140 1829 365 1876 minimum
391 1830 432 1866 te
457 1827 589 1877 fugiat
616 1827 725 1877 quod
751 1828 852 1865 scire
880 1827 935 1864 sit
958 1826 1300 1876 operaeprecium.
1362 1826 1469 1864 Nam
1489 1826 1531 1863 et
1556 1825 1591 1863 is
1617 1825 1734 1864 cuius

139 1907 307 1933 causam
336 1907 422 1943 ago,
457 1907 481 1931 a
512 1905 639 1942 puero
669 1892 776 1930 mihi
808 1891 866 1930 sic
900 1891 1089 1941 cognitus
1119 1892 1182 1930 est
1211 1893 1259 1930 vt
1292 1891 1363 1930 vix
1395 1891 1482 1940 ipse
1514 1890 1621 1928 mihi
1653 1889 1733 1929 sim

141 1960 292 2007 notior,
323 1961 366 1997 et
395 1958 589 2008 pleraque
620 1970 722 2007 quae
756 1956 807 1995 ad
838 1970 1003 1995 causam
1036 1956 1247 2006 pertinent
1279 1969 1364 1994 non
1398 1955 1539 1994 audiui
1567 1956 1734 1994 tantum

140 2026 212 2064 sed
232 2024 423 2075 perspexi
443 2023 584 2061 oculis.
641 2022 775 2061 Tanta
795 2023 935 2060 autem
954 2024 1017 2060 est
1041 2022 1101 2060 rei
1122 2021 1353 2072 indignitas
1371 2022 1419 2060 vt
1437 2022 1524 2070 ipse
1542 2021 1614 2059 vix
1633 2021 1733 2059 haec

140 2090 294 2141 absque
338 2088 567 2138 lachrymis
610 2100 932 2126 commemorare
976 2100 1136 2137 queam,
1183 2100 1258 2125 nec
1302 2089 1349 2125 tu
1394 2086 1589 2134 fortassis,
1631 2098 1733 2135 quae

141 2159 311 2195 naturae
343 2157 436 2192 tuae
470 2153 635 2191 bonitas
668 2156 742 2201 est,
776 2152 894 2191 siccis
927 2152 1056 2190 oculis
1093 2152 1276 2190 lecturus
1310 2151 1380 2190 sis.
1448 2152 1527 2191 Sed
1560 2151 1624 2190 est
1656 2151 1733 2190 hoc

140 2220 399 2259 Christianae
423 2218 599 2269 pietatis,
622 2217 682 2256 mi
709 2218 884 2265 Grunni,
909 2230 994 2255 non
1020 2218 1186 2255 tantum
1205 2216 1384 2267 gaudere
1410 2230 1505 2256 cum
1523 2216 1733 2267 gaudenti·

140 2286 221 2324 bus
240 2286 310 2325 sed
330 2284 455 2323 etiam
474 2284 572 2322 flere
592 2296 687 2321 cum
706 2282 916 2321 flentibus.

197 2350 289 2389 Scio
318 2349 407 2397 tibi,
431 2349 497 2388 vir
526 2349 691 2399 optime,
721 2351 761 2386 et
790 2348 917 2397 probe
946 2349 1090 2386 notam
1118 2348 1158 2385 et
1187 2346 1410 2396 insigniter
1437 2346 1618 2385 inuisam
1647 2359 1733 2384 esse

144 2415 406 2464 quorundam
445 2414 778 2452 Pharisaicorum
819 2412 1143 2462 improbitatem,
1185 2411 1256 2461 qui
1292 2412 1408 2450 iuxta
1443 2412 1733 2449 testimonium

142 2479 442 2528 Euangelicum
472 2492 558 2517 non
590 2478 729 2517 solum
760 2491 832 2528 per
862 2477 991 2515 maria
1023 2490 1176 2527 perque
1209 2479 1350 2521 terras,
1380 2475 1451 2514 sed
1484 2489 1557 2525 per
1589 2487 1734 2513 omnes

142 2544 379 2594 principum
408 2543 532 2591 aulas,
563 2556 636 2592 per
665 2556 809 2581 omnes
837 2542 1019 2580 diuitum
1043 2542 1176 2587 aedes,
1197 2555 1271 2590 per
1298 2553 1442 2579 omnes
1471 2540 1641 2585 scholas,
1660 2552 1734 2589 per

143 2622 287 2648 omnes
307 2608 633 2657 compotationes
652 2606 933 2651 obambulant,
954 2608 1000 2645 vt
1026 2605 1285 2656 proselytum
1305 2605 1485 2654 aliquem
1503 2605 1549 2642 in
1569 2617 1734 2643 nassam

143 2674 329 2719 illiciant,
346 2672 498 2721 vixque
518 2671 730 2710 credendis
748 2671 907 2710 artibus
927 2671 1181 2708 insidiantur
1194 2683 1415 2719 puerorum
1435 2682 1479 2706 ac
1499 2669 1734 2719 puellarum

1755 1451 1795 1472 10

1753 1777 1791 1809 15

1753 2103 1794 2125 20

1753 2424 1792 2457 25

143 2737 414 2788 simplicitati.
478 2737 642 2774 Norunt
670 2738 848 2774 aetatem
874 2737 915 2773 et
937 2735 1114 2773 iniuriae
1140 2736 1181 2772 et
1206 2734 1342 2772 fraudi
1366 2734 1570 2781 idoneam,
1594 2736 1640 2772 vt
1665 2746 1733 2772 eos
1751 2751 1794 2782 50

144 2805 190 2841 in
229 2804 340 2841 vitae
377 2815 508 2851 genus
543 2800 785 2851 pertrahant
822 2799 931 2839 vnde
970 2812 1013 2837 se
1052 2812 1136 2837 non
1171 2799 1334 2849 possint
1372 2799 1567 2837 extricare
1604 2798 1733 2837 semel

144 2868 317 2907 irretiti:
352 2881 432 2917 qua
462 2880 547 2905 non
576 2866 658 2905 alia
685 2864 900 2904 seruitutis
926 2865 1076 2914 speties
1105 2863 1295 2902 miserior
1310 2877 1321 2912 ;
1354 2876 1452 2902 nam
1478 2863 1733 2913 mancipium

730 2961 794 2984 Trr.
826 2953 874 2982 N:
900 2959 1082 2981 LAMPERTO
1097 2952 1140 2981 H.

193 3044 242 3065 10.
270 3031 369 3072 lana]
396 3031 481 3062 Hor.
500 3034 560 3068 Ep.
582 3040 610 3062 1.
629 3031 678 3061 18.
702 3039 750 3068 15.
1030 3028 1081 3060 28.
1109 3026 1344 3068 proselytum]
1369 3026 1422 3058 Of.
1439 3025 1540 3058 Matt.
1559 3036 1611 3066 23.
1631 3035 1680 3065 15.
