<?xml version="1.0" encoding="UTF-8"?>
<!DOCTYPE html PUBLIC "-//W3C//DTD XHTML 1.0 Transitional//EN"
    "http://www.w3.org/TR/xhtml1/DTD/xhtml1-transitional.dtd">
<html xmlns="http://www.w3.org/1999/xhtml" xml:lang="en" lang="en">
 <head>
  <title>
</title>
<meta http-equiv="Content-Type" content="text/html;charset=utf-8" />
  <meta name='ocr-system' content='tesseract 3.04.00' />
  <meta name='ocr-capabilities' content='ocr_page ocr_carea ocr_par ocr_line ocrx_word'/>
</head>
<body>
  <div class='ocr_page' id='page_1' title='image "./opusepistolarumd02erasuoft/opusepistolarumd02erasuoft_0395.png"; bbox 0 0 2010 3417; ppageno 0'>
   <div class='ocr_carea' id='block_1_1' title="bbox 105 134 1699 190">
    <p class='ocr_par' dir='ltr' id='par_1_1' title="bbox 105 134 1699 190">
     <span class='ocr_line' id='line_1_1' title="bbox 105 134 1699 190; baseline 0.003 -15"><span class='ocrx_word' id='word_1_1' title='bbox 105 134 205 190; x_wconf 85' lang='lat'>480]</span> <span class='ocrx_word' id='word_1_2' title='bbox 560 136 631 176; x_wconf 89' lang='grc' dir='ltr'>ΤΟ</span> <span class='ocrx_word' id='word_1_3' title='bbox 669 135 936 176; x_wconf 88' lang='lat' dir='ltr'><strong>WILLIAM</strong></span> <span class='ocrx_word' id='word_1_4' title='bbox 975 137 1249 178; x_wconf 85' lang='lat' dir='ltr'>BUDAEUs</span> <span class='ocrx_word' id='word_1_5' title='bbox 1619 141 1699 180; x_wconf 87' lang='lat'>369</span> 
     </span>
    </p>
   </div>
   <div class='ocr_carea' id='block_1_2' title="bbox 103 245 1710 1925">
    <p class='ocr_par' dir='ltr' id='par_1_2' title="bbox 103 245 1706 1132">
     <span class='ocr_line' id='line_1_2' title="bbox 103 245 1699 297; baseline 0.002 -11"><span class='ocrx_word' id='word_1_6' title='bbox 103 245 321 297; x_wconf 73' lang='lat' dir='ltr'>aliquoties</span> <span class='ocrx_word' id='word_1_7' title='bbox 335 245 568 296; x_wconf 88' lang='lat' dir='ltr'>insignium</span> <span class='ocrx_word' id='word_1_8' title='bbox 583 259 724 285; x_wconf 87' lang='lat' dir='ltr'>rerum</span> <span class='ocrx_word' id='word_1_9' title='bbox 736 245 834 284; x_wconf 92' lang='lat' dir='ltr'>hinc</span> <span class='ocrx_word' id='word_1_10' title='bbox 845 247 969 295; x_wconf 87' lang='lat' dir='ltr'>atque</span> <span class='ocrx_word' id='word_1_11' title='bbox 984 245 1083 284; x_wconf 90' lang='lat' dir='ltr'>hinc</span> <span class='ocrx_word' id='word_1_12' title='bbox 1096 259 1184 285; x_wconf 88' lang='lat' dir='ltr'>sese</span> <span class='ocrx_word' id='word_1_13' title='bbox 1198 247 1418 288; x_wconf 77' lang='lat' dir='ltr'>confertim</span> <span class='ocrx_word' id='word_1_14' title='bbox 1436 248 1699 289; x_wconf 87' lang='lat' dir='ltr'>offerentium</span> 
     </span>
     <span class='ocr_line' id='line_1_3' title="bbox 103 307 1700 362; baseline 0.003 -12"><span class='ocrx_word' id='word_1_15' title='bbox 103 311 219 362; x_wconf 88' lang='lat' dir='ltr'>copia</span> <span class='ocrx_word' id='word_1_16' title='bbox 242 311 374 350; x_wconf 86' lang='lat' dir='ltr'>veluti</span> <span class='ocrx_word' id='word_1_17' title='bbox 399 311 585 350; x_wconf 89' lang='lat' dir='ltr'>obruaris</span> <span class='ocrx_word' id='word_1_18' title='bbox 612 324 658 350; x_wconf 83' lang='lat' dir='ltr'>ac</span> <span class='ocrx_word' id='word_1_19' title='bbox 683 309 929 360; x_wconf 77' lang='lat' dir='ltr'>degraueriS,</span> <span class='ocrx_word' id='word_1_20' title='bbox 952 323 1084 361; x_wconf 91' lang='lat' dir='ltr'>neque</span> <span class='ocrx_word' id='word_1_21' title='bbox 1108 312 1258 351; x_wconf 86' lang='lat' dir='ltr'>sinaris</span> <span class='ocrx_word' id='word_1_22' title='bbox 1282 327 1454 352; x_wconf 89' lang='lat' dir='ltr'>manum</span> <span class='ocrx_word' id='word_1_23' title='bbox 1480 307 1529 353; x_wconf 80' lang='lat' dir='ltr'>de</span> <span class='ocrx_word' id='word_1_24' title='bbox 1558 315 1700 354; x_wconf 89' lang='lat' dir='ltr'>tabula</span> 
     </span>
     <span class='ocr_line' id='line_1_4' title="bbox 106 374 1701 431; baseline 0.003 -16"><span class='ocrx_word' id='word_1_25' title='bbox 106 375 261 431; x_wconf 49' lang='lat' dir='ltr'>tollere,</span> <span class='ocrx_word' id='word_1_26' title='bbox 306 378 447 426; x_wconf 83' lang='lat' dir='ltr'>Atque</span> <span class='ocrx_word' id='word_1_27' title='bbox 465 375 524 415; x_wconf 90' lang='lat' dir='ltr'>ita</span> <span class='ocrx_word' id='word_1_28' title='bbox 543 375 691 414; x_wconf 84' lang='lat' dir='ltr'>accidit</span> <span class='ocrx_word' id='word_1_29' title='bbox 709 374 897 414; x_wconf 77' lang='lat' dir='ltr'>fortassis</span> <span class='ocrx_word' id='word_1_30' title='bbox 910 377 958 414; x_wconf 82' lang='lat' dir='ltr'>vt</span> <span class='ocrx_word' id='word_1_31' title='bbox 979 374 1106 415; x_wconf 87' lang='lat' dir='ltr'>lector</span> <span class='ocrx_word' id='word_1_32' title='bbox 1127 390 1200 416; x_wconf 89' lang='lat' dir='ltr'>ceu</span> <span class='ocrx_word' id='word_1_33' title='bbox 1217 378 1395 417; x_wconf 88' lang='lat' dir='ltr'>conuiua</span> <span class='ocrx_word' id='word_1_34' title='bbox 1413 379 1701 419; x_wconf 89' lang='lat' dir='ltr'>fastidiosulus</span> 
     </span>
     <span class='ocr_line' id='line_1_5' title="bbox 104 439 1703 491; baseline 0.003 -12"><span class='ocrx_word' id='word_1_35' title='bbox 104 440 257 480; x_wconf 88' lang='lat' dir='ltr'>alicubi</span> <span class='ocrx_word' id='word_1_36' title='bbox 293 441 466 479; x_wconf 89' lang='lat' dir='ltr'>modum</span> <span class='ocrx_word' id='word_1_37' title='bbox 502 442 721 491; x_wconf 85' lang='lat' dir='ltr'>apparatus</span> <span class='ocrx_word' id='word_1_38' title='bbox 762 439 807 479; x_wconf 89' lang='lat' dir='ltr'>in</span> <span class='ocrx_word' id='word_1_39' title='bbox 844 441 886 478; x_wconf 87' lang='lat' dir='ltr'>te</span> <span class='ocrx_word' id='word_1_40' title='bbox 925 439 1150 490; x_wconf 86' lang='lat' dir='ltr'>desyderet.</span> <span class='ocrx_word' id='word_1_41' title='bbox 1217 443 1285 482; x_wconf 90' lang='lat' dir='ltr'>Ad</span> <span class='ocrx_word' id='word_1_42' title='bbox 1322 443 1422 482; x_wconf 92' lang='lat' dir='ltr'>haec</span> <span class='ocrx_word' id='word_1_43' title='bbox 1460 458 1555 484; x_wconf 88' lang='lat' dir='ltr'>cum</span> <span class='ocrx_word' id='word_1_44' title='bbox 1593 445 1703 484; x_wconf 91' lang='lat' dir='ltr'>nihil</span> 
     </span>
     <span class='ocr_line' id='line_1_6' title="bbox 104 504 1701 560; baseline 0.002 -14"><span class='ocrx_word' id='word_1_45' title='bbox 104 519 281 556; x_wconf 86' lang='lat' dir='ltr'>vsquam</span> <span class='ocrx_word' id='word_1_46' title='bbox 309 519 396 544; x_wconf 91' lang='lat' dir='ltr'>esse</span> <span class='ocrx_word' id='word_1_47' title='bbox 425 505 606 555; x_wconf 88' lang='lat' dir='ltr'>patiaris,</span> <span class='ocrx_word' id='word_1_48' title='bbox 634 518 707 544; x_wconf 90' lang='lat' dir='ltr'>nec</span> <span class='ocrx_word' id='word_1_49' title='bbox 734 504 781 543; x_wconf 91' lang='lat' dir='ltr'>in</span> <span class='ocrx_word' id='word_1_50' title='bbox 809 504 933 543; x_wconf 88' lang='lat' dir='ltr'>rebus</span> <span class='ocrx_word' id='word_1_51' title='bbox 962 518 1037 543; x_wconf 88' lang='lat' dir='ltr'>nec</span> <span class='ocrx_word' id='word_1_52' title='bbox 1066 506 1110 544; x_wconf 91' lang='lat' dir='ltr'>in</span> <span class='ocrx_word' id='word_1_53' title='bbox 1137 507 1286 556; x_wconf 86' lang='lat' dir='ltr'>verbis,</span> <span class='ocrx_word' id='word_1_54' title='bbox 1314 509 1422 558; x_wconf 91' lang='lat' dir='ltr'>quod</span> <span class='ocrx_word' id='word_1_55' title='bbox 1452 523 1547 548; x_wconf 89' lang='lat' dir='ltr'>cum</span> <span class='ocrx_word' id='word_1_56' title='bbox 1574 509 1701 560; x_wconf 86' lang='lat' dir='ltr'>vulgo</span> 
     </span>
     <span class='ocr_line' id='line_1_7' title="bbox 105 569 1701 625; baseline 0.003 -15"><span class='ocrx_word' id='word_1_57' title='bbox 105 571 324 622; x_wconf 88' lang='lat' dir='ltr'>triuiisque</span> <span class='ocrx_word' id='word_1_58' title='bbox 337 570 415 610; x_wconf 92' lang='lat' dir='ltr'>tibi</span> <span class='ocrx_word' id='word_1_59' title='bbox 430 583 649 609; x_wconf 90' lang='lat' dir='ltr'>commune</span> <span class='ocrx_word' id='word_1_60' title='bbox 669 569 733 618; x_wconf 88' lang='lat' dir='ltr'>sit,</span> <span class='ocrx_word' id='word_1_61' title='bbox 747 570 825 608; x_wconf 90' lang='lat' dir='ltr'>hoc</span> <span class='ocrx_word' id='word_1_62' title='bbox 840 571 904 608; x_wconf 89' lang='lat' dir='ltr'>est</span> <span class='ocrx_word' id='word_1_63' title='bbox 918 571 1028 620; x_wconf 92' lang='lat' dir='ltr'>quod</span> <span class='ocrx_word' id='word_1_64' title='bbox 1043 584 1128 610; x_wconf 94' lang='lat' dir='ltr'>non</span> <span class='ocrx_word' id='word_1_65' title='bbox 1145 572 1309 622; x_wconf 82' lang='lat' dir='ltr'>insigne</span> <span class='ocrx_word' id='word_1_66' title='bbox 1325 575 1380 612; x_wconf 90' lang='lat' dir='ltr'>sit</span> <span class='ocrx_word' id='word_1_67' title='bbox 1394 575 1436 612; x_wconf 91' lang='lat' dir='ltr'>et</span> <span class='ocrx_word' id='word_1_68' title='bbox 1449 575 1701 625; x_wconf 85' lang='lat' dir='ltr'>exquisitum</span> 
     </span>
     <span class='ocr_line' id='line_1_8' title="bbox 105 634 1700 689; baseline 0.003 -14"><span class='ocrx_word' id='word_1_69' title='bbox 105 650 208 687; x_wconf 88' lang='lat' dir='ltr'>eque</span> <span class='ocrx_word' id='word_1_70' title='bbox 226 635 499 687; x_wconf 77' lang='lat' dir='ltr'>penitissimis</span> <span class='ocrx_word' id='word_1_71' title='bbox 525 634 738 674; x_wconf 85' lang='lat' dir='ltr'><strong>Musarum</strong></span> <span class='ocrx_word' id='word_1_72' title='bbox 764 635 904 685; x_wconf 85' lang='lat' dir='ltr'>adytis</span> <span class='ocrx_word' id='word_1_73' title='bbox 930 635 1235 687; x_wconf 85' lang='lat' dir='ltr'>depromptum,</span> <span class='ocrx_word' id='word_1_74' title='bbox 1256 651 1465 689; x_wconf 87' lang='lat' dir='ltr'>nusquam</span> <span class='ocrx_word' id='word_1_75' title='bbox 1490 640 1700 689; x_wconf 87' lang='lat' dir='ltr'>remissus,</span> 
     </span>
     <span class='ocr_line' id='line_1_9' title="bbox 106 700 1701 752; baseline 0.003 -12"><span class='ocrx_word' id='word_1_76' title='bbox 106 714 313 752; x_wconf 85' lang='lat' dir='ltr'>nusquam</span> <span class='ocrx_word' id='word_1_77' title='bbox 332 701 522 750; x_wconf 83' lang='lat' dir='ltr'>oscitans,</span> <span class='ocrx_word' id='word_1_78' title='bbox 543 700 615 740; x_wconf 88' lang='lat' dir='ltr'>sed</span> <span class='ocrx_word' id='word_1_79' title='bbox 634 712 798 750; x_wconf 83' lang='lat' dir='ltr'>semper</span> <span class='ocrx_word' id='word_1_80' title='bbox 816 713 970 751; x_wconf 78' lang='lat' dir='ltr'>Vrgens</span> <span class='ocrx_word' id='word_1_81' title='bbox 994 701 1036 739; x_wconf 86' lang='lat' dir='ltr'>et</span> <span class='ocrx_word' id='word_1_82' title='bbox 1059 701 1223 741; x_wconf 88' lang='lat' dir='ltr'>instans</span> <span class='ocrx_word' id='word_1_83' title='bbox 1241 703 1322 741; x_wconf 88' lang='lat' dir='ltr'>tibi</span> <span class='ocrx_word' id='word_1_84' title='bbox 1338 717 1347 751; x_wconf 76' lang='grc' dir='ltr'><strong><em>ς</em></strong></span> <span class='ocrx_word' id='word_1_85' title='bbox 1376 704 1468 743; x_wconf 89' lang='lat' dir='ltr'>fieri</span> <span class='ocrx_word' id='word_1_86' title='bbox 1487 718 1701 744; x_wconf 83' lang='lat' dir='ltr'>necessum</span> 
     </span>
     <span class='ocr_line' id='line_1_10' title="bbox 106 765 1702 818; baseline 0.003 -13"><span class='ocrx_word' id='word_1_87' title='bbox 106 769 168 805; x_wconf 90' lang='lat' dir='ltr'>est</span> <span class='ocrx_word' id='word_1_88' title='bbox 185 767 233 806; x_wconf 87' lang='lat' dir='ltr'>vt</span> <span class='ocrx_word' id='word_1_89' title='bbox 255 780 341 805; x_wconf 88' lang='lat' dir='ltr'>non</span> <span class='ocrx_word' id='word_1_90' title='bbox 361 769 516 805; x_wconf 87' lang='lat' dir='ltr'>temere</span> <span class='ocrx_word' id='word_1_91' title='bbox 541 765 626 805; x_wconf 90' lang='lat' dir='ltr'>tuis</span> <span class='ocrx_word' id='word_1_92' title='bbox 652 765 889 814; x_wconf 80' lang='lat' dir='ltr'>delectetur,</span> <span class='ocrx_word' id='word_1_93' title='bbox 912 766 994 805; x_wconf 90' lang='lat' dir='ltr'>nisi</span> <span class='ocrx_word' id='word_1_94' title='bbox 1018 765 1148 806; x_wconf 89' lang='lat' dir='ltr'>lector</span> <span class='ocrx_word' id='word_1_95' title='bbox 1173 769 1333 818; x_wconf 87' lang='lat' dir='ltr'>egregie</span> <span class='ocrx_word' id='word_1_96' title='bbox 1353 769 1496 808; x_wconf 90' lang='lat' dir='ltr'>doctus</span> <span class='ocrx_word' id='word_1_97' title='bbox 1523 772 1564 809; x_wconf 87' lang='lat' dir='ltr'>et</span> <span class='ocrx_word' id='word_1_98' title='bbox 1591 771 1702 809; x_wconf 88' lang='lat' dir='ltr'>idem</span> 
     </span>
     <span class='ocr_line' id='line_1_11' title="bbox 106 830 1705 884; baseline 0.001 -13"><span class='ocrx_word' id='word_1_99' title='bbox 106 831 266 871; x_wconf 87' lang='lat' dir='ltr'>ociosus</span> <span class='ocrx_word' id='word_1_100' title='bbox 299 845 376 870; x_wconf 89' lang='lat' dir='ltr'>nec</span> <span class='ocrx_word' id='word_1_101' title='bbox 410 831 550 870; x_wconf 90' lang='lat' dir='ltr'>minus</span> <span class='ocrx_word' id='word_1_102' title='bbox 583 830 753 869; x_wconf 86' lang='lat' dir='ltr'>interim</span> <span class='ocrx_word' id='word_1_103' title='bbox 787 831 982 877; x_wconf 81' lang='lat' dir='ltr'>attentus,</span> <span class='ocrx_word' id='word_1_104' title='bbox 1016 833 1141 882; x_wconf 91' lang='lat' dir='ltr'>atque</span> <span class='ocrx_word' id='word_1_105' title='bbox 1178 832 1215 871; x_wconf 90' lang='lat' dir='ltr'>is</span> <span class='ocrx_word' id='word_1_106' title='bbox 1252 833 1348 884; x_wconf 91' lang='lat' dir='ltr'>plus</span> <span class='ocrx_word' id='word_1_107' title='bbox 1385 847 1510 884; x_wconf 83' lang='lat' dir='ltr'>prope</span> <span class='ocrx_word' id='word_1_108' title='bbox 1547 834 1705 873; x_wconf 88' lang='lat' dir='ltr'>laboret</span> 
     </span>
     <span class='ocr_line' id='line_1_12' title="bbox 106 895 1705 947; baseline 0.002 -12"><span class='ocrx_word' id='word_1_109' title='bbox 106 897 280 947; x_wconf 87' lang='lat' dir='ltr'>legendo</span> <span class='ocrx_word' id='word_1_110' title='bbox 317 909 443 947; x_wconf 89' lang='lat' dir='ltr'>quam</span> <span class='ocrx_word' id='word_1_111' title='bbox 478 898 526 935; x_wconf 92' lang='lat' dir='ltr'>tu</span> <span class='ocrx_word' id='word_1_112' title='bbox 565 895 790 935; x_wconf 91' lang='lat' dir='ltr'>scribendo.</span> <span class='ocrx_word' id='word_1_113' title='bbox 866 895 974 934; x_wconf 86' lang='lat' dir='ltr'>Nam</span> <span class='ocrx_word' id='word_1_114' title='bbox 1013 896 1092 935; x_wconf 92' lang='lat' dir='ltr'>tibi</span> <span class='ocrx_word' id='word_1_115' title='bbox 1130 897 1298 947; x_wconf 92' lang='lat' dir='ltr'>quidem</span> <span class='ocrx_word' id='word_1_116' title='bbox 1336 911 1428 937; x_wconf 90' lang='lat' dir='ltr'>eam</span> <span class='ocrx_word' id='word_1_117' title='bbox 1464 899 1705 938; x_wconf 83' lang='lat' dir='ltr'>facultatem</span> 
     </span>
     <span class='ocr_line' id='line_1_13' title="bbox 107 960 1706 1014; baseline 0.001 -13"><span class='ocrx_word' id='word_1_118' title='bbox 107 962 297 1001; x_wconf 90' lang='lat' dir='ltr'>diutinus</span> <span class='ocrx_word' id='word_1_119' title='bbox 314 963 398 1000; x_wconf 88' lang='lat' dir='ltr'>iam</span> <span class='ocrx_word' id='word_1_120' title='bbox 419 963 460 1000; x_wconf 92' lang='lat' dir='ltr'>et</span> <span class='ocrx_word' id='word_1_121' title='bbox 478 960 764 1001; x_wconf 83' lang='lat' dir='ltr'>exactissimus</span> <span class='ocrx_word' id='word_1_122' title='bbox 783 960 948 1000; x_wconf 87' lang='lat' dir='ltr'>dicendi</span> <span class='ocrx_word' id='word_1_123' title='bbox 971 961 1260 1012; x_wconf 87' lang='lat' dir='ltr'>scribendique</span> <span class='ocrx_word' id='word_1_124' title='bbox 1279 976 1378 1002; x_wconf 81' lang='lat' dir='ltr'>vsus</span> <span class='ocrx_word' id='word_1_125' title='bbox 1402 964 1570 1014; x_wconf 88' lang='lat' dir='ltr'>peperit,</span> <span class='ocrx_word' id='word_1_126' title='bbox 1594 966 1640 1003; x_wconf 89' lang='lat' dir='ltr'>vt</span> <span class='ocrx_word' id='word_1_127' title='bbox 1659 977 1706 1002; x_wconf 84' lang='lat' dir='ltr'>ea</span> 
     </span>
     <span class='ocr_line' id='line_1_14' title="bbox 110 1025 1706 1078; baseline 0.001 -13"><span class='ocrx_word' id='word_1_128' title='bbox 110 1041 272 1078; x_wconf 91' lang='lat' dir='ltr'>quoque</span> <span class='ocrx_word' id='word_1_129' title='bbox 298 1027 379 1065; x_wconf 90' lang='lat' dir='ltr'>tibi</span> <span class='ocrx_word' id='word_1_130' title='bbox 403 1027 505 1067; x_wconf 89' lang='lat' dir='ltr'>citra</span> <span class='ocrx_word' id='word_1_131' title='bbox 530 1039 670 1066; x_wconf 85' lang='lat' dir='ltr'>curam</span> <span class='ocrx_word' id='word_1_132' title='bbox 696 1025 829 1064; x_wconf 87' lang='lat' dir='ltr'>fluant</span> <span class='ocrx_word' id='word_1_133' title='bbox 854 1039 958 1076; x_wconf 89' lang='lat' dir='ltr'>quae</span> <span class='ocrx_word' id='word_1_134' title='bbox 986 1026 1108 1066; x_wconf 90' lang='lat' dir='ltr'>nobis</span> <span class='ocrx_word' id='word_1_135' title='bbox 1136 1040 1290 1078; x_wconf 90' lang='lat' dir='ltr'>magno</span> <span class='ocrx_word' id='word_1_136' title='bbox 1319 1028 1458 1067; x_wconf 90' lang='lat' dir='ltr'>studio</span> <span class='ocrx_word' id='word_1_137' title='bbox 1486 1030 1706 1068; x_wconf 86' lang='lat' dir='ltr'>videantur</span> 
     </span>
     <span class='ocr_line' id='line_1_15' title="bbox 108 1092 325 1132; baseline 0.005 -1"><span class='ocrx_word' id='word_1_138' title='bbox 108 1092 325 1132; x_wconf 83' lang='lat' dir='ltr'>elaborata.</span> 
     </span>
    </p>

    <p class='ocr_par' dir='ltr' id='par_1_3' title="bbox 109 1156 1710 1925">
     <span class='ocr_line' id='line_1_16' title="bbox 165 1156 1702 1208; baseline 0.001 -12"><span class='ocrx_word' id='word_1_139' title='bbox 165 1157 258 1197; x_wconf 91' lang='lat' dir='ltr'>Iam</span> <span class='ocrx_word' id='word_1_140' title='bbox 281 1156 572 1196; x_wconf 88' lang='lat' dir='ltr'>animaduerto</span> <span class='ocrx_word' id='word_1_141' title='bbox 600 1158 641 1195; x_wconf 91' lang='lat' dir='ltr'>te</span> <span class='ocrx_word' id='word_1_142' title='bbox 668 1156 923 1207; x_wconf 84' lang='lat' dir='ltr'>metaphoris</span> <span class='ocrx_word' id='word_1_143' title='bbox 945 1169 991 1195; x_wconf 90' lang='lat' dir='ltr'>ac</span> <span class='ocrx_word' id='word_1_144' title='bbox 1019 1157 1226 1207; x_wconf 89' lang='lat' dir='ltr'>parabolis</span> <span class='ocrx_word' id='word_1_145' title='bbox 1254 1159 1467 1208; x_wconf 86' lang='lat' dir='ltr'>impendio</span> <span class='ocrx_word' id='word_1_146' title='bbox 1497 1159 1702 1208; x_wconf 85' lang='lat' dir='ltr'>delectari,</span> 
     </span>
     <span class='ocr_line' id='line_1_17' title="bbox 111 1221 1706 1275; baseline 0.002 -14"><span class='ocrx_word' id='word_1_147' title='bbox 111 1235 212 1273; x_wconf 89' lang='lat' dir='ltr'>quas</span> <span class='ocrx_word' id='word_1_148' title='bbox 239 1222 367 1262; x_wconf 87' lang='lat' dir='ltr'>habes</span> <span class='ocrx_word' id='word_1_149' title='bbox 394 1222 631 1272; x_wconf 85' lang='lat' dir='ltr'>plaerasque</span> <span class='ocrx_word' id='word_1_150' title='bbox 658 1221 762 1260; x_wconf 89' lang='lat' dir='ltr'>mire</span> <span class='ocrx_word' id='word_1_151' title='bbox 790 1235 902 1261; x_wconf 88' lang='lat' dir='ltr'>raras</span> <span class='ocrx_word' id='word_1_152' title='bbox 930 1224 970 1260; x_wconf 92' lang='lat' dir='ltr'>et</span> <span class='ocrx_word' id='word_1_153' title='bbox 998 1222 1222 1273; x_wconf 84' lang='lat' dir='ltr'>insigniter</span> <span class='ocrx_word' id='word_1_154' title='bbox 1249 1226 1443 1274; x_wconf 90' lang='lat' dir='ltr'>argutas;</span> <span class='ocrx_word' id='word_1_155' title='bbox 1482 1225 1553 1264; x_wconf 87' lang='lat' dir='ltr'>sed</span> <span class='ocrx_word' id='word_1_156' title='bbox 1582 1238 1706 1275; x_wconf 89' lang='lat' dir='ltr'>quam</span> 
     </span>
     <span class='ocr_line' id='line_1_18' title="bbox 109 1286 1706 1338; baseline 0.001 -11"><span class='ocrx_word' id='word_1_157' title='bbox 109 1287 239 1328; x_wconf 81' lang='lat' dir='ltr'>semel</span> <span class='ocrx_word' id='word_1_158' title='bbox 271 1288 487 1338; x_wconf 84' lang='lat' dir='ltr'>amplexus</span> <span class='ocrx_word' id='word_1_159' title='bbox 517 1286 584 1336; x_wconf 86' lang='lat' dir='ltr'>sis,</span> <span class='ocrx_word' id='word_1_160' title='bbox 617 1286 667 1325; x_wconf 91' lang='lat' dir='ltr'>ab</span> <span class='ocrx_word' id='word_1_161' title='bbox 697 1299 744 1325; x_wconf 84' lang='lat' dir='ltr'>ea</span> <span class='ocrx_word' id='word_1_162' title='bbox 771 1287 843 1326; x_wconf 84' lang='lat' dir='ltr'>vix</span> <span class='ocrx_word' id='word_1_163' title='bbox 870 1300 1057 1337; x_wconf 86' lang='lat' dir='ltr'>vnquam</span> <span class='ocrx_word' id='word_1_164' title='bbox 1087 1287 1233 1327; x_wconf 88' lang='lat' dir='ltr'>diuelli</span> <span class='ocrx_word' id='word_1_165' title='bbox 1262 1290 1406 1338; x_wconf 90' lang='lat' dir='ltr'>potes:</span> <span class='ocrx_word' id='word_1_166' title='bbox 1446 1290 1555 1328; x_wconf 86' lang='lat' dir='ltr'>vnde</span> <span class='ocrx_word' id='word_1_167' title='bbox 1583 1290 1632 1329; x_wconf 92' lang='lat' dir='ltr'>fit</span> <span class='ocrx_word' id='word_1_168' title='bbox 1660 1291 1706 1329; x_wconf 89' lang='lat' dir='ltr'>vt</span> 
     </span>
     <span class='ocr_line' id='line_1_19' title="bbox 110 1352 1707 1404; baseline 0.001 -12"><span class='ocrx_word' id='word_1_169' title='bbox 110 1366 205 1392; x_wconf 89' lang='lat' dir='ltr'>cum</span> <span class='ocrx_word' id='word_1_170' title='bbox 224 1354 337 1392; x_wconf 85' lang='lat' dir='ltr'>totus</span> <span class='ocrx_word' id='word_1_171' title='bbox 357 1365 491 1391; x_wconf 91' lang='lat' dir='ltr'>sermo</span> <span class='ocrx_word' id='word_1_172' title='bbox 517 1365 732 1403; x_wconf 84' lang='lat' dir='ltr'>gemmeus</span> <span class='ocrx_word' id='word_1_173' title='bbox 757 1352 812 1391; x_wconf 89' lang='lat' dir='ltr'>sit</span> <span class='ocrx_word' id='word_1_174' title='bbox 838 1353 979 1402; x_wconf 89' lang='lat' dir='ltr'>potius</span> <span class='ocrx_word' id='word_1_175' title='bbox 1006 1366 1130 1402; x_wconf 86' lang='lat' dir='ltr'>quam</span> <span class='ocrx_word' id='word_1_176' title='bbox 1156 1354 1334 1403; x_wconf 87' lang='lat' dir='ltr'>gemmis</span> <span class='ocrx_word' id='word_1_177' title='bbox 1354 1353 1584 1404; x_wconf 83' lang='lat' dir='ltr'>distinctus,</span> <span class='ocrx_word' id='word_1_178' title='bbox 1607 1368 1707 1393; x_wconf 91' lang='lat' dir='ltr'>non-</span> 
     </span>
     <span class='ocr_line' id='line_1_20' title="bbox 109 1417 1707 1470; baseline 0.001 -13"><span class='ocrx_word' id='word_1_179' title='bbox 109 1417 217 1457; x_wconf 89' lang='lat' dir='ltr'>nihil</span> <span class='ocrx_word' id='word_1_180' title='bbox 246 1417 436 1457; x_wconf 86' lang='lat' dir='ltr'>videatur</span> <span class='ocrx_word' id='word_1_181' title='bbox 469 1431 492 1456; x_wconf 92' lang='lat' dir='ltr'>a</span> <span class='ocrx_word' id='word_1_182' title='bbox 524 1417 706 1456; x_wconf 88' lang='lat' dir='ltr'>naturali</span> <span class='ocrx_word' id='word_1_183' title='bbox 736 1417 1005 1467; x_wconf 87' lang='lat' dir='ltr'>simplicitate</span> <span class='ocrx_word' id='word_1_184' title='bbox 1037 1417 1233 1457; x_wconf 85' lang='lat' dir='ltr'>recedere.</span> <span class='ocrx_word' id='word_1_185' title='bbox 1292 1419 1426 1470; x_wconf 89' lang='lat' dir='ltr'>Atqui</span> <span class='ocrx_word' id='word_1_186' title='bbox 1459 1433 1553 1458; x_wconf 89' lang='lat' dir='ltr'>cum</span> <span class='ocrx_word' id='word_1_187' title='bbox 1583 1420 1628 1458; x_wconf 93' lang='lat' dir='ltr'>in</span> <span class='ocrx_word' id='word_1_188' title='bbox 1655 1419 1707 1458; x_wconf 89' lang='lat' dir='ltr'>iis</span> 
     </span>
     <span class='ocr_line' id='line_1_21' title="bbox 110 1482 1708 1534; baseline -0.001 -12"><span class='ocrx_word' id='word_1_189' title='bbox 110 1495 213 1534; x_wconf 89' lang='lat' dir='ltr'>quae</span> <span class='ocrx_word' id='word_1_190' title='bbox 232 1483 424 1522; x_wconf 86' lang='lat' dir='ltr'>constant</span> <span class='ocrx_word' id='word_1_191' title='bbox 442 1482 618 1521; x_wconf 88' lang='lat' dir='ltr'>artificio</span> <span class='ocrx_word' id='word_1_192' title='bbox 637 1482 741 1521; x_wconf 88' lang='lat' dir='ltr'>alios</span> <span class='ocrx_word' id='word_1_193' title='bbox 759 1482 838 1521; x_wconf 86' lang='lat' dir='ltr'>alia</span> <span class='ocrx_word' id='word_1_194' title='bbox 858 1482 1029 1533; x_wconf 89' lang='lat' dir='ltr'>capiant,</span> <span class='ocrx_word' id='word_1_195' title='bbox 1052 1483 1162 1533; x_wconf 91' lang='lat' dir='ltr'>quod</span> <span class='ocrx_word' id='word_1_196' title='bbox 1185 1484 1379 1523; x_wconf 89' lang='lat' dir='ltr'>natiuum</span> <span class='ocrx_word' id='word_1_197' title='bbox 1399 1485 1464 1533; x_wconf 88' lang='lat' dir='ltr'>sit,</span> <span class='ocrx_word' id='word_1_198' title='bbox 1486 1484 1529 1523; x_wconf 90' lang='lat' dir='ltr'>id</span> <span class='ocrx_word' id='word_1_199' title='bbox 1549 1485 1708 1524; x_wconf 82' lang='lat' dir='ltr'>occulta.</span> 
     </span>
     <span class='ocr_line' id='line_1_22' title="bbox 110 1547 1707 1600; baseline 0.001 -13"><span class='ocrx_word' id='word_1_200' title='bbox 110 1548 289 1599; x_wconf 85' lang='lat' dir='ltr'>quadam</span> <span class='ocrx_word' id='word_1_201' title='bbox 321 1548 366 1587; x_wconf 82' lang='lat' dir='ltr'>vi</span> <span class='ocrx_word' id='word_1_202' title='bbox 394 1548 531 1598; x_wconf 89' lang='lat' dir='ltr'>tangit</span> <span class='ocrx_word' id='word_1_203' title='bbox 560 1549 602 1586; x_wconf 93' lang='lat' dir='ltr'>et</span> <span class='ocrx_word' id='word_1_204' title='bbox 631 1547 762 1586; x_wconf 85' lang='lat' dir='ltr'>allicit</span> <span class='ocrx_word' id='word_1_205' title='bbox 793 1561 948 1597; x_wconf 89' lang='lat' dir='ltr'>omnes,</span> <span class='ocrx_word' id='word_1_206' title='bbox 980 1561 1055 1586; x_wconf 91' lang='lat' dir='ltr'>nec</span> <span class='ocrx_word' id='word_1_207' title='bbox 1085 1548 1207 1598; x_wconf 91' lang='lat' dir='ltr'>paulo</span> <span class='ocrx_word' id='word_1_208' title='bbox 1238 1549 1462 1589; x_wconf 88' lang='lat' dir='ltr'>iucundius</span> <span class='ocrx_word' id='word_1_209' title='bbox 1491 1550 1638 1600; x_wconf 86' lang='lat' dir='ltr'>irrepit</span> <span class='ocrx_word' id='word_1_210' title='bbox 1668 1553 1707 1588; x_wconf 89' lang='lat' dir='ltr'>et</span> 
     </span>
     <span class='ocr_line' id='line_1_23' title="bbox 110 1612 1709 1665; baseline 0 -13"><span class='ocrx_word' id='word_1_211' title='bbox 110 1612 299 1653; x_wconf 85' lang='lat' dir='ltr'>illabitur</span> <span class='ocrx_word' id='word_1_212' title='bbox 323 1614 369 1652; x_wconf 91' lang='lat' dir='ltr'>in</span> <span class='ocrx_word' id='word_1_213' title='bbox 394 1613 555 1652; x_wconf 91' lang='lat' dir='ltr'>animos</span> <span class='ocrx_word' id='word_1_214' title='bbox 582 1612 805 1652; x_wconf 92' lang='lat' dir='ltr'>hominum</span> <span class='ocrx_word' id='word_1_215' title='bbox 833 1613 965 1652; x_wconf 88' lang='lat' dir='ltr'>veluti</span> <span class='ocrx_word' id='word_1_216' title='bbox 993 1616 1228 1664; x_wconf 87' lang='lat' dir='ltr'>cognatum.</span> <span class='ocrx_word' id='word_1_217' title='bbox 1289 1614 1398 1654; x_wconf 90' lang='lat' dir='ltr'>Nam</span> <span class='ocrx_word' id='word_1_218' title='bbox 1422 1615 1531 1665; x_wconf 92' lang='lat' dir='ltr'>quod</span> <span class='ocrx_word' id='word_1_219' title='bbox 1558 1614 1709 1665; x_wconf 82' lang='lat' dir='ltr'>vbique</span> 
     </span>
     <span class='ocr_line' id='line_1_24' title="bbox 111 1677 1708 1729; baseline 0.001 -12"><span class='ocrx_word' id='word_1_220' title='bbox 111 1680 207 1718; x_wconf 83' lang='grc' dir='ltr'>πάνυ</span> <span class='ocrx_word' id='word_1_221' title='bbox 227 1679 451 1729; x_wconf 80' lang='grc' dir='ltr'>φιλόπατρις</span> <span class='ocrx_word' id='word_1_222' title='bbox 478 1691 532 1727; x_wconf 91' lang='lat' dir='ltr'>es,</span> <span class='ocrx_word' id='word_1_223' title='bbox 556 1691 580 1717; x_wconf 89' lang='lat' dir='ltr'>a</span> <span class='ocrx_word' id='word_1_224' title='bbox 603 1677 753 1717; x_wconf 87' lang='lat' dir='ltr'>multis</span> <span class='ocrx_word' id='word_1_225' title='bbox 777 1677 891 1718; x_wconf 88' lang='lat' dir='ltr'>laudi</span> <span class='ocrx_word' id='word_1_226' title='bbox 917 1678 1096 1728; x_wconf 88' lang='lat' dir='ltr'>dabitur,</span> <span class='ocrx_word' id='word_1_227' title='bbox 1120 1693 1143 1718; x_wconf 90' lang='lat' dir='ltr'>a</span> <span class='ocrx_word' id='word_1_228' title='bbox 1169 1679 1337 1719; x_wconf 90' lang='lat' dir='ltr'>nemine</span> <span class='ocrx_word' id='word_1_229' title='bbox 1364 1694 1450 1719; x_wconf 90' lang='lat' dir='ltr'>non</span> <span class='ocrx_word' id='word_1_230' title='bbox 1473 1680 1593 1719; x_wconf 88' lang='lat' dir='ltr'>facile</span> <span class='ocrx_word' id='word_1_231' title='bbox 1619 1692 1708 1718; x_wconf 88' lang='lat' dir='ltr'>con-</span> 
     </span>
     <span class='ocr_line' id='line_1_25' title="bbox 113 1743 1710 1794; baseline -0.001 -10"><span class='ocrx_word' id='word_1_232' title='bbox 113 1743 360 1784; x_wconf 86' lang='lat' dir='ltr'>donabitur:</span> <span class='ocrx_word' id='word_1_233' title='bbox 391 1757 627 1794; x_wconf 86' lang='lat' dir='ltr'>quanquam</span> <span class='ocrx_word' id='word_1_234' title='bbox 647 1744 997 1793; x_wconf 86' lang='grc' dir='ltr'>φιλοσοφικώτερον</span> <span class='ocrx_word' id='word_1_235' title='bbox 1015 1746 1078 1782; x_wconf 90' lang='lat' dir='ltr'>est</span> <span class='ocrx_word' id='word_1_236' title='bbox 1097 1758 1191 1784; x_wconf 89' lang='lat' dir='ltr'>mea</span> <span class='ocrx_word' id='word_1_237' title='bbox 1211 1746 1420 1784; x_wconf 90' lang='lat' dir='ltr'>sententia</span> <span class='ocrx_word' id='word_1_238' title='bbox 1439 1745 1497 1783; x_wconf 91' lang='lat' dir='ltr'>sic</span> <span class='ocrx_word' id='word_1_239' title='bbox 1518 1745 1567 1783; x_wconf 91' lang='lat' dir='ltr'>de</span> <span class='ocrx_word' id='word_1_240' title='bbox 1588 1744 1710 1783; x_wconf 90' lang='lat' dir='ltr'>rebus</span> 
     </span>
     <span class='ocr_line' id='line_1_26' title="bbox 113 1808 1709 1860; baseline 0 -12"><span class='ocrx_word' id='word_1_241' title='bbox 113 1812 154 1848; x_wconf 89' lang='lat' dir='ltr'>et</span> <span class='ocrx_word' id='word_1_242' title='bbox 173 1808 416 1848; x_wconf 86' lang='lat' dir='ltr'>hominibus</span> <span class='ocrx_word' id='word_1_243' title='bbox 435 1822 564 1859; x_wconf 89' lang='lat' dir='ltr'>agere,</span> <span class='ocrx_word' id='word_1_244' title='bbox 585 1809 633 1847; x_wconf 83' lang='lat' dir='ltr'>vt</span> <span class='ocrx_word' id='word_1_245' title='bbox 657 1808 865 1847; x_wconf 89' lang='lat' dir='ltr'>mundum</span> <span class='ocrx_word' id='word_1_246' title='bbox 889 1808 1002 1847; x_wconf 92' lang='lat' dir='ltr'>hunc</span> <span class='ocrx_word' id='word_1_247' title='bbox 1024 1822 1291 1848; x_wconf 87' lang='lat' dir='ltr'>communem</span> <span class='ocrx_word' id='word_1_248' title='bbox 1318 1810 1509 1849; x_wconf 91' lang='lat' dir='ltr'>omnium</span> <span class='ocrx_word' id='word_1_249' title='bbox 1532 1809 1709 1860; x_wconf 87' lang='lat' dir='ltr'>patriam</span> 
     </span>
     <span class='ocr_line' id='line_1_27' title="bbox 114 1873 1710 1925; baseline -0.001 -10"><span class='ocrx_word' id='word_1_250' title='bbox 114 1888 201 1915; x_wconf 89' lang='lat' dir='ltr'>esse</span> <span class='ocrx_word' id='word_1_251' title='bbox 220 1874 432 1920; x_wconf 84' lang='lat' dir='ltr'>ducamus,</span> <span class='ocrx_word' id='word_1_252' title='bbox 451 1874 578 1912; x_wconf 87' lang='lat' dir='ltr'>etiam</span> <span class='ocrx_word' id='word_1_253' title='bbox 592 1873 628 1912; x_wconf 89' lang='lat' dir='ltr'>si</span> <span class='ocrx_word' id='word_1_254' title='bbox 642 1873 966 1923; x_wconf 86' lang='lat' dir='ltr'>pulcherrimam</span> <span class='ocrx_word' id='word_1_255' title='bbox 982 1874 1094 1912; x_wconf 90' lang='lat' dir='ltr'>orbis</span> <span class='ocrx_word' id='word_1_256' title='bbox 1110 1873 1339 1913; x_wconf 87' lang='lat' dir='ltr'>Christiani</span> <span class='ocrx_word' id='word_1_257' title='bbox 1353 1877 1513 1925; x_wconf 87' lang='lat' dir='ltr'>partem</span> <span class='ocrx_word' id='word_1_258' title='bbox 1531 1874 1710 1913; x_wconf 83' lang='lat' dir='ltr'>Galliam</span> 
     </span>
    </p>
   </div>
   <div class='ocr_carea' id='block_1_3' title="bbox 1722 325 1782 357">
    <p class='ocr_par' dir='ltr' id='par_1_4' title="bbox 1722 325 1782 357">
     <span class='ocr_line' id='line_1_28' title="bbox 1722 325 1782 357; baseline 0.017 -11"><span class='ocrx_word' id='word_1_259' title='bbox 1722 325 1782 357; x_wconf 69' lang='lat'>230</span> 
     </span>
    </p>
   </div>
   <div class='ocr_carea' id='block_1_4' title="bbox 1722 651 1781 683">
    <p class='ocr_par' dir='ltr' id='par_1_5' title="bbox 1722 651 1781 683">
     <span class='ocr_line' id='line_1_29' title="bbox 1722 651 1781 683; baseline 0.017 -1"><span class='ocrx_word' id='word_1_260' title='bbox 1722 651 1781 683; x_wconf 79' lang='lat'>²35</span> 
     </span>
    </p>
   </div>
   <div class='ocr_carea' id='block_1_5' title="bbox 1726 976 1787 1007">
    <p class='ocr_par' dir='ltr' id='par_1_6' title="bbox 1726 976 1787 1007">
     <span class='ocr_line' id='line_1_30' title="bbox 1726 976 1787 1007; baseline 0 -10"><span class='ocrx_word' id='word_1_261' title='bbox 1726 976 1787 1007; x_wconf 82' lang='lat'>240</span> 
     </span>
    </p>
   </div>
   <div class='ocr_carea' id='block_1_6' title="bbox 1728 1299 1786 1331">
    <p class='ocr_par' dir='ltr' id='par_1_7' title="bbox 1728 1299 1786 1331">
     <span class='ocr_line' id='line_1_31' title="bbox 1728 1299 1786 1331; baseline 0 0"><span class='ocrx_word' id='word_1_262' title='bbox 1728 1299 1786 1331; x_wconf 83' lang='lat'>245</span> 
     </span>
    </p>
   </div>
   <div class='ocr_carea' id='block_1_7' title="bbox 1728 1625 1791 1657">
    <p class='ocr_par' dir='ltr' id='par_1_8' title="bbox 1728 1625 1791 1657">
     <span class='ocr_line' id='line_1_32' title="bbox 1728 1625 1791 1657; baseline 0 -10"><span class='ocrx_word' id='word_1_263' title='bbox 1728 1625 1791 1657; x_wconf 79' lang='lat'>250</span> 
     </span>
    </p>
   </div>
   <div class='ocr_carea' id='block_1_8' title="bbox 113 1939 1788 1988">
    <p class='ocr_par' dir='ltr' id='par_1_9' title="bbox 113 1939 1788 1988">
     <span class='ocr_line' id='line_1_33' title="bbox 113 1939 1788 1988; baseline -0.001 -8"><span class='ocrx_word' id='word_1_264' title='bbox 113 1954 201 1980; x_wconf 85' lang='lat' dir='ltr'>esse</span> <span class='ocrx_word' id='word_1_265' title='bbox 233 1940 374 1978; x_wconf 86' lang='lat' dir='ltr'>fatear.</span> <span class='ocrx_word' id='word_1_266' title='bbox 431 1939 500 1977; x_wconf 92' lang='lat' dir='ltr'>Ad</span> <span class='ocrx_word' id='word_1_267' title='bbox 530 1939 640 1986; x_wconf 88' lang='lat' dir='ltr'>haec,</span> <span class='ocrx_word' id='word_1_268' title='bbox 674 1939 776 1977; x_wconf 91' lang='lat' dir='ltr'>dum</span> <span class='ocrx_word' id='word_1_269' title='bbox 808 1939 854 1976; x_wconf 92' lang='lat' dir='ltr'>in</span> <span class='ocrx_word' id='word_1_270' title='bbox 886 1940 1140 1988; x_wconf 85' lang='grc' dir='ltr'>παρεκβάσεις</span> <span class='ocrx_word' id='word_1_271' title='bbox 1174 1939 1478 1979; x_wconf 89' lang='lat' dir='ltr'>eruditissimas</span> <span class='ocrx_word' id='word_1_272' title='bbox 1513 1939 1639 1978; x_wconf 87' lang='lat' dir='ltr'>simul</span> <span class='ocrx_word' id='word_1_273' title='bbox 1670 1940 1712 1978; x_wconf 90' lang='lat' dir='ltr'>et</span> <span class='ocrx_word' id='word_1_274' title='bbox 1776 1953 1788 1960; x_wconf 84' lang='lat'>·</span> 
     </span>
    </p>
   </div>
   <div class='ocr_carea' id='block_1_9' title="bbox 114 2002 1715 2968">
    <p class='ocr_par' dir='ltr' id='par_1_10' title="bbox 114 2002 1715 2831">
     <span class='ocr_line' id='line_1_34' title="bbox 115 2002 1708 2055; baseline -0.002 -10"><span class='ocrx_word' id='word_1_275' title='bbox 115 2004 427 2045; x_wconf 87' lang='lat' dir='ltr'>amoenissimas</span> <span class='ocrx_word' id='word_1_276' title='bbox 464 2003 645 2043; x_wconf 88' lang='lat' dir='ltr'>crebrius</span> <span class='ocrx_word' id='word_1_277' title='bbox 683 2002 905 2054; x_wconf 84' lang='lat' dir='ltr'>expatiaris</span> <span class='ocrx_word' id='word_1_278' title='bbox 947 2005 989 2042; x_wconf 89' lang='lat' dir='ltr'>et</span> <span class='ocrx_word' id='word_1_279' title='bbox 1033 2005 1078 2043; x_wconf 91' lang='lat' dir='ltr'>in</span> <span class='ocrx_word' id='word_1_280' title='bbox 1115 2005 1182 2043; x_wconf 86' lang='lat' dir='ltr'>his</span> <span class='ocrx_word' id='word_1_281' title='bbox 1219 2005 1387 2055; x_wconf 86' lang='lat' dir='ltr'>longule</span> <span class='ocrx_word' id='word_1_282' title='bbox 1426 2005 1708 2052; x_wconf 87' lang='lat' dir='ltr'>commoraris,</span> 
     </span>
     <span class='ocr_line' id='line_1_35' title="bbox 114 2069 1712 2123; baseline -0.002 -12"><span class='ocrx_word' id='word_1_283' title='bbox 114 2072 344 2123; x_wconf 90' lang='lat' dir='ltr'>periculum</span> <span class='ocrx_word' id='word_1_284' title='bbox 359 2070 545 2109; x_wconf 87' lang='lat' dir='ltr'>fortassis</span> <span class='ocrx_word' id='word_1_285' title='bbox 564 2072 625 2108; x_wconf 89' lang='lat' dir='ltr'>est</span> <span class='ocrx_word' id='word_1_286' title='bbox 644 2083 697 2108; x_wconf 89' lang='lat' dir='ltr'>ne</span> <span class='ocrx_word' id='word_1_287' title='bbox 717 2069 810 2119; x_wconf 90' lang='lat' dir='ltr'>quis</span> <span class='ocrx_word' id='word_1_288' title='bbox 828 2069 1030 2109; x_wconf 86' lang='lat' dir='ltr'>morosior</span> <span class='ocrx_word' id='word_1_289' title='bbox 1049 2071 1110 2109; x_wconf 92' lang='lat' dir='ltr'>ita</span> <span class='ocrx_word' id='word_1_290' title='bbox 1131 2083 1272 2109; x_wconf 89' lang='lat' dir='ltr'>secum</span> <span class='ocrx_word' id='word_1_291' title='bbox 1293 2071 1465 2122; x_wconf 81' lang='lat' dir='ltr'>cogitet:</span> <span class='ocrx_word' id='word_1_292' title='bbox 1494 2070 1712 2110; x_wconf 80' lang='lat' dir='ltr'>Praeclara</span> 
     </span>
     <span class='ocr_line' id='line_1_36' title="bbox 115 2135 1712 2189; baseline -0.003 -12"><span class='ocrx_word' id='word_1_293' title='bbox 115 2137 285 2189; x_wconf 89' lang='lat' dir='ltr'>quidem</span> <span class='ocrx_word' id='word_1_294' title='bbox 304 2137 403 2175; x_wconf 88' lang='lat' dir='ltr'>haec</span> <span class='ocrx_word' id='word_1_295' title='bbox 422 2139 463 2174; x_wconf 92' lang='lat' dir='ltr'>et</span> <span class='ocrx_word' id='word_1_296' title='bbox 483 2135 709 2186; x_wconf 86' lang='lat' dir='ltr'>splendida,</span> <span class='ocrx_word' id='word_1_297' title='bbox 733 2135 804 2174; x_wconf 92' lang='lat' dir='ltr'>sed</span> <span class='ocrx_word' id='word_1_298' title='bbox 825 2137 872 2174; x_wconf 88' lang='lat' dir='ltr'>vt</span> <span class='ocrx_word' id='word_1_299' title='bbox 900 2135 1001 2174; x_wconf 89' lang='lat' dir='ltr'>olim</span> <span class='ocrx_word' id='word_1_300' title='bbox 1027 2137 1067 2174; x_wconf 86' lang='grc' dir='ltr'>τί</span> <span class='ocrx_word' id='word_1_301' title='bbox 1087 2139 1204 2175; x_wconf 82' lang='grc' dir='ltr'>ταῦτα</span> <span class='ocrx_word' id='word_1_302' title='bbox 1229 2137 1321 2187; x_wconf 85' lang='grc' dir='ltr'>πρὸς</span> <span class='ocrx_word' id='word_1_303' title='bbox 1343 2138 1408 2176; x_wconf 87' lang='grc' dir='ltr'>τὸν</span> <span class='ocrx_word' id='word_1_304' title='bbox 1434 2137 1630 2185; x_wconf 84' lang='grc' dir='ltr'>Διόνυσον,</span> <span class='ocrx_word' id='word_1_305' title='bbox 1651 2136 1712 2174; x_wconf 87' lang='lat' dir='ltr'>ita</span> 
     </span>
     <span class='ocr_line' id='line_1_37' title="bbox 115 2200 1712 2255; baseline -0.003 -13"><span class='ocrx_word' id='word_1_306' title='bbox 115 2203 216 2255; x_wconf 91' lang='lat' dir='ltr'>quid</span> <span class='ocrx_word' id='word_1_307' title='bbox 245 2203 325 2241; x_wconf 85' lang='lat' dir='ltr'>ista</span> <span class='ocrx_word' id='word_1_308' title='bbox 355 2202 406 2241; x_wconf 89' lang='lat' dir='ltr'>ad</span> <span class='ocrx_word' id='word_1_309' title='bbox 436 2202 620 2240; x_wconf 83' lang='lat' dir='ltr'>Assem?</span> <span class='ocrx_word' id='word_1_310' title='bbox 677 2200 895 2240; x_wconf 87' lang='lat' dir='ltr'>Caeterum</span> <span class='ocrx_word' id='word_1_311' title='bbox 926 2214 1000 2251; x_wconf 89' lang='lat' dir='ltr'>ego</span> <span class='ocrx_word' id='word_1_312' title='bbox 1030 2202 1073 2239; x_wconf 87' lang='lat' dir='ltr'>et</span> <span class='ocrx_word' id='word_1_313' title='bbox 1102 2201 1237 2250; x_wconf 87' lang='lat' dir='ltr'>video,</span> <span class='ocrx_word' id='word_1_314' title='bbox 1268 2202 1314 2240; x_wconf 90' lang='lat' dir='ltr'>ni</span> <span class='ocrx_word' id='word_1_315' title='bbox 1345 2202 1480 2251; x_wconf 88' lang='lat' dir='ltr'>fallor,</span> <span class='ocrx_word' id='word_1_316' title='bbox 1514 2203 1555 2240; x_wconf 91' lang='lat' dir='ltr'>et</span> <span class='ocrx_word' id='word_1_317' title='bbox 1584 2200 1712 2251; x_wconf 82' lang='lat' dir='ltr'>probo</span> 
     </span>
     <span class='ocr_line' id='line_1_38' title="bbox 114 2265 1708 2318; baseline -0.003 -9"><span class='ocrx_word' id='word_1_318' title='bbox 114 2273 238 2310; x_wconf 90' lang='lat' dir='ltr'>tuum</span> <span class='ocrx_word' id='word_1_319' title='bbox 255 2268 332 2307; x_wconf 87' lang='lat' dir='ltr'>hac</span> <span class='ocrx_word' id='word_1_320' title='bbox 358 2267 403 2306; x_wconf 89' lang='lat' dir='ltr'>in</span> <span class='ocrx_word' id='word_1_321' title='bbox 432 2280 475 2305; x_wconf 87' lang='lat' dir='ltr'>re</span> <span class='ocrx_word' id='word_1_322' title='bbox 500 2265 732 2306; x_wconf 88' lang='lat' dir='ltr'>consilium.</span> <span class='ocrx_word' id='word_1_323' title='bbox 796 2265 1044 2306; x_wconf 88' lang='lat' dir='ltr'>Istiusmodi</span> <span class='ocrx_word' id='word_1_324' title='bbox 1069 2267 1180 2306; x_wconf 89' lang='lat' dir='ltr'>locos</span> <span class='ocrx_word' id='word_1_325' title='bbox 1205 2267 1364 2318; x_wconf 90' lang='lat' dir='ltr'>aliquot</span> <span class='ocrx_word' id='word_1_326' title='bbox 1382 2267 1462 2307; x_wconf 90' lang='lat' dir='ltr'>tibi</span> <span class='ocrx_word' id='word_1_327' title='bbox 1479 2279 1708 2317; x_wconf 89' lang='lat' dir='ltr'>paraueras,</span> 
     </span>
     <span class='ocr_line' id='line_1_39' title="bbox 116 2330 1713 2382; baseline -0.004 -8"><span class='ocrx_word' id='word_1_328' title='bbox 116 2346 267 2374; x_wconf 87' lang='lat' dir='ltr'>vsurus</span> <span class='ocrx_word' id='word_1_329' title='bbox 294 2332 420 2371; x_wconf 86' lang='lat' dir='ltr'>simul</span> <span class='ocrx_word' id='word_1_330' title='bbox 448 2334 570 2382; x_wconf 86' lang='lat' dir='ltr'>atque</span> <span class='ocrx_word' id='word_1_331' title='bbox 599 2332 810 2370; x_wconf 88' lang='lat' dir='ltr'>incidisset</span> <span class='ocrx_word' id='word_1_332' title='bbox 839 2332 1005 2371; x_wconf 89' lang='lat' dir='ltr'>occasio.</span> <span class='ocrx_word' id='word_1_333' title='bbox 1064 2332 1148 2371; x_wconf 87' lang='lat' dir='ltr'>Eos</span> <span class='ocrx_word' id='word_1_334' title='bbox 1177 2346 1262 2371; x_wconf 90' lang='lat' dir='ltr'>non</span> <span class='ocrx_word' id='word_1_335' title='bbox 1285 2332 1478 2371; x_wconf 90' lang='lat' dir='ltr'>incallide</span> <span class='ocrx_word' id='word_1_336' title='bbox 1507 2330 1713 2370; x_wconf 86' lang='lat' dir='ltr'>miscuisti</span> 
     </span>
     <span class='ocr_line' id='line_1_40' title="bbox 116 2396 1712 2449; baseline -0.004 -10"><span class='ocrx_word' id='word_1_337' title='bbox 116 2401 360 2449; x_wconf 85' lang='lat' dir='ltr'>argumento</span> <span class='ocrx_word' id='word_1_338' title='bbox 393 2410 629 2448; x_wconf 88' lang='lat' dir='ltr'>quanquam</span> <span class='ocrx_word' id='word_1_339' title='bbox 659 2396 872 2436; x_wconf 87' lang='lat' dir='ltr'>alieniori:</span> <span class='ocrx_word' id='word_1_340' title='bbox 912 2399 959 2436; x_wconf 85' lang='lat' dir='ltr'>vt</span> <span class='ocrx_word' id='word_1_341' title='bbox 990 2397 1066 2436; x_wconf 88' lang='lat' dir='ltr'>hac</span> <span class='ocrx_word' id='word_1_342' title='bbox 1095 2400 1183 2436; x_wconf 89' lang='lat' dir='ltr'>arte</span> <span class='ocrx_word' id='word_1_343' title='bbox 1211 2398 1364 2448; x_wconf 89' lang='lat' dir='ltr'>pariter</span> <span class='ocrx_word' id='word_1_344' title='bbox 1392 2399 1433 2436; x_wconf 89' lang='lat' dir='ltr'>et</span> <span class='ocrx_word' id='word_1_345' title='bbox 1460 2397 1639 2435; x_wconf 88' lang='lat' dir='ltr'>laterent</span> <span class='ocrx_word' id='word_1_346' title='bbox 1666 2409 1712 2434; x_wconf 86' lang='lat' dir='ltr'>ac</span> 
     </span>
     <span class='ocr_line' id='line_1_41' title="bbox 118 2461 1711 2513; baseline -0.004 -8"><span class='ocrx_word' id='word_1_347' title='bbox 118 2465 309 2505; x_wconf 85' lang='lat' dir='ltr'>fallerent</span> <span class='ocrx_word' id='word_1_348' title='bbox 345 2463 428 2503; x_wconf 85' lang='grc' dir='ltr'>τοὺς</span> <span class='ocrx_word' id='word_1_349' title='bbox 460 2463 656 2512; x_wconf 86' lang='grc' dir='ltr'>βεβήλους</span> <span class='ocrx_word' id='word_1_350' title='bbox 692 2465 734 2501; x_wconf 89' lang='lat' dir='ltr'>et</span> <span class='ocrx_word' id='word_1_351' title='bbox 766 2462 1002 2513; x_wconf 87' lang='lat' dir='ltr'>legerentur</span> <span class='ocrx_word' id='word_1_352' title='bbox 1033 2463 1085 2501; x_wconf 87' lang='lat' dir='ltr'>ab</span> <span class='ocrx_word' id='word_1_353' title='bbox 1118 2462 1294 2501; x_wconf 90' lang='lat' dir='ltr'>eruditis</span> <span class='ocrx_word' id='word_1_354' title='bbox 1331 2464 1371 2501; x_wconf 92' lang='lat' dir='ltr'>et</span> <span class='ocrx_word' id='word_1_355' title='bbox 1404 2461 1600 2509; x_wconf 87' lang='lat' dir='ltr'>candidis,</span> <span class='ocrx_word' id='word_1_356' title='bbox 1637 2473 1711 2499; x_wconf 83' lang='lat' dir='ltr'>nec</span> 
     </span>
     <span class='ocr_line' id='line_1_42' title="bbox 117 2526 1713 2581; baseline -0.003 -13"><span class='ocrx_word' id='word_1_357' title='bbox 117 2541 304 2581; x_wconf 85' lang='lat' dir='ltr'>vnquam</span> <span class='ocrx_word' id='word_1_358' title='bbox 341 2528 635 2567; x_wconf 89' lang='lat' dir='ltr'>interciderent</span> <span class='ocrx_word' id='word_1_359' title='bbox 673 2527 915 2566; x_wconf 84' lang='lat' dir='ltr'>intermixta</span> <span class='ocrx_word' id='word_1_360' title='bbox 951 2527 1074 2566; x_wconf 85' lang='lat' dir='ltr'>rebus</span> <span class='ocrx_word' id='word_1_361' title='bbox 1112 2528 1180 2566; x_wconf 86' lang='lat' dir='ltr'>vel</span> <span class='ocrx_word' id='word_1_362' title='bbox 1224 2527 1276 2566; x_wconf 91' lang='lat' dir='ltr'>ob</span> <span class='ocrx_word' id='word_1_363' title='bbox 1313 2527 1446 2566; x_wconf 88' lang='lat' dir='ltr'>solam</span> <span class='ocrx_word' id='word_1_364' title='bbox 1483 2526 1713 2565; x_wconf 79' lang='lat' dir='ltr'>Vtilitatem</span> 
     </span>
     <span class='ocr_line' id='line_1_43' title="bbox 119 2591 1712 2642; baseline -0.004 -8"><span class='ocrx_word' id='word_1_365' title='bbox 119 2594 303 2636; x_wconf 88' lang='lat' dir='ltr'>victuris.</span> <span class='ocrx_word' id='word_1_366' title='bbox 362 2593 505 2632; x_wconf 88' lang='lat' dir='ltr'>Vnum</span> <span class='ocrx_word' id='word_1_367' title='bbox 533 2593 639 2631; x_wconf 91' lang='lat' dir='ltr'>illud</span> <span class='ocrx_word' id='word_1_368' title='bbox 667 2606 752 2631; x_wconf 93' lang='lat' dir='ltr'>non</span> <span class='ocrx_word' id='word_1_369' title='bbox 781 2593 880 2631; x_wconf 90' lang='lat' dir='ltr'>satis</span> <span class='ocrx_word' id='word_1_370' title='bbox 908 2593 1025 2642; x_wconf 89' lang='lat' dir='ltr'>potui</span> <span class='ocrx_word' id='word_1_371' title='bbox 1054 2592 1289 2636; x_wconf 88' lang='lat' dir='ltr'>coniectare,</span> <span class='ocrx_word' id='word_1_372' title='bbox 1314 2605 1393 2642; x_wconf 89' lang='lat' dir='ltr'>quo</span> <span class='ocrx_word' id='word_1_373' title='bbox 1421 2591 1591 2629; x_wconf 90' lang='lat' dir='ltr'>tandem</span> <span class='ocrx_word' id='word_1_374' title='bbox 1621 2603 1712 2628; x_wconf 88' lang='lat' dir='ltr'>con-</span> 
     </span>
     <span class='ocr_line' id='line_1_44' title="bbox 120 2655 1715 2710; baseline -0.004 -10"><span class='ocrx_word' id='word_1_375' title='bbox 120 2661 213 2701; x_wconf 87' lang='lat' dir='ltr'>silio</span> <span class='ocrx_word' id='word_1_376' title='bbox 232 2672 334 2710; x_wconf 92' lang='lat' dir='ltr'>opus</span> <span class='ocrx_word' id='word_1_377' title='bbox 352 2661 440 2697; x_wconf 89' lang='lat' dir='ltr'>tam</span> <span class='ocrx_word' id='word_1_378' title='bbox 466 2659 668 2697; x_wconf 80' lang='lat' dir='ltr'>eximium</span> <span class='ocrx_word' id='word_1_379' title='bbox 693 2660 735 2697; x_wconf 92' lang='lat' dir='ltr'>et</span> <span class='ocrx_word' id='word_1_380' title='bbox 760 2658 885 2697; x_wconf 91' lang='lat' dir='ltr'>dubio</span> <span class='ocrx_word' id='word_1_381' title='bbox 911 2657 1054 2707; x_wconf 82' lang='lat' dir='ltr'>procul</span> <span class='ocrx_word' id='word_1_382' title='bbox 1082 2656 1318 2696; x_wconf 90' lang='lat' dir='ltr'>immortale</span> <span class='ocrx_word' id='word_1_383' title='bbox 1341 2656 1530 2695; x_wconf 88' lang='lat' dir='ltr'>futurum</span> <span class='ocrx_word' id='word_1_384' title='bbox 1552 2655 1715 2694; x_wconf 91' lang='lat' dir='ltr'>nemini</span> 
     </span>
     <span class='ocr_line' id='line_1_45' title="bbox 120 2720 1713 2772; baseline -0.004 -6"><span class='ocrx_word' id='word_1_385' title='bbox 120 2725 301 2767; x_wconf 87' lang='lat' dir='ltr'>volueris</span> <span class='ocrx_word' id='word_1_386' title='bbox 321 2724 456 2762; x_wconf 89' lang='lat' dir='ltr'>dicare</span> <span class='ocrx_word' id='word_1_387' title='bbox 475 2723 737 2762; x_wconf 83' lang='lat' dir='ltr'>nominatim.</span> <span class='ocrx_word' id='word_1_388' title='bbox 797 2722 940 2771; x_wconf 90' lang='lat' dir='ltr'>Neque</span> <span class='ocrx_word' id='word_1_389' title='bbox 960 2722 1073 2760; x_wconf 90' lang='lat' dir='ltr'>enim</span> <span class='ocrx_word' id='word_1_390' title='bbox 1101 2721 1243 2761; x_wconf 89' lang='lat' dir='ltr'>dubito</span> <span class='ocrx_word' id='word_1_391' title='bbox 1263 2722 1364 2772; x_wconf 92' lang='lat' dir='ltr'>quin</span> <span class='ocrx_word' id='word_1_392' title='bbox 1383 2721 1424 2760; x_wconf 91' lang='lat' dir='ltr'>id</span> <span class='ocrx_word' id='word_1_393' title='bbox 1446 2722 1554 2759; x_wconf 84' lang='lat' dir='ltr'>certo</span> <span class='ocrx_word' id='word_1_394' title='bbox 1574 2720 1713 2770; x_wconf 91' lang='lat' dir='ltr'>aliquo</span> 
     </span>
     <span class='ocr_line' id='line_1_46' title="bbox 122 2789 558 2831; baseline -0.007 0"><span class='ocrx_word' id='word_1_395' title='bbox 122 2790 295 2831; x_wconf 89' lang='lat' dir='ltr'>consilio</span> <span class='ocrx_word' id='word_1_396' title='bbox 316 2791 371 2828; x_wconf 90' lang='lat' dir='ltr'>sit</span> <span class='ocrx_word' id='word_1_397' title='bbox 390 2789 558 2828; x_wconf 85' lang='lat' dir='ltr'>factum.</span> 
     </span>
    </p>

    <p class='ocr_par' dir='ltr' id='par_1_11' title="bbox 123 2851 1714 2968">
     <span class='ocr_line' id='line_1_47' title="bbox 175 2851 1714 2905; baseline -0.003 -11"><span class='ocrx_word' id='word_1_398' title='bbox 175 2856 309 2896; x_wconf 90' lang='lat' dir='ltr'>Video</span> <span class='ocrx_word' id='word_1_399' title='bbox 337 2854 505 2905; x_wconf 92' lang='lat' dir='ltr'>quidem</span> <span class='ocrx_word' id='word_1_400' title='bbox 532 2853 776 2892; x_wconf 88' lang='lat' dir='ltr'>iamdudum</span> <span class='ocrx_word' id='word_1_401' title='bbox 802 2865 927 2903; x_wconf 88' lang='lat' dir='ltr'>quam</span> <span class='ocrx_word' id='word_1_402' title='bbox 952 2851 1033 2891; x_wconf 89' lang='lat' dir='ltr'>sim</span> <span class='ocrx_word' id='word_1_403' title='bbox 1061 2852 1239 2902; x_wconf 88' lang='lat' dir='ltr'>ineptus,</span> <span class='ocrx_word' id='word_1_404' title='bbox 1269 2851 1341 2902; x_wconf 90' lang='lat' dir='ltr'>qui</span> <span class='ocrx_word' id='word_1_405' title='bbox 1368 2851 1416 2890; x_wconf 90' lang='lat' dir='ltr'>de</span> <span class='ocrx_word' id='word_1_406' title='bbox 1445 2853 1519 2890; x_wconf 87' lang='lat' dir='ltr'>tuo</span> <span class='ocrx_word' id='word_1_407' title='bbox 1546 2851 1714 2902; x_wconf 90' lang='lat' dir='ltr'>ingenio</span> 
     </span>
     <span class='ocr_line' id='line_1_48' title="bbox 123 2916 1714 2968; baseline -0.004 -7"><span class='ocrx_word' id='word_1_408' title='bbox 123 2924 239 2962; x_wconf 89' lang='lat' dir='ltr'>extra</span> <span class='ocrx_word' id='word_1_409' title='bbox 267 2933 435 2959; x_wconf 91' lang='lat' dir='ltr'>omnem</span> <span class='ocrx_word' id='word_1_410' title='bbox 465 2918 596 2958; x_wconf 90' lang='lat' dir='ltr'>aleam</span> <span class='ocrx_word' id='word_1_411' title='bbox 621 2931 816 2957; x_wconf 87' lang='lat' dir='ltr'>censurae</span> <span class='ocrx_word' id='word_1_412' title='bbox 843 2916 978 2968; x_wconf 89' lang='lat' dir='ltr'>posito</span> <span class='ocrx_word' id='word_1_413' title='bbox 1008 2916 1228 2967; x_wconf 87' lang='lat' dir='ltr'>quicquam</span> <span class='ocrx_word' id='word_1_414' title='bbox 1257 2916 1448 2955; x_wconf 90' lang='lat' dir='ltr'>iudicem.</span> <span class='ocrx_word' id='word_1_415' title='bbox 1507 2916 1587 2955; x_wconf 80' lang='lat' dir='ltr'>Sed</span> <span class='ocrx_word' id='word_1_416' title='bbox 1617 2917 1714 2968; x_wconf 89' lang='lat' dir='ltr'>quid</span> 
     </span>
    </p>
   </div>
   <div class='ocr_carea' id='block_1_10' title="bbox 166 2988 1716 3085">
    <p class='ocr_par' dir='ltr' id='par_1_12' title="bbox 166 2988 1716 3085">
     <span class='ocr_line' id='line_1_49' title="bbox 166 2988 1716 3035; baseline -0.003 -9"><span class='ocrx_word' id='word_1_417' title='bbox 166 3006 240 3035; x_wconf 84' lang='lat'><strong>230.</strong></span> <span class='ocrx_word' id='word_1_418' title='bbox 265 2994 365 3025; x_wconf 87' lang='lat' dir='ltr'>velut</span> <span class='ocrx_word' id='word_1_419' title='bbox 383 2992 430 3025; x_wconf 57' lang='grc' dir='ltr'>Οἳ.</span> <span class='ocrx_word' id='word_1_420' title='bbox 554 3002 628 3033; x_wconf 86' lang='lat'>255.</span> <span class='ocrx_word' id='word_1_421' title='bbox 653 2991 711 3023; x_wconf 87' lang='lat' dir='ltr'>Ad</span> <span class='ocrx_word' id='word_1_422' title='bbox 728 2995 771 3023; x_wconf 84' lang='lat' dir='ltr'>F:</span> <span class='ocrx_word' id='word_1_423' title='bbox 795 2992 843 3023; x_wconf 76' lang='lat' dir='ltr'>At</span> <span class='ocrx_word' id='word_1_424' title='bbox 862 2993 890 3022; x_wconf 83' lang='lat' dir='ltr'>C.</span> <span class='ocrx_word' id='word_1_425' title='bbox 1011 2991 1086 3023; x_wconf 87' lang='lat'><strong>262.</strong></span> <span class='ocrx_word' id='word_1_426' title='bbox 1111 3000 1150 3022; x_wconf 85' lang='lat' dir='ltr'>ac</span> <span class='ocrx_word' id='word_1_427' title='bbox 1167 2990 1335 3022; x_wconf 84' lang='lat' dir='ltr'>fallerent</span> <span class='ocrx_word' id='word_1_428' title='bbox 1353 2991 1397 3022; x_wconf 70' lang='grc' dir='ltr'>σε</span> <span class='ocrx_word' id='word_1_429' title='bbox 1419 2988 1657 3030; x_wconf 86' lang='lat' dir='ltr'>fallerentque</span> <span class='ocrx_word' id='word_1_430' title='bbox 1673 2991 1716 3022; x_wconf 91' lang='lat' dir='ltr'>H.</span> 
     </span>
     <span class='ocr_line' id='line_1_50' title="bbox 186 3046 949 3085; baseline 0.004 -3"><span class='ocrx_word' id='word_1_431' title='bbox 186 3061 293 3082; x_wconf 68' lang='lat' dir='ltr'>Anum</span> <span class='ocrx_word' id='word_1_432' title='bbox 312 3059 339 3079; x_wconf 87' lang='lat'>11</span> <span class='ocrx_word' id='word_1_433' title='bbox 878 3060 902 3085; x_wconf 91' lang='grc' dir='ltr'><strong>Β</strong></span> <span class='ocrx_word' id='word_1_434' title='bbox 923 3046 949 3084; x_wconf 84' lang='lat' dir='ltr'>b</span> 
     </span>
    </p>
   </div>
   <div class='ocr_carea' id='block_1_11' title="bbox 1732 2268 1792 2300">
    <p class='ocr_par' dir='ltr' id='par_1_13' title="bbox 1732 2268 1792 2300">
     <span class='ocr_line' id='line_1_51' title="bbox 1732 2268 1792 2300; baseline 0 0"><span class='ocrx_word' id='word_1_435' title='bbox 1732 2268 1792 2300; x_wconf 88' lang='lat'>260</span> 
     </span>
    </p>
   </div>
   <div class='ocr_carea' id='block_1_12' title="bbox 1732 2593 1791 2635">
    <p class='ocr_par' dir='ltr' id='par_1_14' title="bbox 1732 2593 1791 2635">
     <span class='ocr_line' id='line_1_52' title="bbox 1732 2593 1791 2635; baseline 0 -9"><span class='ocrx_word' id='word_1_436' title='bbox 1732 2593 1791 2635; x_wconf 82' lang='lat'>265</span> 
     </span>
    </p>
   </div>
   <div class='ocr_carea' id='block_1_13' title="bbox 1733 2928 1794 2961">
    <p class='ocr_par' dir='ltr' id='par_1_15' title="bbox 1733 2928 1794 2961">
     <span class='ocr_line' id='line_1_53' title="bbox 1733 2928 1794 2961; baseline 0 -9"><span class='ocrx_word' id='word_1_437' title='bbox 1733 2928 1794 2961; x_wconf 84' lang='lat'>270</span> 
     </span>
    </p>
   </div>
  </div>
 </body>
</html>
