2010 3417
135 162 237 217 46-]
502 219 658 261 ⁴40463.
720 219 754 260 F
757 230 852 261 RoM
884 220 1052 262 HENRY
1084 221 1377 263 GLAREANUS.
1411 229 1414 232 ’
1657 166 1734 204 341

186 320 354 366 Epistole
372 320 564 366 elegantes
581 320 625 356 f0.
644 320 658 355 1
675 325 724 357 v0.
1439 321 1558 358 Basle.

185 379 239 414 0².
259 392 295 425 p.
319 388 403 425 155:
431 378 468 413 F.
487 391 523 424 p.
543 389 608 424 53:
637 378 728 415 HN:
756 379 872 415 Lond.
891 380 914 415 i.
936 390 1002 425 34:
1033 380 1105 415 LB.
1125 390 1204 425 217.
1312 390 1328 426 5
1351 380 1569 426 September
1589 381 1690 425 1516.

592 500 634 529 D.
670 498 850 529 ERASMO
881 500 1150 530 GLAREANVS
1180 500 1214 531 S.
1242 500 1283 530 D.

194 587 241 626 S1
257 599 379 637 quem
399 598 525 634 amas,
544 585 781 624 charissime
799 585 984 634 Erasme,
1002 587 1110 636 quod
1130 587 1170 623 te
1191 589 1315 632 amat,
1336 588 1443 624 certe
1464 599 1538 636 ego
1558 585 1740 624 maxime

134 652 339 691 amandus
368 650 467 689 tibi:
507 663 632 689 nemo
662 650 776 689 enim
805 653 881 698 est,
911 653 1002 690 tuto
1031 651 1161 697 crede,
1191 653 1232 689 te
1259 651 1367 689 mihi
1396 651 1577 690 charior:
1617 653 1740 700 atque

137 717 299 755 vtinam
336 719 423 754 tam
456 729 524 753 me
556 728 697 765 posses
729 715 845 754 intus
883 716 1152 766 introspicere
1185 729 1310 766 quam
1348 717 1463 754 extra
1499 716 1740 765 saepissime

138 781 293 820 vidisti.
341 780 513 820 Videres
531 780 714 829 profecto
733 780 909 818 alterum
925 781 1197 829 Alcibiadem,
1216 793 1261 818 ac
1280 793 1377 818 eum
1393 780 1464 830 qui
1479 780 1741 819 Alcibiadem

139 847 262 896 longe
289 845 555 893 antecederet,
577 847 743 884 tantum
770 845 961 884 videlicet
986 847 1190 895 quantum
1216 859 1310 884 vere
1331 845 1596 883 Glareanicus
1624 857 1740 882 amor

137 911 242 951 vicit
261 910 526 958 Socraticum,
551 910 639 949 siue
659 912 863 960 quantum
886 924 959 960 ego
985 911 1079 960 plus
1107 911 1184 948 tibi
1214 909 1339 948 debeo
1360 923 1483 959 quam
1504 908 1742 947 Alcibiades

139 977 306 1017 Socrati.
352 976 554 1026 Magnum
572 978 659 1014 erat
679 988 814 1014 mores
833 989 856 1014 a
877 976 1043 1014 Socrate
1062 975 1264 1023 didicisse,
1284 976 1416 1014 vitam
1435 974 1551 1012 illius
1569 972 1742 1011 monitis

140 1042 404 1081 emendasse:
446 1041 563 1090 atqui
601 1054 674 1090 ego
713 1041 836 1090 longe
868 1040 988 1091 plura
1016 1053 1040 1079 a
1067 1042 1107 1079 te
1140 1040 1282 1088 habeo,
1315 1053 1465 1089 nempe
1497 1040 1634 1088 preter
1661 1037 1742 1076 alia

140 1107 306 1147 infinita
323 1106 588 1157 praecipuum
614 1106 728 1152 illud,
753 1106 862 1155 quod
889 1119 956 1144 me
976 1106 1189 1145 Christum
1214 1119 1356 1155 sapere
1377 1104 1578 1151 docuisti3
1608 1116 1742 1153 neque

138 1186 279 1224 sapere
306 1172 457 1220 solum,
484 1171 554 1209 sed
583 1170 750 1218 imitari,
780 1171 848 1209 sed
879 1171 1094 1220 suspicere,
1124 1171 1193 1209 sed
1223 1184 1372 1209 amare.
1430 1170 1550 1218 Quid,
1574 1182 1736 1218 quaem,

136 1237 403 1278 homuntioni
431 1237 537 1274 mihi
556 1236 623 1274 vel
642 1235 788 1274 vtilius
807 1236 876 1275 vel
896 1236 1062 1285 dignius
1082 1236 1319 1286 contingere
1337 1235 1507 1285 potuit?
1561 1233 1742 1273 Proinde

138 1304 313 1343 minime
332 1302 509 1352 separati
527 1315 683 1350 summ,
703 1301 902 1340 beneficia
915 1303 987 1340 tua
1007 1302 1051 1339 in
1071 1315 1138 1339 me
1158 1301 1309 1339 collata
1323 1314 1405 1339 non
1427 1300 1572 1338 sinunt
1592 1313 1658 1337 me
1677 1299 1741 1337 tui

138 1372 438 1409 immemorem.
486 1368 689 1418 Quicquid
709 1381 795 1418 ag0,
813 1370 975 1417 praesto
995 1381 1048 1416 es,
1069 1367 1177 1406 ludit
1198 1370 1295 1405 ante
1315 1367 1453 1406 oculos
1472 1379 1586 1404 meos
1605 1366 1741 1414 imago

137 1435 310 1483 Erasmi,
327 1435 443 1484 itque
464 1433 652 1483 reditque
671 1433 868 1482 frequens
883 1447 893 1481 ;
923 1433 1011 1471 sine
1032 1436 1072 1471 te
1092 1446 1177 1471 non
1197 1432 1365 1481 dormio,
1384 1445 1467 1470 non
1488 1432 1574 1480 edo,
1593 1431 1743 1469 absens

135 1501 189 1540 ad
207 1500 386 1540 virtutes
409 1498 613 1546 stimulas,
637 1497 794 1536 excitas
813 1498 992 1548 pigrum,
1015 1499 1162 1537 rudem
1183 1499 1312 1546 doces,
1337 1500 1379 1536 et
1397 1499 1519 1547 putas
1537 1509 1605 1534 me
1624 1508 1742 1545 posse

138 1569 179 1605 te
197 1579 280 1605 non
302 1577 440 1603 amare
451 1566 472 1603 ⁶?
500 1563 571 1602 sed
587 1563 659 1613 qui
676 1575 840 1613 possem
855 1564 875 1602 ’ἓ
910 1563 1168 1613 Lachrymor
1183 1562 1415 1602 absentiam
1429 1564 1556 1610 tuam,
1575 1561 1617 1599 id
1634 1561 1741 1610 quod

136 1631 242 1671 mihi
260 1630 435 1669 minime
453 1629 557 1668 vitio
577 1629 761 1667 dandum
788 1628 1008 1677 existim03
1038 1628 1136 1678 quid
1161 1628 1276 1666 enim
1301 1641 1428 1677 aeque
1454 1627 1561 1665 mihi
1586 1628 1743 1676 graue?

137 1697 193 1735 Et
220 1697 304 1735 iam
334 1695 430 1743 dixi,
463 1707 548 1733 non
576 1693 684 1738 abes,
714 1693 784 1732 sed
814 1696 922 1732 certe
950 1695 1058 1733 abes.
1117 1693 1279 1732 Reuera
1307 1706 1394 1731 non
1421 1692 1526 1740 abes,
1560 1690 1742 1740 loqueris

138 1761 251 1799 enim
289 1760 395 1798 mihi
430 1759 634 1809 quotidie:
678 1760 719 1796 et
749 1761 887 1797 tamen
921 1757 1069 1796 absens
1099 1771 1153 1806 es,
1187 1758 1283 1808 quia
1319 1760 1360 1796 te
1397 1770 1482 1795 non
1515 1756 1636 1794 video
1667 1768 1741 1793 nec

140 1825 388 1866 suauissima
419 1826 492 1862 tua
523 1823 853 1862 confabulatione
891 1824 1029 1862 fruor:
1067 1823 1138 1862 sed
1172 1824 1211 1861 et
1244 1835 1439 1872 praesens
1477 1834 1531 1869 es,
1568 1820 1663 1870 quia
1701 1823 1741 1858 te

138 1891 287 1938 audio;
326 1902 424 1928 nam
452 1888 560 1927 mihi
588 1888 782 1938 loqueris.

193 1956 271 1995 Sed
300 1955 410 2003 ludo,
442 1954 566 2003 idque
595 1954 744 2003 inepte,
779 1952 874 2002 quia
902 1966 1006 2002 amo,
1038 1953 1162 2004 idque
1190 1952 1391 2001 audacter,
1425 1951 1521 2002 quia
1548 1964 1668 1999 amo;
1701 1952 1743 1988 et

139 2023 241 2061 dum
271 2021 380 2069 ludo,
401 2019 648 2068 lachrymor,
673 2017 770 2067 quia
799 2019 840 2057 te
868 2031 973 2067 amo,
1004 2017 1245 2057 charissime
1270 2017 1466 2056 Erasme:
1494 2017 1617 2067 atque
1647 2028 1742 2053 cum

137 2091 179 2126 te
198 2085 488 2126 charissimum
515 2083 688 2134 appello,
713 2083 814 2121 dum
840 2083 912 2122 alii
936 2083 1114 2122 infinitis
1139 2082 1233 2121 aliis
1256 2084 1296 2120 te
1322 2084 1505 2130 onerent,
1527 2094 1601 2132 ego
1619 2080 1741 2119 vnico

136 2153 211 2192 illo
242 2151 367 2191 titulo
400 2151 519 2190 vnice
554 2152 594 2188 te
628 2149 795 2187 honoro.
854 2149 963 2197 Quid
1002 2149 1113 2187 enim
1149 2150 1236 2187 erat
1269 2148 1401 2187 dicere
1438 2146 1738 2193 doctissimum,

132 2216 536 2268 eloquentissimum,
567 2213 910 2261 eruditissimum,
940 2216 981 2252 et
1010 2227 1114 2263 quae
1147 2226 1231 2251 non
1269 2226 1385 2252 amor
1421 2212 1493 2250 sed
1526 2210 1742 2261 aliquoties

140 2283 297 2321 κολακία
324 2280 573 2331 excogitauit
601 2280 819 2329 plaeraque
852 2278 964 2318 alia?
1003 2278 1170 2317 nullum
1202 2278 1317 2316 enim
1350 2290 1494 2316 eorum
1522 2278 1564 2314 te
1592 2275 1741 2314 melius

140 2348 255 2386 decet
287 2349 359 2386 aut
386 2345 581 2396 exprimit
610 2356 735 2394 quam
764 2344 873 2393 quod
904 2344 1093 2394 proxime
1124 2344 1338 2383 Christum
1370 2342 1537 2382 accedit.
1597 2341 1740 2390 Neque

141 2415 189 2451 tu
207 2411 473 2450 tantumdem
491 2410 558 2449 vel
583 2409 843 2459 eloquentiae
862 2409 930 2448 vel
950 2409 1176 2448 eruditioni
1195 2421 1262 2446 me
1281 2407 1408 2446 inniti
1436 2406 1596 2445 iussisti
1616 2417 1739 2455 quam

1763 1183 1801 1204 10

1763 1831 1802 1852 20

142 2477 272 2516 amori
303 2489 400 2515 vere
435 2475 697 2523 Ohristiano;
739 2487 785 2512 ac
822 2474 996 2524 proinde
1033 2487 1117 2513 non
1157 2474 1280 2512 modo
1312 2472 1443 2511 habeo
1475 2471 1552 2509 tibi
1587 2470 1740 2520 gratias
1759 2480 1800 2510 30

139 2541 426 2592 amplissimas,
455 2540 721 2587 immortales,
745 2539 947 2589 ingentes,
970 2542 1041 2578 aut
1062 2538 1258 2588 quicquid
1287 2537 1369 2575 tale
1391 2536 1542 2586 vulgus
1570 2535 1739 2574 diserto-

140 2620 236 2647 rum
265 2604 623 2655 sesquipedalibus
651 2604 790 2642 verbis
817 2604 951 2652 refert,
980 2604 1051 2642 sed
1082 2616 1183 2654 quas
1207 2601 1398 2641 Christus
1426 2600 1565 2650 dignis
1589 2600 1673 2639 tuis
1694 2599 1738 2637 in

140 2687 207 2712 me
226 2672 389 2711 meritis
407 2669 575 2708 tribuat.

196 2737 413 2776 Caeterum
446 2737 492 2773 vt
521 2734 574 2773 ad
611 2732 827 2783 epistolam
858 2746 1019 2782 quoque
1058 2734 1174 2770 tuam
1210 2729 1506 2781 respondeam;
1549 2741 1652 2778 quae
1690 2729 1739 2766 de

143 2804 308 2842 fortuna
328 2800 398 2847 ais,
421 2812 510 2838 eam
530 2798 637 2837 mihi
656 2796 692 2835 si
710 2799 848 2835 tecum
868 2810 1001 2836 essem
1025 2809 1109 2835 non
1127 2808 1247 2846 posse
1267 2796 1412 2844 deesse,
1437 2793 1552 2832 doleo
1571 2793 1738 2832 hercule
1757 2801 1795 2832 35

185 2944 215 2972 4.
240 2930 482 2971 Alcibiadem]
507 2929 559 2961 Of,
578 2930 642 2969 Ep.
660 2928 734 2968 365.
756 2938 788 2967 3.
973 2925 1115 2958 Oswald
1133 2925 1171 2966 (1.
1191 2926 1260 2967 67).

184 2987 216 3018 9.
258 2986 314 3007 me
353 2972 557 3013 Christum]
593 2973 680 3003 This
711 2974 906 3004 statement
1019 2981 1066 3009 14.
1094 2971 1193 3010 itque
1209 2968 1389 3010 reditque]
1414 2967 1465 3000 Cf.
1486 2967 1589 3008 Verg.
1607 2971 1687 2999 Aen.
1705 2968 1735 2998 6.

142 3023 173 3052 is
211 3018 377 3060 repeated
411 3019 450 3049 in
487 3016 694 3049 Glareanus’
726 3025 831 3057 poem
869 3017 905 3046 to
976 3024 1045 3046 122.
