2010 3417
122 171 222 227 541]

401 174 472 213 TO
509 173 838 214 WOLFGANG
875 171 1182 212 FABRICIUS
1220 172 1428 212 CAPITO

1633 171 1712 209 489

120 283 249 334 igitur
277 284 425 334 pietati
443 284 642 322 debemus
663 283 771 334 quod
792 283 944 334 passim
969 283 1160 322 videmus
1181 295 1255 321 ceu
1282 282 1400 333 signo
1420 281 1524 320 'dato
1542 281 1713 320 excitari

121 348 307 399 erigique
335 349 547 399 praeclara
579 349 746 399 ingenia
776 351 817 387 et
842 349 892 387 ad
923 348 1202 387 restituendas
1227 347 1406 397 optimas
1436 347 1577 385 literas
1605 345 1713 384 inter

122 426 212 452 sese
231 414 472 464 conspirare.

531 414 638 463 Quid
658 414 771 453 enim
798 415 860 452 est
888 413 1014 462 aliud,
1039 413 1148 463 quod
1174 415 1262 452 tam
1287 412 1412 451 multi
1440 410 1713 450 eruditissimi

124 479 215 527 viri,
237 479 405 518 aliunde
425 480 532 518 alius
557 493 702 530 operas
726 480 837 518 inter
859 492 948 518 sese
968 479 1122 529 partiti,
1143 491 1227 516 non
1253 478 1403 517 acriter
1425 477 1549 516 modo
1568 489 1714 515 verum

122 544 224 583 satis
256 545 380 583 etiam
409 545 584 584 feliciter
606 545 934 595 pulcherrimum
967 545 1044 583 hoc
1077 544 1295 594 negocium
1328 543 1633 593 aggrediuntur,
1666 543 1714 580 vt
1733 553 1774 586 50

123 611 234 649 certa
252 623 357 660 pene
375 624 469 661 spes
495 612 550 650 sit
571 611 813 662 disciplinas
838 610 1000 649 omneis
1020 610 1154 648 multo
1173 610 1432 659 purgatiores
1451 622 1497 647 ac
1511 606 1714 658 syncerio·

126 688 191 713 res
209 675 253 713 in
281 676 417 714 lucem
445 676 717 725 prodituras‘?

791 676 983 714 Primum
1012 675 1124 713 enim
1151 675 1367 724 politiores
1395 674 1534 713 literas
1552 672 1715 723 pridem

124 739 173 777 ad
194 740 509 780 internitionem
528 755 632 792 pene
650 741 853 781 extinctas
871 741 1116 780 iamdudum
1136 742 1177 779 et
1198 740 1327 779 Scotti
1346 739 1538 789 Danique
1562 740 1604 776 et
1630 737 1716 786 Hy-

124 804 243 843 berni
273 806 414 845 colunt
434 807 830 857 amplectunturque.

125 872 220 908 cant
236 871 245 909 Ξ

889 806 1140 845 Medicinam
1159 818 1258 843 vero
1278 817 1402 854 quam
1431 803 1557 842 multi
1583 802 1719 841 vindi—

301 872 458 911 Romae
487 871 681 910 Nicolaus
709 871 977 919 Leonicenus,
1004 870 1190 909 Venetiis
1209 869 1458 909 Ambrosius
1485 869 1568 907 Leo
1597 867 1717 905 Nola·
1735 875 1774 906 55

125 948 216 984 nus,
251 938 361 987 apud
401 938 544 977 Gallos
577 938 812 977 Gulielmus
842 938 978 987 Copus
1012 950 1057 976 ac
1088 936 1267 975 Ioannes
1301 934 1486 981 Ruellus,
1522 936 1563 972 et
1608 932 1716 982 apud

127 1001 354 1041 Britannos
391 1003 574 1042 Thomas
611 1003 822 1042 Linacrus.

891 1003 965 1041 Ius
1003 1002 1247 1041 Caesareum
1286 1001 1489 1038 instaurat
1524 996 1718 1036 Luteciae

125 1066 361 1107 Gulielmus
380 1068 584 1114 Budaeus,
606 1069 716 1118 apud
735 1069 964 1107 Germanos
984 1066 1234 1107 Vdalrichus
1254 1066 1408 1104 Zasius.
1458 1061 1719 1102 Mathemati-

124 1145 199 1171 cen
216 1134 325 1183 apud
345 1133 553 1173 Basileam
573 1134 782 1172 Henricus
803 1134 1041 1172 Glareanus.

178 1198 311 1237 Porro
329 1199 372 1237 in
385 1213 428 1238 re
448 1199 678 1249 theologica
696 1199 934 1249 plusculum
954 1200 1042 1237 erat
1062 1197 1231 1247 negocii,
1256 1197 1363 1247 quod
1394 1196 1499 1234 hanc
1528 1195 1613 1232 fere
1633 1205 1719 1242 pro·
1738 1197 1782 1229 60

124 1262 223 1302 fessi
260 1267 360 1303 sunt
397 1264 596 1304 hactenus
634 1265 704 1315 qui
741 1278 764 1303 a
795 1264 1041 1303 melioribus
1070 1263 1200 1301 literis
1229 1261 1556 1312 pertinacissime
1586 1258 1722 1297 solent

128 1327 359 1379 abhorrere,
383 1331 536 1381 quique
555 1343 675 1368 suam
695 1329 904 1368 inscitiam
924 1329 1001 1367 hoc
1019 1328 1181 1366 felicius
1193 1330 1367 1366 tuentur
1386 1326 1495 1375 quod
1508 1325 1549 1363 id
1565 1324 1721 1362 faciant

126 1396 316 1441 pretextu
345 1396 525 1445 pietatis,
546 1397 593 1434 vt
613 1395 828 1434 indoctum
855 1394 1006 1444 vulgus
1034 1393 1085 1432 ab
1108 1393 1176 1431 his
1198 1405 1440 1442 persuasum
1465 1390 1603 1428 credat
1631 1388 1723 1426 reli-

128 1458 299 1506 gionem
330 1461 494 1508 violari,
520 1461 557 1499 si
585 1460 678 1510 quis
705 1460 877 1498 illorum
898 1459 1133 1497 barbariem
1163 1458 1316 1507 ceperit
1340 1458 1553 1496 incessere.

1613 1453 1722 1492 Nam

126 1522 198 1562 isti
229 1525 340 1575 apud
370 1526 608 1575 imperitam
638 1525 897 1576 plebeculam
926 1525 1189 1575 potissimum
1222 1523 1358 1562 solent
1391 1521 1581 1572 quiritari
1607 1522 1648 1558 et
1673 1519 1722 1557 ad
1741 1523 1782 1565 65

125 1588 283 1639 lapides
300 1604 535 1641 prouocare,
559 1591 595 1629 si
620 1591 851 1641 periculum
869 1590 1054 1629 viderint
1083 1602 1135 1627 ne
1164 1589 1263 1639 quid
1293 1587 1472 1627 nescisse
1492 1585 1723 1624 videantur.

127 1654 285 1694 Verum
307 1656 385 1695 hoc
412 1670 574 1706 quoque
600 1669 888 1695 successurum
917 1655 1079 1695 confido
1105 1655 1232 1693 simul
1260 1655 1381 1703 atque
1410 1652 1539 1690 trium
1567 1650 1723 1699 lingua-

128 1732 224 1758 rum
244 1721 426 1771 cognitio
445 1721 673 1771 publicitus
695 1721 742 1759 in
761 1721 934 1769 scholas,
957 1722 1017 1760 ita
1040 1722 1089 1758 vt
1109 1720 1229 1770 cepit,
1252 1718 1379 1768 recipi
1401 1719 1556 1768 pergat.

1617 1715 1724 1753 Nam

127 1787 167 1823 et
186 1785 312 1824 huius
337 1786 495 1825 ordinis
524 1787 596 1836 qui
620 1786 852 1825 doctissimi
879 1789 978 1825 sunt
1002 1785 1257 1834 minimeque
1280 1782 1466 1833 maligni,
1488 1781 1640 1832 partim
1660 1780 1725 1818 ad-

130 1849 290 1898 iuuant,
312 1850 467 1900 partim
485 1850 626 1889 fauent
645 1851 742 1890 huic
761 1851 980 1890 instituto:
1020 1864 1100 1900 quo
1120 1849 1288 1900 quidem
1312 1849 1356 1886 in
1377 1847 1546 1897 negocio
1565 1847 1726 1896 praeter
1746 1860 1786 1893 70

131 1915 234 1953 alios
248 1910 334 1954 non
350 1917 612 1955 instrenuam
626 1929 791 1965 operam
803 1917 986 1966 prestitit
999 1916 1172 1954 Iacobus
1186 1915 1315 1953 Faber
1327 1912 1596 1963 Stapulensis‚
1603 1923 1725 1961 quem

131 1982 176 2018 tu
196 1983 242 2019 vt
260 1983 549 2031 cognomento,
569 1981 628 2020 ita
646 1981 879 2031 plaerisque
898 1981 1065 2020 dotibus
1084 1981 1223 2019 refers.
1268 1979 1354 2018 Nos
1373 1991 1505 2028 porro,
1528 1977 1636 2016 sicut
1654 1989 1727 2026 par

163 2097 423 2171 1515.HVenetiae
438 2099 489 2134 F3
512 2098 549 2134 cf.
565 2099 624 2133 Ep.
642 2097 715 2135 480.
731 2106 773 2136 97
790 2107 820 2127 η.

132 2151 164 2170 a(
175 2152 184 2170 ί
199 2164 207 2172 .
259 2164 267 2171 .

174 2255 226 2285 55.
252 2243 490 2284 Leonicenus]
523 2243 563 2274 of
588 2244 741 2275 Vicenza
772 2244 895 2285 (1428-

136 2289 245 2329 1524)‚
256 2288 339 2319 who
352 2287 480 2326 taught
493 2287 672 2318 medicine
683 2290 720 2319 at
733 2287 891 2324 Ferrara;

133 2334 254 2364 where
276 2332 446 2363 Erasmus
466 2340 539 2360 saw
560 2330 638 2361 him
661 2331 701 2361 in
726 2341 811 2370 1509
834 2332 891 2372 (ef.

133 2376 245 2408 Lond.
277 2385 334 2406 xx.
367 2384 420 2414 53,
455 2374 526 2405 LB.
560 2375 639 2414 742)
671 2375 742 2406 and
775 2375 896 2405 where

134 2420 224 2451 Pace
251 2418 425 2450 attended
451 2417 508 2448 his
535 2416 687 2448 leetures
714 2419 793 2459 (Ep.
823 2428 896 2449 211.

135 2473 177 2502 43
207 2473 242 2494 n.
275 2462 348 2492 and
379 2459 496 2492 Pace's
527 2463 570 2491 De
599 2463 731 2500 Fructu,
761 2472 795 2502 p.
826 2462 894 2503 50).

135 2507 204 2538 His
227 2506 305 2536 first
328 2504 547 2545 publication
571 2514 643 2535 was
658 2508 701 2536 De
716 2507 818 2536 Plinii
835 2529 843 2537 .
859 2529 867 2536 .
888 2528 896 2536 .

138 2554 171 2580 in
205 2551 358 2580 medicina
392 2549 555 2585 erroribus,
589 2547 745 2586 Ferrara,
778 2549 815 2580 L.
855 2548 898 2579 de

135 2593 312 2631 Valentia,
345 2592 384 2622 18
411 2592 492 2622 Dec.
522 2599 616 2631 1492,
642 2592 834 2623 addressed
861 2593 898 2622 to

137 2637 316 2674 Politian3
337 2635 458 2665 which
476 2634 644 2665 involved
657 2635 788 2666 himin
803 2645 899 2666 some

137 2682 375 2717 controversy.
424 2679 493 2709 His
524 2678 674 2709 medical
705 2679 900 2718 principles

137 2733 230 2755 were
261 2722 378 2762 novel,
409 2722 480 2752 and
511 2721 585 2751 also
614 2722 762 2752 aroused
790 2722 899 2753 much

137 2766 336 2807 opposition
368 2765 482 2806 (Pace,
515 2764 630 2803 ibid).
695 2765 751 2796 He
788 2767 900 2796 wrote

137 2811 301 2841 treatises
337 2818 384 2839 on
420 2809 481 2839 the
521 2809 685 2839 ‘morbus
723 2808 901 2839 Gallicus’

137 2853 209 2884 and
231 2853 294 2884 the
315 2853 427 2892 viper,
449 2852 640 2891 published
659 2853 707 2891 by
728 2852 843 2882 Aldus
860 2852 901 2882 in

137 2897 233 2927 June
263 2906 345 2935 1497
373 2895 443 2925 and
468 2894 517 2937 (c.
547 2894 669 2937 1498);
699 2894 771 2925 and
797 2895 902 2925 made

139 2940 372 2971 translations
382 2939 475 2969 from
485 2938 666 2977 Aristotle,
675 2939 742 2969 Dio
752 2938 901 2977 Cassius,

140 2984 251 3015 Galen
268 2982 339 3013 and
352 2982 596 3022 Hippocrates,
609 2991 677 3013 one
689 2982 727 3012 of
739 2981 905 3012 which—

140 3026 178 3058 of
211 3024 353 3058 Galen's
383 3028 426 3056 De
455 3030 540 3057 motu
574 3028 905 3056 musculorum-was

942 2097 995 2135 56.
1021 2095 1183 2126 Ruellius
1199 2097 1240 2126 N.

401 2141 455 2178 67.
481 2139 590 2170 simul
607 2142 712 2178 atque
730 2143 790 2171 CF
804 2142 914 2177 Corriy.
932 2150 940 2170 ε
964 2150 1020 2170 om.
1037 2142 1086 2170 F:
1110 2139 1139 2170 si
1156 2141 1198 2170 H.

1363 2094 1416 2133 58.
1440 2091 1535 2132 apud
1553 2115 1560 2121 .
1575 2114 1582 2121 .
1604 2091 1726 2121 Zasius

964 2245 1044 2274 sent
1066 2245 1102 2274 to
1125 2243 1275 2274 Linacre
1298 2242 1344 2281 by
1360 2251 1380 2272 a
1402 2240 1521 2271 friend
1545 2241 1581 2270 at
1605 2239 1726 2277 Rome,

963 2287 1035 2318 and
1052 2287 1131 2318 first
1146 2286 1291 2327 printed
1307 2286 1354 2324 by
1370 2285 1449 2316 him
1465 2284 1557 2314 with
1573 2283 1727 2321 Pynson,

965 2330 1125 2370 London,
1161 2340 1253 2370 1522·
1310 2329 1398 2359 Pace
1428 2327 1549 2368 (ibid.)
1581 2327 1620 2356 in
1653 2326 1727 2357 Oct.

969 2384 1050 2413 1517
1076 2374 1201 2413 speaks
1224 2371 1436 2413 regretfully
1459 2371 1498 2401 of
1517 2370 1574 2400 his
1598 2369 1730 2406 death;

965 2419 1030 2448 but
1047 2418 1122 2448 this
1138 2427 1210 2448 was
1231 2426 1251 2447 a
1267 2416 1356 2446 false
1378 2423 1536 2453 rumour,
1554 2413 1596 2443 cf.
1616 2412 1728 2443 Lond.

965 2471 1023 2492 xx.
1050 2470 1103 2500 54,
1134 2461 1202 2491 LB.
1236 2469 1311 2499 750,
1337 2458 1409 2489 and
1435 2457 1509 2488 VE.
1536 2457 1610 2495 466.
1656 2455 1731 2485 The

967 2505 1180 2535 monument
1202 2502 1342 2534 erected
1361 2503 1398 2532 to
1421 2501 1499 2531 him
1522 2500 1561 2529 in
1583 2499 1731 2529 Ferrara

967 2549 1014 2586 by
1030 2547 1181 2578 Alfonso
1197 2556 1243 2577 111
1264 2546 1302 2577 of
1319 2546 1402 2576 Este
1424 2554 1470 2574 on
1491 2544 1512 2573 8
1528 2543 1623 2573 June
1649 2551 1730 2580 1524

967 2592 1065 2631 gives
1095 2591 1152 2621 his
1182 2600 1243 2629 age
1273 2599 1311 2619 as
1336 2589 1380 2628 96
1410 2587 1483 2618 and
1510 2587 1621 2617 states
1651 2585 1731 2615 that

969 2635 1015 2665 he
1048 2634 1178 2673 taught
1209 2635 1246 2663 at
1276 2632 1424 2662 Ferrara
1454 2630 1510 2660 for
1536 2631 1580 2659 60
1606 2638 1731 2668 years3

969 2688 1025 2708 see
1062 2687 1082 2708 a
1112 2686 1200 2716 copy
1231 2677 1269 2705 ot·
1295 2676 1325 2705 it
1358 2674 1397 2705 in
1428 2683 1449 2704 a
1479 2673 1665 2704 collection
1697 2673 1736 2702 of

968 2721 1133 2761 epitaphs
1168 2718 1306 2750 formed
1343 2718 1390 2757 by
1423 2716 1612 2755 Adolphus
1647 2715 1734 2746 Occo

970 2767 1050 2801 (1rrz
1076 2765 1098 2800 ἡ·
1113 2763 1223 2802 Ιὸοο>,
1250 2761 1400 2793 Munich
1424 2760 1494 2791 Ms.
1514 2759 1590 2790 Lat.
1613 2767 1731 2799 23731,

970 2809 993 2838 f.
1027 2816 1077 2846 45.
1139 2804 1318 2836 Erasmus’
1348 2805 1542 2834 statement
1578 2802 1658 2832 that
1688 2802 1734 2832 lie

968 2860 1042 2881 was
1057 2860 1138 2880 now
1155 2852 1190 2879 at
1202 2849 1311 2879 Rome
1328 2849 1359 2878 is
1374 2846 1546 2886 probably
1557 2855 1603 2876 an
1619 2854 1734 2881 error3

970 2904 1008 2924 as
1025 2895 1055 2924 is
1070 2893 1144 2924 also
1161 2892 1223 2922 the
1240 2891 1440 2932 suggestion
1457 2891 1496 2920 in
1509 2889 1641 2920 Trium
1654 2888 1735 2919 that

971 2938 1016 2968 he
1029 2946 1101 2968 was
1113 2939 1151 2967 at
1167 2936 1290 2966 Milan.
1319 2935 1376 2966 He
1390 2934 1422 2964 is
1435 2933 1640 2964 sometimes
1655 2941 1736 2962 con-

971 2980 1072 3011 fused
1104 2980 1193 3010 with
1226 2979 1302 3009 Nic.
1328 2977 1501 3008 Leonicus
1523 2975 1734 3006 Thomaeus.

972 3024 1036 3055 See
1051 3022 1258 3054 Tiraboschi
1274 3023 1321 3052 vi.
1340 3031 1459 3061 493-9‚
1479 3019 1551 3051 and
1567 3019 1674 3050 NBG.
