2010 3417
248 159 329 199 414
715 156 964 195 LETTERS
1003 156 1074 195 OF
1112 155 1377 195 ERAsMUs
1717 155 1843 209 [1516

250 281 357 306 cum.
414 267 559 315 Itaque
588 265 722 303 nescis
751 278 862 302 nunc
892 266 1096 314 quantum
1124 264 1267 314 gestio,
1301 265 1506 314 quantum
1535 263 1656 312 creui‚
1687 268 1845 314 quanto

191 347 233 379 40
251 333 403 370 memet
422 331 612 368 altiorem
630 343 748 379 gero:
777 330 835 368 ita
849 329 958 368 mihi
978 329 1141 368 assidue
1154 331 1343 368 versatur
1363 329 1414 367 ob
1435 328 1577 367 oculos
1597 331 1843 378 perpetuum

250 396 448 435 destinari
468 395 575 433 mihi
599 395 880 445 principatum
905 394 956 433 ab
976 394 1194 444 Vtopianis
1219 394 1335 442 meis,
1358 395 1463 444 quin
1490 394 1574 432 iam
1601 406 1713 432 nunc
1739 394 1844 433 mihi

249 461 395 500 videor
422 461 610 499 incedere
639 462 860 498 coronatus
889 459 1046 509 insigni
1073 459 1148 498 illo
1174 459 1404 498 diademate
1432 460 1727 507 frumentaceo‚
1756 472 1843 498 con-

249 526 415 576 spicuus
434 525 725 576 paludamento
752 525 1036 574 Franciscano,
1065 525 1300 575 praeferens
1319 524 1555 563 venerabile
1584 527 1795 575 sceptrum
1824 539 1847 564 e

250 591 466 641 manipulo
491 591 635 640 frugis,
659 590 840 640 stipatus
865 590 1023 640 insigni
1050 592 1377 630 Amauratorum
1407 590 1608 629 comitatu
1635 591 1761 640 atque
1786 589 1847 630 ita

190 674 230 705 45
250 656 399 696 celebri
427 669 577 706 pompa
601 655 748 705 legatis
774 658 895 706 atque
924 655 1181 706 principibus
1204 655 1382 694 aliarum
1410 655 1600 704 gentium
1623 667 1843 704 occurrere,

250 721 413 760 miseris
435 721 555 770 plane
573 734 645 771 pre
665 720 797 769 nobis,
821 721 950 759 stulte
968 720 1158 760 videlicet
1177 720 1524 771 superbientibus,
1546 720 1653 770 quod
1673 721 1844 760 veniant

251 786 386 826 ornati
413 786 631 836 pueriliter
659 789 699 825 et
728 787 885 825 mundo
913 786 1108 825 muliebri
1137 786 1287 834 onusti,
1320 786 1532 836 vinctique
1562 799 1661 825 auro
1690 785 1755 824 illi
1781 787 1847 825 de-

252 851 433 902 spuibili,
468 864 652 902 purpura
682 854 723 890 et
756 853 935 902 gemmis
967 854 1091 902 atque
1125 852 1216 891 aliis
1256 851 1426 890 bullatis
1459 851 1581 901 nugis
1614 851 1843 890 deridiculi.

252 917 497 967 Quanquam
518 917 651 956 nolim
671 919 742 956 aut
761 920 802 956 te
822 919 894 956 aut
914 917 1181 957 Tunstallum
1196 919 1388 956 nostrum
1404 930 1454 956 ex
1473 917 1649 956 aliorum
1665 917 1847 968 ingeniis

192 1000 234 1031 50
251 983 468 1022 aestimare
488 996 565 1029 ine,
588 996 764 1033 quorum
785 983 953 1022 fortuna
982 996 1117 1021 mores
1142 984 1290 1021 mutat.
1352 981 1558 1032 Equidem
1584 982 1662 1021 etsi
1687 983 1845 1032 superis

251 1048 390 1087 visum
430 1051 493 1087 est
530 1051 717 1087 nostram
754 1048 1042 1087 humilitatem
1080 1048 1131 1087 ad
1178 1049 1256 1087 hoc
1302 1048 1459 1098 fastigii
1495 1049 1537 1086 et
1574 1048 1846 1088 sublimitatis

251 1114 435 1161 euehere,
459 1114 525 1152 cui
544 1113 711 1152 nullum
730 1127 875 1164 regum
894 1126 1011 1164 posse
1032 1113 1210 1152 conferri
1230 1126 1385 1159 censeo,
1400 1115 1553 1152 veteris
1572 1116 1714 1153 tamen
1732 1114 1850 1154 illius

252 1178 562 1217 consuetudinis
591 1192 695 1229 quae
724 1179 832 1218 mihi
861 1179 962 1218 olim
991 1179 1154 1229 priuato
1182 1179 1262 1218 fuit
1285 1179 1513 1227 vobiscum,
1536 1193 1753 1230 nunquam
1781 1193 1848 1218 me

253 1244 441 1283 sentietis
459 1244 763 1284 immemorem.
824 1245 941 1293 Quod
961 1245 996 1284 si
1016 1259 1102 1283 non
1122 1245 1354 1296 grauemini
1373 1245 1587 1284 tantillum
1607 1245 1697 1284 viae
1717 1245 1849 1284 facere

195 1327 233 1358 55
252 1311 299 1349 vt
316 1309 513 1360 Vtopiam
532 1310 710 1349 veniatis
731 1311 781 1349 ad
801 1324 880 1358 me,
903 1311 1087 1360 profecto
1106 1311 1281 1350 efficiam
1301 1313 1349 1350 vt
1367 1311 1565 1350 mortales
1584 1324 1728 1350 omnes
1746 1324 1848 1362 quos

253 1374 496 1414 clementiae
516 1378 677 1414 nostrae
703 1376 809 1424 regit
828 1376 1061 1425 imperium,
1085 1375 1128 1414 id
1148 1376 1318 1415 honoris
1339 1376 1562 1415 exhibeant
1585 1376 1703 1415 vobis
1723 1389 1847 1426 quem

254 1441 408 1481 debent
426 1441 485 1479 eis
505 1454 607 1490 quos
626 1440 868 1490 intelligunt
886 1441 1072 1491 ipsorum
1091 1441 1267 1491 principi
1287 1454 1376 1480 esse
1396 1441 1673 1480 charissimos.

308 1508 610 1546 Prosecuturus
629 1519 742 1545 eram
761 1505 926 1556 longius
945 1506 1023 1545 hoc
1044 1506 1335 1545 dulcissimum
1355 1506 1578 1553 somnium,
1597 1506 1668 1545 sed
1684 1508 1847 1545 Aurora

255 1583 518 1622 consurgens,
534 1572 613 1609 veh
629 1571 792 1618 misero,
809 1572 1005 1611 discussit
1025 1573 1238 1611 somnium
1254 1574 1295 1610 et
1315 1572 1551 1622 principatu
1568 1585 1634 1610 me
1654 1572 1847 1619 excussit,

195 1639 237 1672 60
255 1640 378 1688 atque
397 1639 442 1676 in
462 1636 688 1687 pistrinum
705 1651 847 1676 meum
866 1651 943 1686 me,
962 1638 1039 1677 hoc
1057 1641 1121 1676 est
1140 1638 1185 1675 in
1205 1638 1352 1684 forum,
1369 1640 1543 1676 reuocat.
1595 1637 1688 1677 Hoc
1707 1639 1848 1677 tamen

255 1716 322 1743 me
343 1702 542 1747 consolor,
563 1703 671 1753 quod
691 1715 787 1741 vera
807 1716 933 1754 regna
952 1703 1072 1742 video
1092 1716 1178 1742 non
1197 1703 1331 1741 multo
1351 1702 1587 1752 prolixiora.

309 1767 422 1816 Vale,
446 1767 684 1807 charissime
704 1768 887 1807 Erasme.

689 1915 785 1953 500.
846 1910 978 1952 FROM
1012 1911 1206 1952 GERARD
1236 1910 1417 1953 LISTER.

305 2003 490 2038 Deventer
509 2002 584 2038 MS.
604 2013 659 2047 91,
678 2003 705 2037 f.
728 2012 791 2047 145
813 2006 867 2038 νο.
1513 2002 1661 2039 Zwolle.

305 2061 377 2096 LB.
397 2061 490 2106 App.
515 2071 590 2103 104.
1372 2059 1428 2105 (c.
1447 2059 1658 2097 December
1678 2059 1804 2106 1516.)

722 2141 805 2182 [For
822 2141 882 2173 the
901 2142 982 2173 date
999 2151 1055 2172 see
1072 2141 1136 2181 Ep.
1153 2150 1217 2180 495
1234 2141 1385 2183 introd.]

557 2240 831 2271 GHERARDVS
861 2239 1066 2271 LISTRIVS
1096 2240 1275 2271 DOMINO
1307 2240 1486 2271 ERASMO
1520 2241 1553 2271 S.

312 2323 695 2361 LONGICAMPIANVM
716 2322 821 2360 mihi
840 2335 863 2359 a
883 2323 924 2360 te
944 2322 1293 2370 commendatum,
1317 2323 1521 2372 quantum
1544 2321 1672 2371 potui,
1695 2319 1850 2359 litteris

260 2387 423 2427 Graecis
443 2387 637 2426 docendis
656 2386 766 2434 iuui;
788 2387 856 2426 sed
873 2387 982 2437 quod
996 2386 1097 2426 heae
1119 2399 1267 2436 parum
1282 2387 1466 2425 lucrosae
1479 2400 1569 2425 esse
1583 2386 1846 2432 videbantur,

260 2455 330 2492 aut
360 2452 467 2503 quod
497 2452 622 2502 longo
650 2454 835 2502 tempore
865 2452 1110 2502 indigerent,
1145 2452 1196 2490 ad
1228 2452 1581 2501 mathematicam,
1614 2465 1739 2502 quam
1772 2449 1851 2489 sibi

258 2521 393 2568 sperat
426 2517 694 2557 lucrosiorem
727 2518 826 2566 fore,
862 2519 1052 2556 animum
1085 2517 1258 2565 adiecit3
1300 2518 1345 2556 in
1375 2531 1454 2568 qua
1488 2520 1594 2556 certe
1626 2517 1733 2556 mihi
1766 2529 1850 2555 non

221 2601 237 2631 5
258 2583 518 2623 mediocriter
537 2583 704 2622 videtur
722 2584 989 2633 promouisse.
1042 2583 1188 2621 Patres
1208 2583 1341 2621 nostri
1362 2596 1587 2632 omnesque
1606 2582 1706 2621 adeo
1727 2581 1848 2630 docti,

260 2650 331 2698 qui
356 2649 424 2687 hic
450 2649 513 2688 tui
539 2648 723 2687 nominis
749 2651 848 2687 sunt
874 2648 1180 2696 studiosissimi,
1203 2648 1470 2687 vehementer
1490 2650 1574 2686 ate
1594 2647 1850 2686 contendunt

258 2718 304 2752 vt
343 2714 660 2752 commentarios
698 2714 743 2752 in
781 2713 912 2752 saneti
949 2713 1071 2752 Pauli
1113 2713 1308 2762 epistolas
1347 2715 1388 2751 et
1425 2714 1588 2762 scribas,
1627 2714 1673 2750 vt
1710 2711 1848 2750 crebro

259 2779 457 2829 recepisti,
478 2782 518 2817 et
537 2779 712 2829 scriptos
731 2780 1044 2829 quamprimum
1059 2778 1188 2816 aedas·
1239 2778 1417 2817 Domine
1437 2778 1621 2826 Erasme,
1639 2790 1690 2816 ex
1709 2777 1850 2815 animo

764 2877 840 2907 500.
859 2877 891 2907 8.
914 2877 1065 2916 scriptas
1083 2878 1149 2907 MS.
1167 2886 1174 2906 :
1197 2886 1271 2906 corr.
1289 2878 1350 2907 LB.

304 2974 377 3004 499.
408 2986 459 3011 42.
494 2975 714 3015 diademate]
749 2975 798 3006 Cf.
825 2978 944 3015 Uiopz'a‚
970 2975 1024 3005 ed.
1137 2984 1188 3013 45.
1211 2974 1353 3014 legatis]
1378 2973 1463 3004 ibid.
1484 2984 1541 3013 pp.
1562 2973 1697 3011 177—81.

261 3016 415 3055 Lupton,
432 3026 489 3056 pp.
505 3028 613 3056 233,4.
1136 3018 1209 3048 500.
1236 3027 1263 3055 7.
1288 3016 1426 3057 crebro]
1451 3017 1501 3047 Cf.
1520 3017 1583 3056 Ep,
1600 3024 1672 3055 495.
1690 3024 1730 3053 43
1747 3024 1782 3045 n.
