2010 3417
97 172 193 227 501]
336 174 490 215 FROM
524 174 751 214 GEORGE
790 173 1123 214 BURKHARD
1162 174 1231 214 OF
1272 174 1451 214 SPALT
1605 172 1686 212 417

94 296 236 323 rorum
264 284 307 323 id
336 284 497 335 negocii
526 283 635 335 quod
666 298 734 323 me
762 284 808 323 in
836 283 1164 334 praesentiarum
1192 284 1243 323 ad
1271 283 1479 323 scribendi
1508 283 1686 323 officium

93 349 306 399 compulit.
365 349 566 398 Quamuis
583 349 715 400 igitur
734 349 1071 398 Augustinianus
1090 350 1314 398 coenobita,
1336 350 1412 398 vir,
1430 349 1536 388 mihi
1556 349 1684 397 crede,
1709 361 1748 383 20

94 414 381 454 candidissimi
395 414 556 464 ingenii
571 416 612 452 et
632 413 826 453 fidissimi
846 415 1033 463 pectoris,
1049 414 1147 453 boui
1161 414 1285 465 (quod
1299 415 1462 464 dicitur)
1477 415 1685 463 clitellam,

95 481 237 518 tamen
265 479 354 518 eius
381 479 426 518 in
457 493 525 518 me
558 479 697 518 studio
728 480 770 517 et
800 478 1092 518 beneuolentia
1124 482 1266 519 motus
1298 480 1439 527 malui,
1470 480 1506 519 si
1539 480 1596 519 ita
1626 492 1689 518 res

95 544 233 593 ferret,
254 544 512 584 subrusticus
539 543 672 583 videri
698 556 823 594 quam
850 544 1031 582 officium
1059 557 1208 594 negare
1234 545 1398 584 homini
1423 545 1686 584 amicissimo.

97 610 215 658 Quod
243 610 279 649 si
297 612 346 649 tu
363 623 438 660 pro
458 612 530 649 tua
550 608 712 659 egregia
732 610 773 647 et
791 608 976 647 bonitate
1001 611 1041 647 et
1074 610 1277 660 sapientia
1301 624 1350 649 eo
1382 610 1524 649 animo
1551 611 1692 649 literas

96 677 259 714 nostras
272 675 528 714 intellexeris
544 687 625 724 quo
639 673 889 720 scribuntur,
906 687 1026 723 spero
1040 677 1082 712 te
1099 688 1185 713 non
1201 675 1324 713 modo
1340 688 1406 714 me
1419 676 1463 714 in
1478 677 1692 726 posterum
1710 689 1747 721 25

96 741 141 779 in
171 741 264 779 albo
293 741 463 778 tuorum
493 739 582 777 siue
612 738 814 777 clientum
845 738 932 777 siue
966 739 1178 778 fautorum
1209 743 1405 790 perpetuo
1435 741 1688 789 habiturum,

97 818 244 844 verum
277 805 403 843 etiam
431 804 632 843 studiosis
668 803 864 842 omnibus
893 804 1133 843 diuinarum
1171 804 1389 844 literarum
1419 808 1459 844 et
1489 808 1621 845 castae
1650 808 1693 844 et

96 869 368 909 intaminatae
387 869 504 908 illius
522 869 675 908 veteris
700 869 932 919 theologiae
958 869 1154 909 omnibus
1174 871 1328 909 futuris
1353 870 1513 919 seculis,
1537 871 1693 910 nedum

96 936 173 974 hac
202 937 345 973 nostra
373 936 518 979 aetate,
543 948 590 973 eo
616 934 908 973 vehementius
935 935 1201 984 profuturum
1230 948 1310 986 quo
1340 949 1405 975 res
1435 938 1497 975 est
1525 936 1694 974 maioris

98 1000 313 1039 momenti.
1714 1015 1754 1046 30

154 1066 248 1105 Hoc
275 1065 405 1115 igitur
431 1067 600 1104 tantum
628 1064 760 1103 veluti
787 1065 1004 1114 praefatus,
1036 1068 1077 1104 te
1108 1079 1181 1116 per
1210 1066 1427 1106 Christum
1456 1065 1622 1105 obsecro
1650 1068 1696 1105 vt

98 1131 219 1181 aequi
244 1130 426 1180 bonique
455 1130 598 1169 literas
624 1132 787 1169 nostras
819 1132 1019 1180 consulas,
1050 1131 1160 1170 nihil
1192 1131 1306 1171 aliud
1330 1133 1417 1171 Deo
1446 1134 1552 1171 teste
1580 1145 1697 1182 quae-

99 1198 239 1235 rentes
267 1208 392 1246 quam
420 1197 467 1234 vt
495 1195 574 1235 tibi
602 1195 851 1243 insinuatus,
883 1196 989 1235 sicut
1020 1197 1143 1235 amici
1176 1197 1478 1247 religiosissimi
1508 1196 1698 1248 precibus

100 1262 251 1300 faciam
278 1261 389 1309 satis,
419 1260 479 1300 ita
508 1261 732 1311 aliquando
759 1261 926 1300 videam
955 1262 1160 1311 profuisse
1186 1263 1254 1301 vel
1282 1263 1525 1313 posteritati,
1550 1264 1697 1301 notum

100 1326 228 1366 fuisse
265 1326 429 1365 homini
465 1325 762 1365 eruditissimo.
818 1327 1001 1366 Tantum
1038 1327 1153 1366 enim
1190 1328 1306 1367 abest
1339 1331 1385 1366 vt
1423 1328 1698 1378 malignitatis
1716 1339 1755 1372 35

100 1391 258 1443 aliquid
285 1391 352 1430 hic
377 1391 513 1439 lateat,
537 1393 584 1430 vt
602 1391 736 1430 simus
755 1392 819 1430 tui
840 1405 984 1431 omnes
1007 1393 1287 1432 amantissimi
1311 1394 1546 1444 quicunque
1564 1393 1697 1432 literis

101 1457 345 1496 melioribus
363 1470 517 1495 nomen
537 1457 740 1496 dedimus.
801 1458 909 1496 Sunt
935 1457 1096 1508 ingenii
1121 1459 1184 1497 tui
1208 1461 1483 1497 monumenta
1509 1460 1554 1497 in
1581 1460 1697 1497 tanto

101 1523 209 1574 apud
228 1535 304 1562 nos
326 1523 462 1573 precio
486 1524 533 1562 vt
558 1522 667 1561 nihil
687 1522 875 1573 cupidius
901 1523 946 1561 in
972 1524 1171 1573 emporiis
1197 1526 1427 1574 quaeratur,
1450 1524 1558 1562 nihil
1577 1523 1699 1562 citius

102 1588 210 1638 apud
238 1587 484 1638 bibliopolas
512 1588 732 1636 vendatur,
763 1587 872 1627 nihil
901 1588 1028 1627 etiam
1057 1589 1301 1639 diligentius
1328 1589 1498 1639 legatur.
1560 1588 1699 1627 Habet

102 1655 227 1694 etiam
246 1653 447 1703 Princeps
465 1666 584 1691 meus
604 1653 966 1702 clementissimus,
989 1655 1084 1692 Dux
1105 1654 1338 1693 Fridericus
1357 1654 1566 1703 Saxoniae,
1586 1654 1700 1692 Sacri
1716 1669 1759 1700 40

105 1719 181 1758 Ro.
200 1718 308 1768 Imp.
331 1718 506 1767 Elector,
529 1731 614 1757 non
634 1719 776 1757 minus
798 1718 1002 1768 sapientia
1021 1721 1061 1757 et
1082 1719 1284 1770 religione
1303 1721 1346 1758 et
1371 1719 1557 1758 doctrina
1575 1732 1700 1768 quam

103 1783 252 1834 opibus
277 1783 672 1834 praestantissimus,
695 1783 825 1821 libros
851 1785 946 1822 tuos
973 1797 1127 1833 omnes,
1152 1798 1418 1834 quoscunque
1443 1784 1695 1833 inuenimus,

103 1851 149 1888 in
167 1861 242 1888 sua
259 1848 510 1887 bibliotheca
530 1849 676 1896 ducali,
699 1851 1010 1898 comparaturus
1026 1849 1153 1888 etiam
1173 1849 1355 1900 reliquos
1371 1850 1573 1899 quotquot
1592 1851 1699 1899 post·

104 1915 182 1953 hac
214 1913 450 1963 vbicunque
484 1913 662 1952 edideris
695 1915 918 1952 terrarum.
974 1914 1095 1953 Vidit
1128 1928 1261 1964 nuper
1294 1928 1385 1953 cum
1427 1914 1700 1953 admiratione

106 1992 228 2029 opera
257 1978 344 2017 diui
373 1978 630 2029 Hieronymi
660 1980 701 2017 te
733 1979 992 2029 recognitor-e
1025 1979 1125 2018 adeo
1158 1980 1350 2018 restituta
1382 1981 1429 2018 vt
1461 1981 1556 2018 ante
1583 1981 1700 2018 tuam
1718 1995 1759 2027 45

106 2044 420 2094 castigationem
440 2044 548 2082 nihil
567 2044 710 2082 minus
724 2056 850 2094 quam
866 2043 1120 2095 Hieronymi
1136 2045 1265 2084 libros
1280 2045 1475 2084 habuisse
1493 2044 1702 2094 possimus

106 2110 251 2149 videri.

162 2175 242 2214 Sed
272 2188 471 2225 quorsum
498 2174 632 2213 haec?
688 2174 742 2213 In
770 2174 849 2213 hoc
879 2174 1014 2222 modo,
1045 2175 1106 2214 mi
1135 2174 1440 2214 humanissime
1468 2175 1546 2224 vir,
1576 2176 1624 2214 vt
1654 2187 1700 2213 eo

107 2241 256 2281 melius
283 2242 325 2279 et
350 2239 547 2279 libentius
576 2239 720 2278 credas
747 2239 944 2279 beneuole
971 2240 1051 2279 tibi
1077 2254 1100 2279 a
1127 2254 1194 2279 me
1222 2240 1354 2280 scribi.
1415 2239 1567 2279 Scribit
1596 2240 1701 2279 mihi

108 2307 265 2358 amicus
283 2307 324 2344 te
342 2305 389 2344 in
407 2306 609 2355 Apostolo
630 2305 940 2355 interpretando
965 2306 1171 2345 iustitiam
1199 2319 1384 2356 operum,
1405 2319 1478 2344 seu
1503 2305 1605 2355 legis
1629 2318 1700 2344 seu
1720 2321 1762 2352 50

107 2371 329 2422 propriam,
364 2370 597 2420 intelligere
636 2370 922 2409 cerimoniales
959 2370 1054 2409 illas
1087 2373 1128 2410 et
1160 2371 1353 2421 figurales
1390 2370 1702 2417 obseruantias;

110 2436 257 2474 deinde
276 2436 386 2485 quod
405 2436 511 2474 velis
525 2436 775 2486 Apostolum
795 2436 841 2474 in
859 2435 1032 2486 epistola
1052 2436 1103 2475 ad
1120 2436 1327 2475 Romanos
1344 2449 1427 2474 non
1447 2435 1570 2485 plane
1588 2434 1703 2484 loqui

111 2502 162 2540 de
189 2502 352 2550 peccato
380 2500 584 2550 originali.
644 2500 783 2540 Credit
812 2514 909 2551 ergo
936 2501 1023 2539 fore
1052 2503 1110 2550 vt,
1145 2501 1182 2555 si
1208 2501 1358 2550 legeris
1388 2500 1530 2539 Aurel.
1562 2500 1702 2550 Augu-

112 2567 271 2606 stinum
299 2565 343 2602 in
371 2564 490 2604 libris
514 2567 659 2604 contra
686 2566 945 2616 Pelagianos,
973 2567 1218 2616 praesertim
1243 2567 1294 2604 de
1321 2565 1475 2615 spiritu
1501 2566 1542 2603 et
1566 2563 1699 2612 litera,

111 2632 214 2671 item
234 2631 284 2669 de
302 2632 563 2680 peccatorum
582 2630 746 2669 meritis
765 2632 807 2668 et
825 2631 1068 2670 remissione
1089 2633 1230 2670 contra
1250 2631 1352 2669 duas
1374 2629 1570 2680 epistolas
1588 2629 1704 2668 Pela·
1720 2646 1760 2678 55

112 2696 341 2745 gianorum,
364 2694 547 2745 itemque
567 2697 709 2735 contra
726 2695 952 2745 Iulianum,
977 2696 1050 2745 qui
1070 2709 1215 2734 omnes
1240 2696 1326 2734 fere
1350 2695 1396 2733 in
1421 2695 1561 2733 octaua
1588 2695 1703 2744 parte

114 2763 228 2809 sunt,
256 2762 376 2810 atque
403 2760 502 2798 adeo
527 2760 681 2798 videris
709 2773 834 2809 quam
862 2760 968 2798 nihil
997 2761 1260 2810 Augustinus
1288 2772 1339 2798 ex
1367 2772 1442 2798 suo
1470 2771 1604 2808 sensu,
1633 2759 1702 2798 sed

114 2826 321 2878 Cypriani,
353 2825 609 2873 Nazianzeni,
640 2825 823 2873 Hirenei,
853 2825 1017 2872 Hilarii,
1048 2825 1300 2877 Olympi<i>,
1329 2824 1574 2873 Innocentii,
1604 2825 1703 2863 Am-

116 2956 130 2997 (
142 2923 209 2994 sea
235 2922 293 2943 me
310 2915 382 2995 1313:
406 2921 484 2942 meo
500 2914 570 2943 MS.
696 2920 747 2950 54.
772 2911 984 2951 Delagianos
1000 2913 1090 2943 Ms.:
1114 2921 1188 2942 corr.
1208 2913 1272 2942 ΕΒ.
1401 2911 1453 2950 58.
1478 2911 1636 2952 Olympii
1652 2915 1706 2943 LE

135 2967 149 2986 c
164 2980 171 2987 .
189 2959 210 2987 l.
232 2966 270 2995 14
293 2966 325 2987 n.
346 2979 353 2996 ,
372 2959 455 2986 recte.

245 3019 315 3076 561⁷
327 3019 458 3069 octaua
468 3036 586 3079 parte]
604 3037 671 3070 vol.
690 3038 710 3068 8
726 3036 765 3068 of
783 3037 881 3068 John
898 3037 1132 3070 Amorbach's
1147 3041 1239 3070 editio
1251 3041 1398 3077 princeps
1423 3037 1471 3080 (p.
1491 3038 1564 3081 3ο).

183 3104 291 3124 ΑιιΕΝ
309 3104 335 3124 11
878 3107 902 3131 E
924 3107 946 3132 e
