2010 3417
346 171 424 210 122
809 169 1058 209 LETTERS
1097 169 1168 208 or
1205 169 1470 209 ERAsMUs
1812 164 1939 221 [1515

626 287 849 320 NICOLAVS
883 286 1161 318 GERBELLIVS
1194 285 1373 316 DOMINO
1405 285 1585 316 ERASMO
1618 286 1650 317 S.

400 368 648 407 Scmpsmvs
673 367 724 405 ad
748 368 789 405 te
815 365 962 404 diebus
991 365 1271 415 superioribus
1296 365 1346 404 de
1366 367 1476 405 statu
1496 367 1639 404 nostro
1659 365 1790 416 deque
1810 365 1939 404 Lucu-

343 432 582 471 brationum
601 434 769 471 tuarum
791 431 983 470 editione.
1043 431 1302 481 Rogauimus
1320 433 1531 481 praeterea
1550 433 1597 470 vt
1615 430 1775 481 reliqua
1794 430 1844 469 ad
1865 444 1943 470 nos

343 495 540 542 mitteres,
575 508 656 545 quo
685 494 806 533 citius
833 494 1120 543 maturiusque
1149 507 1264 544 opus,
1295 494 1647 544 quemadmodum
1677 493 1938 543 desyderasti,

342 560 584 599 fabrefieret.
642 560 700 598 Vt
733 562 874 598 autem
908 559 1071 597 mittere
1104 559 1238 608 possis
1267 561 1309 597 et
1337 559 1490 598 certius
1517 561 1641 608 atque
1670 557 1942 607 commodius,

305 645 322 675 5
343 625 529 675 aurigam
549 638 660 663 nunc
684 625 824 674 habes,
847 638 943 663 cum
972 638 1053 674 quo
1081 624 1238 663 sarcina
1265 626 1338 663 tua
1366 625 1474 675 apud
1500 637 1576 663 nos
1604 638 1676 674 per
1701 624 1941 663 ministrum

342 692 466 728 tuum
484 690 625 729 relicta
644 690 695 729 ad
714 691 757 728 te
779 690 973 729 defertur.
1025 690 1139 740 Opus
1159 692 1281 729 tuum
1301 690 1521 740 diligenter
1541 689 1678 740 relegi,
1700 691 1823 740 atque
1837 688 1946 728 inibi

344 756 556 806 quaedam,
574 757 942 807 quantumcunque
957 755 1046 794 fieri
1061 755 1196 805 potuit
1216 755 1486 803 commodius,
1503 755 1668 794 restitui
1684 771 1693 803 ;
1712 755 1789 794 hoc
1802 757 1944 794 tamen

342 823 461 872 pacto
481 834 534 860 ne
553 835 577 861 a
595 823 668 860 tua
697 821 964 872 castigatione
989 821 1157 872 longius
1182 822 1424 871 recederem,
1448 821 1546 861 talia
1569 823 1711 860 tamen
1730 821 1944 859 interdum

344 900 447 936 quae
468 886 711 937 diligentem
738 887 943 926 offendere
969 889 1137 937 possent
1160 887 1366 927 lectorem.
1426 887 1576 927 Cruces
1598 887 1757 937 aliquot
1775 887 1821 925 in
1841 898 1946 924 mar·

287 969 326 993 10
343 951 440 1001 gine
460 951 818 1001 deprehendimus,
841 965 945 1002 quae
964 952 1064 1003 quid
1084 952 1165 991 sibi
1184 952 1317 992 velint
1336 966 1421 991 non
1441 966 1611 1003 possum
1630 952 1833 1003 augurari.
1881 951 1944 990 De

343 1016 411 1055 his
429 1018 551 1067 atque
572 1017 664 1056 aliis
683 1031 780 1068 rogo
796 1017 956 1067 copiose
971 1017 1180 1057 rescribas.
1227 1017 1424 1058 Celeriter
1439 1018 1513 1057 hec
1529 1018 1768 1068 scrIpsimus
1786 1033 1795 1066 ;
1821 1030 1948 1068 quare

345 1082 512 1120 veniam
532 1082 603 1121 des
625 1082 847 1121 rusticitati
868 1095 1075 1133 rogamus.

399 1148 672 1197 Argentorati
694 1157 806 1196 1515,
832 1148 891 1185 6t0
910 1147 1013 1187 Idus
1032 1149 1142 1198 Aug.

790 1323 884 1363 344.
948 1322 1080 1363 FROM
1112 1321 1295 1364 ULRIOH
1327 1322 1500 1364 ZAsms

393 1411 580 1446 Deventer
598 1411 675 1446 Ms.
697 1422 751 1456 91,
771 1411 796 1447 f.
816 1422 895 1455 204.
1644 1412 1837 1457 Freiburg.

394 1469 466 1504 LB.
485 1470 580 1514 App.
601 1480 657 1514 27.
1589 1481 1610 1516 9
1628 1471 1775 1516 August
1798 1479 1900 1515 1515.

461 1543 552 1585 [The
569 1546 792 1585 manuscript
809 1545 889 1576 date
907 1554 1027 1585 agrees
1043 1546 1134 1576 with
1152 1545 1331 1577 Erasmus'
1351 1548 1475 1577 return
1493 1547 1528 1577 to
1543 1546 1648 1577 Basle
1666 1547 1704 1576 in
1725 1545 1836 1586 1515]

402 1617 496 1656 SAL.
512 1617 560 1656 P.
575 1617 624 1657 D.
667 1617 800 1666 Quem
824 1618 1115 1657 felicissimum
1139 1619 1340 1657 nuncium
1364 1618 1499 1668 accepi
1522 1620 1563 1656 te
1585 1618 1749 1667 redisse,
1777 1618 1952 1656 Erasme

347 1681 630 1721 doctrinarum
658 1683 790 1731 decus,
822 1683 880 1722 ita
906 1684 1014 1721 mihi
1040 1683 1258 1732 iucundus,
1288 1684 1347 1722 ita
1377 1684 1645 1734 desyderatus
1670 1684 1751 1723 fuit
1778 1685 1835 1731 vt,
1863 1681 1950 1721 nisi

347 1747 476 1786 senile
502 1760 570 1786 me
595 1761 744 1798 corpus
767 1748 1038 1797 distinuisset,
1062 1749 1147 1788 iam
1166 1750 1217 1788 ad
1244 1751 1286 1788 te
1308 1749 1586 1798 salutandum,
1609 1750 1661 1788 ad
1679 1751 1752 1788 tua
1772 1748 1948 1787 numina

347 1812 589 1862 excipienda
625 1814 897 1853 aduolassem.
971 1815 1051 1853 Sed
1091 1815 1257 1864 quando
1298 1815 1481 1865 corporis
1517 1815 1647 1854 moles
1684 1814 1802 1853 tenui
1839 1813 1945 1852 fulta

313 1898 329 1929 5
349 1878 519 1917 tibicine
548 1880 699 1917 statam
728 1879 951 1919 stationem
983 1893 1102 1930 aegre
1134 1880 1298 1929 retinet,
1330 1881 1438 1931 quod
1467 1893 1543 1919 nec
1571 1893 1690 1919 crura
1716 1893 1791 1918 nec
1824 1878 1950 1929 pedes

348 1943 451 1981 satis
479 1957 553 1982 suo
581 1943 737 1982 faciant
765 1944 907 1991 officio,
939 1945 1113 1983 candida
1145 1945 1217 1984 illa
1255 1947 1326 1984 tua
1359 1946 1598 1985 humanitas
1628 1945 1748 1996 aequi
1780 1947 1821 1983 et
1849 1943 1953 1983 boni

349 2009 483 2056 faciat,
507 2009 543 2047 si
561 2009 735 2047 vicarias
752 2023 866 2048 meae
881 2011 1135 2060 praesentiae
1148 2011 1308 2050 litteras
1327 2011 1377 2050 ad
1397 2014 1437 2050 te
1457 2012 1618 2050 dedero.
1668 2011 1790 2051 Saluo
1805 2010 1948 2061 igitur,

350 2073 553 2123 Desyderi
586 2074 773 2123 Erasme,
803 2077 867 2113 ter
898 2076 1078 2114 maxime
1106 2076 1239 2125 heros,
1262 2077 1476 2116 facundiae
1507 2077 1759 2116 Graecarum
1788 2075 1950 2114 Latina-

352 2152 527 2189 rumque
554 2139 790 2178 litterarum
829 2141 1022 2179 omnium
1055 2142 1302 2180 Germaniae
1334 2155 1550 2193 procerum
1582 2142 1704 2181 facile
1733 2141 1949 2191 princeps;

295 2223 333 2245 ιο
350 2217 477 2254 eaque
498 2204 690 2243 ominalis
710 2204 795 2243 dies
810 2205 925 2244 salua
941 2206 1005 2253 sit,
1024 2206 1068 2245 in
1089 2207 1282 2246 meliores
1301 2207 1500 2246 referatur
1513 2208 1652 2255 fastos,
1677 2220 1780 2257 quae
1795 2206 1950 2245 nostris

352 2272 392 2308 te
418 2269 571 2308 iterum
599 2269 750 2309 retulit.
822 2270 967 2309 Multis
1006 2271 1207 2310 nimirum
1247 2272 1487 2311 nominibus
1519 2272 1597 2310 tibi
1626 2272 1787 2310 Basilea
1814 2271 1947 2319 debet,

351 2347 455 2384 quae
483 2335 600 2373 tanto
623 2337 697 2374 tuo
723 2335 882 2374 lumine
901 2336 1024 2375 toties
1046 2337 1292 2376 illustratur.
1351 2338 1384 2377 O
1405 2338 1440 2376 si
1463 2351 1614 2376 aureus
1637 2337 1708 2376 ille
1732 2337 1795 2375 tui
1814 2336 1951 2375 diuini

350 2399 508 2450 ingenii
536 2400 677 2439 radius
710 2401 868 2440 nostris
893 2415 1054 2451 quoque
1080 2403 1321 2441 diuersoriis
1349 2402 1446 2452 (se)
1475 2403 1717 2452 diffudisset,
1740 2415 1842 2452 quae
1870 2414 1946 2440 nos

352 2465 491 2504 bearet
510 2466 697 2514 felicitas,
721 2467 792 2516 qui
810 2469 1034 2517 perpetuus
1053 2481 1129 2506 nos
1149 2468 1270 2506 decor
1286 2470 1525 2518 sequeretur
1541 2470 1550 2507 ἔ
1593 2468 1685 2506 Hoc
1699 2468 1812 2507 enim
1828 2467 1949 2506 fateri

294 2550 331 2581 15
352 2532 392 2568 et
415 2544 465 2569 ex
488 2530 640 2569 iudicio
667 2545 847 2581 possum,
872 2533 1074 2571 sexcentis
1100 2535 1141 2571 et
1170 2533 1350 2583 amplius
1375 2535 1483 2572 retro
1509 2533 1631 2572 annis
1656 2534 1881 2572 doctiorem
1907 2533 1948 2571 te

353 2595 599 2635 Germaniae
619 2597 686 2635 vel
706 2597 821 2637 omni
840 2610 1054 2648 nunquam
1079 2598 1313 2647 contigisse.
1370 2599 1649 2637 Admirabilis
1673 2601 1745 2637 tua
1773 2598 1949 2636 eruditio

352 2662 471 2699 testis
497 2663 569 2709 est,
600 2663 728 2701 testes
758 2663 1064 2702 torrentissima
1091 2664 1348 2714 eloquentiae
1377 2666 1472 2703 tuae
1501 2663 1684 2712 flumina,
1716 2663 1750 2702 si
1780 2663 1972 2702 interim*

397 2747 470 2778 343.
497 2757 563 2778 ΤῙΤ.
578 2757 668 2779 IDEM
684 2752 756 2778 ante
771 2758 938 2780 MCOLAvs
954 2752 1035 2790 MS„
1053 2752 1101 2780 vbi
1116 2752 1176 2788 Ep.
1191 2751 1256 2789 383
1269 2753 1435 2787 praecedit.
1553 2750 1627 2780 344.
1652 2751 1683 2781 6.
1700 2750 1835 2781 faciant
1850 2749 1920 2780 MS.
1936 2761 1943 2779 ε

355 2789 552 2830 fungantur
568 2794 632 2822 LB.
725 2802 773 2831 13.
798 2803 834 2823 se
851 2796 926 2825 add.
943 2796 996 2824 LB
1012 2797 1047 2823 in
1056 2796 1122 2830 fine
1137 2804 1250 2826 versus.

399 2888 472 2918 343.
498 2898 526 2927 5.
551 2891 705 2932 sarcina]
731 2891 804 2922 The
827 2891 979 2931 sending
1001 2892 1040 2923 of
1059 2893 1119 2923 the
1188 2902 1264 2932 349.
1282 2893 1357 2932 3-6.
1404 2892 1549 2923 Gerbell
1561 2901 1634 2923 was
1649 2890 1822 2932 probably
1836 2891 1947 2922 work-

355 2931 472 2969 parcel
519 2935 554 2963 at
599 2935 673 2964 this
711 2936 800 2965 time
838 2938 998 2975 suggests
1039 2937 1119 2967 that
1188 2935 1700 2976 ingwithacopyofMartens’
1717 2944 1801 2974 1509
1813 2934 1951 2965 edition-

357 2974 527 3004 Erasmus
547 2976 617 3006 had
642 2979 704 3007 not
728 2978 812 3018 long
833 2978 895 3009 left
916 2979 1116 3019 Strasburg.
1188 2979 1365 3010 corrected
1383 2980 1430 3018 by
1445 2980 1626 3010 Erasmus.

402 3017 433 3047 6.
457 3017 569 3058 Opus]
593 3019 666 3050 The
689 3023 944 3060 Lucum-ationem
979 3023 1022 3053 cf.
1051 3023 1114 3062 Ep.
1231 3023 1306 3054 344.
1331 3034 1362 3061 4.
1387 3023 1505 3063 tenui]
1530 3022 1679 3053 cf.Juv.
1696 3030 1727 3059 3.
1747 3030 1815 3060 193.
