<?xml version="1.0" encoding="UTF-8"?>
<!DOCTYPE html PUBLIC "-//W3C//DTD XHTML 1.0 Transitional//EN"
    "http://www.w3.org/TR/xhtml1/DTD/xhtml1-transitional.dtd">
<html xmlns="http://www.w3.org/1999/xhtml" xml:lang="en" lang="en">
 <head>
  <title>
</title>
<meta http-equiv="Content-Type" content="text/html;charset=utf-8" />
  <meta name='ocr-system' content='tesseract 3.04.00' />
  <meta name='ocr-capabilities' content='ocr_page ocr_carea ocr_par ocr_line ocrx_word'/>
</head>
<body>
  <div class='ocr_page' id='page_1' title='image "./opusepistolarumd02erasuoft/opusepistolarumd02erasuoft_0238.png"; bbox 0 0 2010 3417; ppageno 0'>
   <div class='ocr_carea' id='block_1_1' title="bbox 218 635 255 656">
    <p class='ocr_par' dir='ltr' id='par_1_1' title="bbox 218 635 255 656">
     <span class='ocr_line' id='line_1_1' title="bbox 218 635 255 656; baseline 0 0"><span class='ocrx_word' id='word_1_1' title='bbox 218 635 255 656; x_wconf 86' lang='lat'>10</span> 
     </span>
    </p>
   </div>
   <div class='ocr_carea' id='block_1_2' title="bbox 216 1290 256 1312">
    <p class='ocr_par' dir='ltr' id='par_1_2' title="bbox 216 1290 256 1312">
     <span class='ocr_line' id='line_1_2' title="bbox 216 1290 256 1312; baseline 0 0"><span class='ocrx_word' id='word_1_2' title='bbox 216 1290 256 1312; x_wconf 88' lang='lat'>20</span> 
     </span>
    </p>
   </div>
   <div class='ocr_carea' id='block_1_3' title="bbox 218 2268 256 2300">
    <p class='ocr_par' dir='ltr' id='par_1_3' title="bbox 218 2268 256 2300">
     <span class='ocr_line' id='line_1_3' title="bbox 218 2268 256 2300; baseline 0.026 -1"><span class='ocrx_word' id='word_1_3' title='bbox 218 2268 256 2300; x_wconf 85' lang='lat'>35</span> 
     </span>
    </p>
   </div>
   <div class='ocr_carea' id='block_1_4' title="bbox 217 2594 259 2626">
    <p class='ocr_par' dir='ltr' id='par_1_4' title="bbox 217 2594 259 2626">
     <span class='ocr_line' id='line_1_4' title="bbox 217 2594 259 2626; baseline 0 -10"><span class='ocrx_word' id='word_1_4' title='bbox 217 2594 259 2626; x_wconf 77' lang='lat'>40</span> 
     </span>
    </p>
   </div>
   <div class='ocr_carea' id='block_1_5' title="bbox 277 118 1872 174">
    <p class='ocr_par' dir='ltr' id='par_1_5' title="bbox 277 118 1872 174">
     <span class='ocr_line' id='line_1_5' title="bbox 277 118 1872 174; baseline -0.004 -10"><span class='ocrx_word' id='word_1_5' title='bbox 277 127 357 166; x_wconf 81' lang='lat'>212</span> <span class='ocrx_word' id='word_1_6' title='bbox 742 123 993 163; x_wconf 83' lang='lat' dir='ltr'><strong>LETTERS</strong></span> <span class='ocrx_word' id='word_1_7' title='bbox 1031 123 1100 163; x_wconf 85' lang='lat' dir='ltr'>OF</span> <span class='ocrx_word' id='word_1_8' title='bbox 1137 122 1406 162; x_wconf 78' lang='lat' dir='ltr'><strong>ERASMUS</strong></span> <span class='ocrx_word' id='word_1_9' title='bbox 1744 118 1872 174; x_wconf 88' lang='lat'><strong>[1516</strong></span> 
     </span>
    </p>
   </div>
   <div class='ocr_carea' id='block_1_6' title="bbox 273 229 1876 934">
    <p class='ocr_par' dir='ltr' id='par_1_6' title="bbox 273 229 1876 934">
     <span class='ocr_line' id='line_1_6' title="bbox 278 229 1874 282; baseline -0.004 -7"><span class='ocrx_word' id='word_1_10' title='bbox 278 236 448 276; x_wconf 79' lang='lat' dir='ltr'>orandas</span> <span class='ocrx_word' id='word_1_11' title='bbox 481 234 678 272; x_wconf 73' lang='lat' dir='ltr'>ducerent</span> <span class='ocrx_word' id='word_1_12' title='bbox 697 247 706 280; x_wconf 88' lang='grc'>;</span> <span class='ocrx_word' id='word_1_13' title='bbox 735 245 863 282; x_wconf 89' lang='lat' dir='ltr'>eaque</span> <span class='ocrx_word' id='word_1_14' title='bbox 889 244 985 270; x_wconf 87' lang='lat' dir='ltr'>cum</span> <span class='ocrx_word' id='word_1_15' title='bbox 1011 230 1159 280; x_wconf 88' lang='lat' dir='ltr'>primis</span> <span class='ocrx_word' id='word_1_16' title='bbox 1182 243 1278 268; x_wconf 87' lang='lat' dir='ltr'>cura</span> <span class='ocrx_word' id='word_1_17' title='bbox 1298 230 1478 268; x_wconf 87' lang='lat' dir='ltr'>summis</span> <span class='ocrx_word' id='word_1_18' title='bbox 1502 242 1548 268; x_wconf 86' lang='lat' dir='ltr'>ac</span> <span class='ocrx_word' id='word_1_19' title='bbox 1566 229 1874 269; x_wconf 89' lang='lat' dir='ltr'>florentissimis</span> 
     </span>
     <span class='ocr_line' id='line_1_7' title="bbox 276 294 1874 350; baseline -0.003 -11"><span class='ocrx_word' id='word_1_20' title='bbox 276 300 441 350; x_wconf 87' lang='lat' dir='ltr'>regibus</span> <span class='ocrx_word' id='word_1_21' title='bbox 461 299 585 348; x_wconf 86' lang='lat' dir='ltr'>digna</span> <span class='ocrx_word' id='word_1_22' title='bbox 603 297 827 344; x_wconf 83' lang='lat' dir='ltr'>videretur,</span> <span class='ocrx_word' id='word_1_23' title='bbox 851 296 886 334; x_wconf 93' lang='lat' dir='ltr'>si</span> <span class='ocrx_word' id='word_1_24' title='bbox 906 295 1198 334; x_wconf 83' lang='lat' dir='ltr'>excellentium</span> <span class='ocrx_word' id='word_1_25' title='bbox 1215 294 1401 333; x_wconf 86' lang='lat' dir='ltr'>virorum</span> <span class='ocrx_word' id='word_1_26' title='bbox 1421 294 1561 343; x_wconf 90' lang='lat' dir='ltr'>libros,</span> <span class='ocrx_word' id='word_1_27' title='bbox 1584 308 1664 345; x_wconf 93' lang='lat' dir='ltr'>quo</span> <span class='ocrx_word' id='word_1_28' title='bbox 1683 295 1874 344; x_wconf 89' lang='lat' dir='ltr'>pluribus</span> 
     </span>
     <span class='ocr_line' id='line_1_8' title="bbox 276 359 1871 413; baseline -0.003 -10"><span class='ocrx_word' id='word_1_29' title='bbox 276 364 368 404; x_wconf 88' lang='lat' dir='ltr'>vsui</span> <span class='ocrx_word' id='word_1_30' title='bbox 395 376 483 402; x_wconf 85' lang='lat' dir='ltr'>esse</span> <span class='ocrx_word' id='word_1_31' title='bbox 508 363 692 413; x_wconf 87' lang='lat' dir='ltr'>possent,</span> <span class='ocrx_word' id='word_1_32' title='bbox 713 361 757 399; x_wconf 90' lang='lat' dir='ltr'>in</span> <span class='ocrx_word' id='word_1_33' title='bbox 788 361 970 400; x_wconf 87' lang='lat' dir='ltr'>diuersas</span> <span class='ocrx_word' id='word_1_34' title='bbox 995 360 1157 411; x_wconf 86' lang='lat' dir='ltr'>linguas</span> <span class='ocrx_word' id='word_1_35' title='bbox 1190 359 1499 399; x_wconf 84' lang='lat' dir='ltr'>transferendos</span> <span class='ocrx_word' id='word_1_36' title='bbox 1524 362 1744 399; x_wconf 88' lang='lat' dir='ltr'>curarent:</span> <span class='ocrx_word' id='word_1_37' title='bbox 1772 360 1871 399; x_wconf 91' lang='lat' dir='ltr'>hinc</span> 
     </span>
     <span class='ocr_line' id='line_1_9' title="bbox 274 424 1873 476; baseline -0.002 -8"><span class='ocrx_word' id='word_1_38' title='bbox 274 429 466 468; x_wconf 88' lang='lat' dir='ltr'>videlicet</span> <span class='ocrx_word' id='word_1_39' title='bbox 491 430 532 466; x_wconf 89' lang='lat' dir='ltr'>et</span> <span class='ocrx_word' id='word_1_40' title='bbox 558 427 639 466; x_wconf 84' lang='lat' dir='ltr'>sibi</span> <span class='ocrx_word' id='word_1_41' title='bbox 666 426 930 466; x_wconf 80' lang='lat' dir='ltr'>verissimam</span> <span class='ocrx_word' id='word_1_42' title='bbox 959 425 1317 476; x_wconf 73' lang='lat' dir='ltr'>certissimamque</span> <span class='ocrx_word' id='word_1_43' title='bbox 1348 424 1515 464; x_wconf 90' lang='lat' dir='ltr'>laudem</span> <span class='ocrx_word' id='word_1_44' title='bbox 1543 426 1585 464; x_wconf 91' lang='lat' dir='ltr'>et</span> <span class='ocrx_word' id='word_1_45' title='bbox 1613 438 1740 475; x_wconf 90' lang='lat' dir='ltr'>regno</span> <span class='ocrx_word' id='word_1_46' title='bbox 1762 438 1873 475; x_wconf 86' lang='lat' dir='ltr'>prae-</span> 
     </span>
     <span class='ocr_line' id='line_1_10' title="bbox 275 490 1876 546; baseline -0.003 -12"><span class='ocrx_word' id='word_1_47' title='bbox 275 495 443 546; x_wconf 88' lang='lat' dir='ltr'>cipuum</span> <span class='ocrx_word' id='word_1_48' title='bbox 464 494 759 532; x_wconf 77' lang='lat' dir='ltr'>ornamentum</span> <span class='ocrx_word' id='word_1_49' title='bbox 778 504 1040 530; x_wconf 88' lang='lat' dir='ltr'>accessurum</span> <span class='ocrx_word' id='word_1_50' title='bbox 1061 491 1153 539; x_wconf 90' lang='lat' dir='ltr'>rati,</span> <span class='ocrx_word' id='word_1_51' title='bbox 1176 491 1212 530; x_wconf 90' lang='lat' dir='ltr'>si</span> <span class='ocrx_word' id='word_1_52' title='bbox 1230 490 1525 529; x_wconf 83' lang='lat' dir='ltr'>bibliothecam</span> <span class='ocrx_word' id='word_1_53' title='bbox 1551 504 1677 540; x_wconf 91' lang='lat' dir='ltr'>quam</span> <span class='ocrx_word' id='word_1_54' title='bbox 1703 490 1876 541; x_wconf 85' lang='lat' dir='ltr'>optimis</span> 
     </span>
     <span class='ocr_line' id='line_1_11' title="bbox 274 555 1868 606; baseline -0.003 -7"><span class='ocrx_word' id='word_1_55' title='bbox 274 559 401 599; x_wconf 90' lang='lat' dir='ltr'>simul</span> <span class='ocrx_word' id='word_1_56' title='bbox 428 561 469 598; x_wconf 91' lang='lat' dir='ltr'>et</span> <span class='ocrx_word' id='word_1_57' title='bbox 493 556 843 597; x_wconf 86' lang='lat' dir='ltr'>emendatissimis</span> <span class='ocrx_word' id='word_1_58' title='bbox 870 556 1081 595; x_wconf 86' lang='lat' dir='ltr'>codicibus</span> <span class='ocrx_word' id='word_1_59' title='bbox 1108 556 1357 595; x_wconf 83' lang='lat' dir='ltr'>instructam</span> <span class='ocrx_word' id='word_1_60' title='bbox 1385 555 1620 606; x_wconf 89' lang='lat' dir='ltr'>posteritati</span> <span class='ocrx_word' id='word_1_61' title='bbox 1646 555 1868 594; x_wconf 83' lang='lat' dir='ltr'>traderent.</span> 
     </span>
     <span class='ocr_line' id='line_1_12' title="bbox 275 621 1873 674; baseline -0.003 -11"><span class='ocrx_word' id='word_1_62' title='bbox 275 625 360 664; x_wconf 89' lang='lat' dir='ltr'>Nec</span> <span class='ocrx_word' id='word_1_63' title='bbox 393 624 524 663; x_wconf 88' lang='lat' dir='ltr'>vllam</span> <span class='ocrx_word' id='word_1_64' title='bbox 553 624 788 674; x_wconf 88' lang='lat' dir='ltr'>grauiorem</span> <span class='ocrx_word' id='word_1_65' title='bbox 818 622 1020 661; x_wconf 89' lang='lat' dir='ltr'>iacturam</span> <span class='ocrx_word' id='word_1_66' title='bbox 1050 621 1234 661; x_wconf 89' lang='lat' dir='ltr'>accidere</span> <span class='ocrx_word' id='word_1_67' title='bbox 1263 635 1383 671; x_wconf 89' lang='lat' dir='ltr'>posse</span> <span class='ocrx_word' id='word_1_68' title='bbox 1417 621 1657 660; x_wconf 87' lang='lat' dir='ltr'>iudicabant</span> <span class='ocrx_word' id='word_1_69' title='bbox 1680 633 1805 671; x_wconf 90' lang='lat' dir='ltr'>quam</span> <span class='ocrx_word' id='word_1_70' title='bbox 1837 621 1873 659; x_wconf 85' lang='lat' dir='ltr'>si</span> 
     </span>
     <span class='ocr_line' id='line_1_13' title="bbox 274 686 1874 742; baseline -0.003 -13"><span class='ocrx_word' id='word_1_71' title='bbox 274 691 372 742; x_wconf 90' lang='lat' dir='ltr'>quid</span> <span class='ocrx_word' id='word_1_72' title='bbox 399 703 449 729; x_wconf 81' lang='lat' dir='ltr'>ex</span> <span class='ocrx_word' id='word_1_73' title='bbox 475 689 517 728; x_wconf 90' lang='lat' dir='ltr'>id</span> <span class='ocrx_word' id='word_1_74' title='bbox 543 701 674 740; x_wconf 86' lang='lat' dir='ltr'>genus</span> <span class='ocrx_word' id='word_1_75' title='bbox 694 688 841 738; x_wconf 92' lang='lat' dir='ltr'>opibus</span> <span class='ocrx_word' id='word_1_76' title='bbox 868 687 1154 726; x_wconf 86' lang='lat' dir='ltr'>intercidisset.</span> <span class='ocrx_word' id='word_1_77' title='bbox 1214 687 1396 726; x_wconf 88' lang='lat' dir='ltr'>Proinde</span> <span class='ocrx_word' id='word_1_78' title='bbox 1421 701 1474 726; x_wconf 88' lang='lat' dir='ltr'>ne</span> <span class='ocrx_word' id='word_1_79' title='bbox 1498 687 1568 737; x_wconf 88' lang='lat' dir='ltr'>qui</span> <span class='ocrx_word' id='word_1_80' title='bbox 1588 686 1675 725; x_wconf 91' lang='lat' dir='ltr'>suis</span> <span class='ocrx_word' id='word_1_81' title='bbox 1692 686 1874 736; x_wconf 88' lang='lat' dir='ltr'>ingeniis</span> 
     </span>
     <span class='ocr_line' id='line_1_14' title="bbox 273 752 1869 806; baseline -0.004 -11"><span class='ocrx_word' id='word_1_82' title='bbox 273 756 440 806; x_wconf 90' lang='lat' dir='ltr'>suisque</span> <span class='ocrx_word' id='word_1_83' title='bbox 471 754 625 805; x_wconf 82' lang='lat' dir='ltr'>vigiliis</span> <span class='ocrx_word' id='word_1_84' title='bbox 657 755 870 804; x_wconf 82' lang='lat' dir='ltr'>tantopere</span> <span class='ocrx_word' id='word_1_85' title='bbox 908 753 958 791; x_wconf 88' lang='lat' dir='ltr'>de</span> <span class='ocrx_word' id='word_1_86' title='bbox 988 752 1236 792; x_wconf 87' lang='lat' dir='ltr'>mortalibus</span> <span class='ocrx_word' id='word_1_87' title='bbox 1265 753 1475 792; x_wconf 86' lang='lat' dir='ltr'>vniuersis</span> <span class='ocrx_word' id='word_1_88' title='bbox 1509 752 1649 792; x_wconf 89' lang='lat' dir='ltr'>meriti</span> <span class='ocrx_word' id='word_1_89' title='bbox 1681 752 1869 799; x_wconf 87' lang='lat' dir='ltr'>fuissent,</span> 
     </span>
     <span class='ocr_line' id='line_1_15' title="bbox 274 817 1876 869; baseline -0.003 -8"><span class='ocrx_word' id='word_1_90' title='bbox 274 823 424 862; x_wconf 89' lang='lat' dir='ltr'>horum</span> <span class='ocrx_word' id='word_1_91' title='bbox 453 819 654 859; x_wconf 89' lang='lat' dir='ltr'>memoria</span> <span class='ocrx_word' id='word_1_92' title='bbox 680 819 836 858; x_wconf 88' lang='lat' dir='ltr'>iniuria</span> <span class='ocrx_word' id='word_1_93' title='bbox 865 820 1102 869; x_wconf 86' lang='lat' dir='ltr'>temporum</span> <span class='ocrx_word' id='word_1_94' title='bbox 1132 818 1241 857; x_wconf 88' lang='lat' dir='ltr'>nihil</span> <span class='ocrx_word' id='word_1_95' title='bbox 1274 832 1358 857; x_wconf 94' lang='lat' dir='ltr'>non</span> <span class='ocrx_word' id='word_1_96' title='bbox 1388 817 1723 857; x_wconf 89' lang='lat' dir='ltr'>oblitterantium</span> <span class='ocrx_word' id='word_1_97' title='bbox 1750 817 1876 856; x_wconf 86' lang='lat' dir='ltr'>inter·</span> 
     </span>
     <span class='ocr_line' id='line_1_16' title="bbox 274 882 1872 934; baseline -0.003 -9"><span class='ocrx_word' id='word_1_98' title='bbox 274 887 514 933; x_wconf 87' lang='lat' dir='ltr'>moreretur,</span> <span class='ocrx_word' id='word_1_99' title='bbox 549 885 742 924; x_wconf 89' lang='lat' dir='ltr'>authores</span> <span class='ocrx_word' id='word_1_100' title='bbox 779 884 892 934; x_wconf 90' lang='lat' dir='ltr'>ipsos</span> <span class='ocrx_word' id='word_1_101' title='bbox 925 883 1074 922; x_wconf 86' lang='lat' dir='ltr'>statuis</span> <span class='ocrx_word' id='word_1_102' title='bbox 1105 896 1149 922; x_wconf 86' lang='lat' dir='ltr'>ac</span> <span class='ocrx_word' id='word_1_103' title='bbox 1184 883 1356 934; x_wconf 88' lang='lat' dir='ltr'>picturis</span> <span class='ocrx_word' id='word_1_104' title='bbox 1389 895 1604 934; x_wconf 84' lang='lat' dir='ltr'>expressos</span> <span class='ocrx_word' id='word_1_105' title='bbox 1637 882 1793 933; x_wconf 88' lang='lat' dir='ltr'>passim</span> <span class='ocrx_word' id='word_1_106' title='bbox 1827 882 1872 921; x_wconf 89' lang='lat' dir='ltr'>in</span> 
     </span>
    </p>
   </div>
   <div class='ocr_carea' id='block_1_7' title="bbox 238 948 1871 1002">
    <p class='ocr_par' dir='ltr' id='par_1_7' title="bbox 238 948 1871 1002">
     <span class='ocr_line' id='line_1_17' title="bbox 238 948 1871 1002; baseline -0.003 -10"><span class='ocrx_word' id='word_1_107' title='bbox 238 963 253 994; x_wconf 74' lang='grc' dir='ltr'>ζ</span> <span class='ocrx_word' id='word_1_108' title='bbox 275 952 503 1002; x_wconf 89' lang='lat' dir='ltr'>porticibus</span> <span class='ocrx_word' id='word_1_109' title='bbox 523 964 569 989; x_wconf 90' lang='lat' dir='ltr'>ac</span> <span class='ocrx_word' id='word_1_110' title='bbox 590 949 854 989; x_wconf 86' lang='lat' dir='ltr'>bibliothecis</span> <span class='ocrx_word' id='word_1_111' title='bbox 879 949 1088 999; x_wconf 88' lang='lat' dir='ltr'>ponebant</span> <span class='ocrx_word' id='word_1_112' title='bbox 1106 963 1115 997; x_wconf 92' lang='grc'>;</span> <span class='ocrx_word' id='word_1_113' title='bbox 1144 962 1225 1000; x_wconf 88' lang='lat' dir='ltr'>qua</span> <span class='ocrx_word' id='word_1_114' title='bbox 1245 951 1353 988; x_wconf 87' lang='lat' dir='ltr'>certe</span> <span class='ocrx_word' id='word_1_115' title='bbox 1372 949 1490 988; x_wconf 90' lang='lat' dir='ltr'>licuit</span> <span class='ocrx_word' id='word_1_116' title='bbox 1510 949 1606 988; x_wconf 91' lang='lat' dir='ltr'>illos</span> <span class='ocrx_word' id='word_1_117' title='bbox 1625 949 1676 988; x_wconf 88' lang='lat' dir='ltr'>ab</span> <span class='ocrx_word' id='word_1_118' title='bbox 1696 948 1871 987; x_wconf 87' lang='lat' dir='ltr'>interitu</span> 
     </span>
    </p>
   </div>
   <div class='ocr_carea' id='block_1_8' title="bbox 273 1013 1879 1587">
    <p class='ocr_par' dir='ltr' id='par_1_8' title="bbox 273 1013 1879 1587">
     <span class='ocr_line' id='line_1_18' title="bbox 275 1013 1871 1065; baseline -0.003 -9"><span class='ocrx_word' id='word_1_119' title='bbox 275 1018 545 1056; x_wconf 74' lang='lat' dir='ltr'>vindicantes,</span> <span class='ocrx_word' id='word_1_120' title='bbox 589 1016 699 1054; x_wconf 84' lang='lat' dir='ltr'>Tum</span> <span class='ocrx_word' id='word_1_121' title='bbox 719 1015 946 1053; x_wconf 90' lang='lat' dir='ltr'>eorundem</span> <span class='ocrx_word' id='word_1_122' title='bbox 961 1015 1311 1065; x_wconf 83' lang='lat' dir='ltr'>apophthegmata</span> <span class='ocrx_word' id='word_1_123' title='bbox 1325 1015 1523 1054; x_wconf 88' lang='lat' dir='ltr'>marmori</span> <span class='ocrx_word' id='word_1_124' title='bbox 1537 1014 1702 1065; x_wconf 89' lang='lat' dir='ltr'>aerique</span> <span class='ocrx_word' id='word_1_125' title='bbox 1716 1013 1871 1064; x_wconf 87' lang='lat' dir='ltr'>passim</span> 
     </span>
     <span class='ocr_line' id='line_1_19' title="bbox 274 1079 1872 1132; baseline -0.003 -11"><span class='ocrx_word' id='word_1_126' title='bbox 274 1082 484 1132; x_wconf 87' lang='lat' dir='ltr'>insculpta</span> <span class='ocrx_word' id='word_1_127' title='bbox 521 1079 760 1120; x_wconf 87' lang='lat' dir='ltr'>mortalium</span> <span class='ocrx_word' id='word_1_128' title='bbox 800 1079 930 1119; x_wconf 88' lang='lat' dir='ltr'>oculis</span> <span class='ocrx_word' id='word_1_129' title='bbox 966 1079 1223 1129; x_wconf 82' lang='lat' dir='ltr'>ingerebant,</span> <span class='ocrx_word' id='word_1_130' title='bbox 1262 1079 1391 1119; x_wconf 87' lang='lat' dir='ltr'>libros</span> <span class='ocrx_word' id='word_1_131' title='bbox 1432 1079 1594 1130; x_wconf 87' lang='lat' dir='ltr'>ingenti</span> <span class='ocrx_word' id='word_1_132' title='bbox 1636 1079 1872 1128; x_wconf 90' lang='lat' dir='ltr'>redemptos</span> 
     </span>
     <span class='ocr_line' id='line_1_20' title="bbox 275 1143 1879 1197; baseline -0.002 -11"><span class='ocrx_word' id='word_1_133' title='bbox 275 1147 410 1197; x_wconf 89' lang='lat' dir='ltr'>precio</span> <span class='ocrx_word' id='word_1_134' title='bbox 429 1158 662 1196; x_wconf 90' lang='lat' dir='ltr'>magnaque</span> <span class='ocrx_word' id='word_1_135' title='bbox 683 1145 765 1184; x_wconf 89' lang='lat' dir='ltr'>fide</span> <span class='ocrx_word' id='word_1_136' title='bbox 784 1145 851 1184; x_wconf 86' lang='lat' dir='ltr'>vel</span> <span class='ocrx_word' id='word_1_137' title='bbox 871 1145 1071 1194; x_wconf 90' lang='lat' dir='ltr'>religione</span> <span class='ocrx_word' id='word_1_138' title='bbox 1090 1145 1232 1195; x_wconf 90' lang='lat' dir='ltr'>potius</span> <span class='ocrx_word' id='word_1_139' title='bbox 1252 1145 1477 1196; x_wconf 88' lang='lat' dir='ltr'>descriptos</span> <span class='ocrx_word' id='word_1_140' title='bbox 1497 1144 1677 1184; x_wconf 82' lang='lat' dir='ltr'>cedrinis</span> <span class='ocrx_word' id='word_1_141' title='bbox 1692 1143 1879 1182; x_wconf 85' lang='lat' dir='ltr'>inclusos-</span> 
     </span>
     <span class='ocr_line' id='line_1_21' title="bbox 275 1210 1872 1263; baseline -0.003 -12"><span class='ocrx_word' id='word_1_142' title='bbox 275 1212 455 1263; x_wconf 89' lang='lat' dir='ltr'>capsulis</span> <span class='ocrx_word' id='word_1_143' title='bbox 480 1213 573 1250; x_wconf 89' lang='lat' dir='ltr'>tum</span> <span class='ocrx_word' id='word_1_144' title='bbox 599 1210 711 1249; x_wconf 87' lang='lat' dir='ltr'>cedri</span> <span class='ocrx_word' id='word_1_145' title='bbox 736 1223 856 1249; x_wconf 90' lang='lat' dir='ltr'>succo</span> <span class='ocrx_word' id='word_1_146' title='bbox 886 1210 1037 1249; x_wconf 89' lang='lat' dir='ltr'>oblitos</span> <span class='ocrx_word' id='word_1_147' title='bbox 1065 1210 1110 1249; x_wconf 88' lang='lat' dir='ltr'>in</span> <span class='ocrx_word' id='word_1_148' title='bbox 1137 1210 1307 1261; x_wconf 87' lang='lat' dir='ltr'>templis</span> <span class='ocrx_word' id='word_1_149' title='bbox 1336 1211 1616 1261; x_wconf 75' lang='lat' dir='ltr'>reponebant;</span> <span class='ocrx_word' id='word_1_150' title='bbox 1645 1210 1798 1260; x_wconf 88' lang='lat' dir='ltr'>partim</span> <span class='ocrx_word' id='word_1_151' title='bbox 1826 1211 1872 1248; x_wconf 82' lang='lat' dir='ltr'>vt</span> 
     </span>
     <span class='ocr_line' id='line_1_22' title="bbox 274 1274 1873 1327; baseline -0.003 -11"><span class='ocrx_word' id='word_1_152' title='bbox 274 1278 335 1316; x_wconf 90' lang='lat' dir='ltr'>rei</span> <span class='ocrx_word' id='word_1_153' title='bbox 354 1280 441 1316; x_wconf 90' lang='lat' dir='ltr'>tam</span> <span class='ocrx_word' id='word_1_154' title='bbox 467 1290 603 1316; x_wconf 86' lang='lat' dir='ltr'>sacrae</span> <span class='ocrx_word' id='word_1_155' title='bbox 626 1278 794 1326; x_wconf 87' lang='lat' dir='ltr'>tamque</span> <span class='ocrx_word' id='word_1_156' title='bbox 817 1275 984 1314; x_wconf 89' lang='lat' dir='ltr'>diuinae</span> <span class='ocrx_word' id='word_1_157' title='bbox 1008 1276 1193 1315; x_wconf 86' lang='lat' dir='ltr'>custodia</span> <span class='ocrx_word' id='word_1_158' title='bbox 1221 1289 1304 1315; x_wconf 91' lang='lat' dir='ltr'>non</span> <span class='ocrx_word' id='word_1_159' title='bbox 1333 1276 1426 1315; x_wconf 87' lang='lat' dir='ltr'>aliis</span> <span class='ocrx_word' id='word_1_160' title='bbox 1455 1289 1580 1327; x_wconf 88' lang='lat' dir='ltr'>quam</span> <span class='ocrx_word' id='word_1_161' title='bbox 1609 1274 1712 1325; x_wconf 91' lang='lat' dir='ltr'>ipsis</span> <span class='ocrx_word' id='word_1_162' title='bbox 1740 1274 1873 1313; x_wconf 87' lang='lat' dir='ltr'>numi·</span> 
     </span>
     <span class='ocr_line' id='line_1_23' title="bbox 276 1341 1874 1392; baseline -0.001 -11"><span class='ocrx_word' id='word_1_163' title='bbox 276 1343 400 1382; x_wconf 83' lang='lat' dir='ltr'>nibus</span> <span class='ocrx_word' id='word_1_164' title='bbox 419 1341 749 1389; x_wconf 88' lang='lat' dir='ltr'>concrederetur,</span> <span class='ocrx_word' id='word_1_165' title='bbox 768 1341 923 1391; x_wconf 90' lang='lat' dir='ltr'>partim</span> <span class='ocrx_word' id='word_1_166' title='bbox 944 1354 996 1379; x_wconf 91' lang='lat' dir='ltr'>ne</span> <span class='ocrx_word' id='word_1_167' title='bbox 1016 1341 1114 1392; x_wconf 91' lang='lat' dir='ltr'>quid</span> <span class='ocrx_word' id='word_1_168' title='bbox 1141 1341 1246 1380; x_wconf 83' lang='lat' dir='ltr'>situs</span> <span class='ocrx_word' id='word_1_169' title='bbox 1265 1343 1337 1380; x_wconf 89' lang='lat' dir='ltr'>aut</span> <span class='ocrx_word' id='word_1_170' title='bbox 1358 1342 1485 1380; x_wconf 87' lang='lat' dir='ltr'>caries</span> <span class='ocrx_word' id='word_1_171' title='bbox 1509 1341 1581 1380; x_wconf 90' lang='lat' dir='ltr'>illa</span> <span class='ocrx_word' id='word_1_172' title='bbox 1600 1342 1874 1380; x_wconf 88' lang='lat' dir='ltr'>monumenta</span> 
     </span>
     <span class='ocr_line' id='line_1_24' title="bbox 273 1405 1871 1457; baseline -0.001 -11"><span class='ocrx_word' id='word_1_173' title='bbox 273 1407 441 1446; x_wconf 89' lang='lat' dir='ltr'>vitiaret</span> <span class='ocrx_word' id='word_1_174' title='bbox 461 1420 564 1456; x_wconf 87' lang='lat' dir='ltr'>quae</span> <span class='ocrx_word' id='word_1_175' title='bbox 585 1406 672 1445; x_wconf 91' lang='lat' dir='ltr'>sola</span> <span class='ocrx_word' id='word_1_176' title='bbox 691 1406 931 1456; x_wconf 88' lang='lat' dir='ltr'>principum</span> <span class='ocrx_word' id='word_1_177' title='bbox 954 1405 1129 1456; x_wconf 89' lang='lat' dir='ltr'>gloriam</span> <span class='ocrx_word' id='word_1_178' title='bbox 1150 1420 1173 1445; x_wconf 88' lang='lat' dir='ltr'>a</span> <span class='ocrx_word' id='word_1_179' title='bbox 1193 1405 1278 1446; x_wconf 90' lang='lat' dir='ltr'>situ</span> <span class='ocrx_word' id='word_1_180' title='bbox 1298 1408 1482 1457; x_wconf 87' lang='lat' dir='ltr'>carieque</span> <span class='ocrx_word' id='word_1_181' title='bbox 1503 1408 1661 1456; x_wconf 87' lang='lat' dir='ltr'>queunt</span> <span class='ocrx_word' id='word_1_182' title='bbox 1679 1418 1871 1453; x_wconf 85' lang='lat' dir='ltr'>asserere,</span> 
     </span>
     <span class='ocr_line' id='line_1_25' title="bbox 274 1471 1850 1522; baseline -0.001 -11"><span class='ocrx_word' id='word_1_183' title='bbox 274 1474 315 1511; x_wconf 90' lang='lat' dir='ltr'>et</span> <span class='ocrx_word' id='word_1_184' title='bbox 334 1473 505 1522; x_wconf 88' lang='lat' dir='ltr'>impune</span> <span class='ocrx_word' id='word_1_185' title='bbox 523 1472 894 1511; x_wconf 88' lang='lat' dir='ltr'>intermorerentur</span> <span class='ocrx_word' id='word_1_186' title='bbox 912 1485 1014 1522; x_wconf 90' lang='lat' dir='ltr'>quae</span> <span class='ocrx_word' id='word_1_187' title='bbox 1034 1474 1246 1521; x_wconf 87' lang='lat' dir='ltr'>praestant</span> <span class='ocrx_word' id='word_1_188' title='bbox 1266 1472 1460 1511; x_wconf 89' lang='lat' dir='ltr'>omnibus</span> <span class='ocrx_word' id='word_1_189' title='bbox 1480 1471 1850 1510; x_wconf 88' lang='lat' dir='ltr'>immortalitatem.</span> 
     </span>
     <span class='ocr_line' id='line_1_26' title="bbox 329 1536 1874 1587; baseline -0.001 -11"><span class='ocrx_word' id='word_1_190' title='bbox 329 1538 516 1576; x_wconf 87' lang='lat' dir='ltr'>Fuerunt</span> <span class='ocrx_word' id='word_1_191' title='bbox 536 1537 609 1587; x_wconf 88' lang='lat' dir='ltr'>qui</span> <span class='ocrx_word' id='word_1_192' title='bbox 628 1550 702 1575; x_wconf 89' lang='lat' dir='ltr'>nec</span> <span class='ocrx_word' id='word_1_193' title='bbox 721 1536 797 1575; x_wconf 88' lang='lat' dir='ltr'>hac</span> <span class='ocrx_word' id='word_1_194' title='bbox 824 1537 1010 1575; x_wconf 89' lang='lat' dir='ltr'>contenti</span> <span class='ocrx_word' id='word_1_195' title='bbox 1037 1536 1253 1586; x_wconf 90' lang='lat' dir='ltr'>diligentia</span> <span class='ocrx_word' id='word_1_196' title='bbox 1278 1538 1436 1576; x_wconf 87' lang='lat' dir='ltr'>codices</span> <span class='ocrx_word' id='word_1_197' title='bbox 1455 1550 1529 1576; x_wconf 91' lang='lat' dir='ltr'>ceu</span> <span class='ocrx_word' id='word_1_198' title='bbox 1548 1537 1792 1576; x_wconf 89' lang='lat' dir='ltr'>thesaurum</span> <span class='ocrx_word' id='word_1_199' title='bbox 1811 1536 1874 1575; x_wconf 88' lang='lat' dir='ltr'>in·</span> 
     </span>
    </p>
   </div>
   <div class='ocr_carea' id='block_1_9' title="bbox 274 1601 1873 1715">
    <p class='ocr_par' dir='ltr' id='par_1_9' title="bbox 274 1601 1873 1715">
     <span class='ocr_line' id='line_1_27' title="bbox 275 1601 1872 1652; baseline -0.001 -11"><span class='ocrx_word' id='word_1_200' title='bbox 275 1602 595 1652; x_wconf 87' lang='lat' dir='ltr'>comparabilem</span> <span class='ocrx_word' id='word_1_201' title='bbox 615 1602 659 1640; x_wconf 83' lang='lat' dir='ltr'>in</span> <span class='ocrx_word' id='word_1_202' title='bbox 678 1601 894 1640; x_wconf 87' lang='lat' dir='ltr'>altissimis</span> <span class='ocrx_word' id='word_1_203' title='bbox 919 1603 1049 1640; x_wconf 90' lang='lat' dir='ltr'>terrae</span> <span class='ocrx_word' id='word_1_204' title='bbox 1076 1602 1248 1640; x_wconf 89' lang='lat' dir='ltr'>latebris</span> <span class='ocrx_word' id='word_1_205' title='bbox 1269 1603 1550 1651; x_wconf 78' lang='lat' dir='ltr'>reconderent,</span> <span class='ocrx_word' id='word_1_206' title='bbox 1574 1604 1690 1641; x_wconf 88' lang='lat' dir='ltr'>tanta</span> <span class='ocrx_word' id='word_1_207' title='bbox 1709 1614 1806 1640; x_wconf 88' lang='lat' dir='ltr'>cura</span> <span class='ocrx_word' id='word_1_208' title='bbox 1825 1605 1872 1641; x_wconf 90' lang='lat' dir='ltr'>vt</span> 
     </span>
     <span class='ocr_line' id='line_1_28' title="bbox 274 1663 1873 1715; baseline 0 -12"><span class='ocrx_word' id='word_1_209' title='bbox 274 1678 349 1704; x_wconf 90' lang='lat' dir='ltr'>nec</span> <span class='ocrx_word' id='word_1_210' title='bbox 368 1665 569 1703; x_wconf 84' lang='lat' dir='ltr'>incendiis</span> <span class='ocrx_word' id='word_1_211' title='bbox 590 1677 664 1703; x_wconf 89' lang='lat' dir='ltr'>nec</span> <span class='ocrx_word' id='word_1_212' title='bbox 683 1663 888 1702; x_wconf 89' lang='lat' dir='ltr'>bellorum</span> <span class='ocrx_word' id='word_1_213' title='bbox 902 1663 1103 1714; x_wconf 85' lang='lat' dir='ltr'>procellis,</span> <span class='ocrx_word' id='word_1_214' title='bbox 1124 1664 1274 1714; x_wconf 89' lang='lat' dir='ltr'>quibus</span> <span class='ocrx_word' id='word_1_215' title='bbox 1294 1665 1434 1704; x_wconf 90' lang='lat' dir='ltr'>omnia</span> <span class='ocrx_word' id='word_1_216' title='bbox 1453 1679 1565 1704; x_wconf 87' lang='lat' dir='ltr'>sacra</span> <span class='ocrx_word' id='word_1_217' title='bbox 1578 1665 1873 1715; x_wconf 86' lang='lat' dir='ltr'>prophanaque</span> 
     </span>
    </p>
   </div>
   <div class='ocr_carea' id='block_1_10' title="bbox 273 1729 1874 1911">
    <p class='ocr_par' dir='ltr' id='par_1_10' title="bbox 273 1729 1874 1911">
     <span class='ocr_line' id='line_1_29' title="bbox 274 1729 1874 1780; baseline 0 -11"><span class='ocrx_word' id='word_1_218' title='bbox 274 1731 440 1769; x_wconf 87' lang='lat' dir='ltr'>misceri</span> <span class='ocrx_word' id='word_1_219' title='bbox 475 1730 619 1777; x_wconf 84' lang='lat' dir='ltr'>solent,</span> <span class='ocrx_word' id='word_1_220' title='bbox 655 1729 875 1768; x_wconf 85' lang='lat' dir='ltr'>interirent</span> <span class='ocrx_word' id='word_1_221' title='bbox 911 1731 952 1768; x_wconf 90' lang='lat' dir='ltr'>et</span> <span class='ocrx_word' id='word_1_222' title='bbox 984 1730 1161 1780; x_wconf 89' lang='lat' dir='ltr'>posteris</span> <span class='ocrx_word' id='word_1_223' title='bbox 1193 1732 1299 1768; x_wconf 83' lang='lat' dir='ltr'>certe</span> <span class='ocrx_word' id='word_1_224' title='bbox 1332 1732 1604 1780; x_wconf 88' lang='lat' dir='ltr'>superessent.</span> <span class='ocrx_word' id='word_1_225' title='bbox 1661 1729 1874 1769; x_wconf 87' lang='lat' dir='ltr'>Nimirum</span> 
     </span>
     <span class='ocr_line' id='line_1_30' title="bbox 273 1795 1872 1847; baseline -0.001 -12"><span class='ocrx_word' id='word_1_226' title='bbox 273 1797 570 1847; x_wconf 84' lang='lat' dir='ltr'>perspexerunt</span> <span class='ocrx_word' id='word_1_227' title='bbox 599 1795 676 1833; x_wconf 92' lang='lat' dir='ltr'>hoc</span> <span class='ocrx_word' id='word_1_228' title='bbox 705 1808 790 1833; x_wconf 92' lang='lat' dir='ltr'>non</span> <span class='ocrx_word' id='word_1_229' title='bbox 818 1795 960 1833; x_wconf 87' lang='lat' dir='ltr'>minus</span> <span class='ocrx_word' id='word_1_230' title='bbox 988 1795 1190 1844; x_wconf 85' lang='lat' dir='ltr'>sapientia</span> <span class='ocrx_word' id='word_1_231' title='bbox 1219 1808 1343 1845; x_wconf 90' lang='lat' dir='ltr'>quam</span> <span class='ocrx_word' id='word_1_232' title='bbox 1372 1809 1500 1846; x_wconf 89' lang='lat' dir='ltr'>regno</span> <span class='ocrx_word' id='word_1_233' title='bbox 1528 1795 1628 1835; x_wconf 87' lang='lat' dir='ltr'>clari</span> <span class='ocrx_word' id='word_1_234' title='bbox 1650 1795 1872 1846; x_wconf 78' lang='lat' dir='ltr'>principes,</span> 
     </span>
     <span class='ocr_line' id='line_1_31' title="bbox 273 1859 1871 1911; baseline 0 -11"><span class='ocrx_word' id='word_1_235' title='bbox 273 1861 531 1900; x_wconf 88' lang='lat' dir='ltr'>barbaricum</span> <span class='ocrx_word' id='word_1_236' title='bbox 545 1874 634 1899; x_wconf 87' lang='lat' dir='ltr'>esse</span> <span class='ocrx_word' id='word_1_237' title='bbox 653 1859 851 1898; x_wconf 85' lang='lat' dir='ltr'>cadauera</span> <span class='ocrx_word' id='word_1_238' title='bbox 866 1860 1157 1899; x_wconf 88' lang='lat' dir='ltr'>defunctorum</span> <span class='ocrx_word' id='word_1_239' title='bbox 1177 1861 1413 1911; x_wconf 87' lang='lat' dir='ltr'>vnguentis,</span> <span class='ocrx_word' id='word_1_240' title='bbox 1431 1861 1687 1900; x_wconf 86' lang='lat' dir='ltr'>aromatibus</span> <span class='ocrx_word' id='word_1_241' title='bbox 1701 1874 1746 1900; x_wconf 89' lang='lat' dir='ltr'>ac</span> <span class='ocrx_word' id='word_1_242' title='bbox 1761 1862 1871 1900; x_wconf 86' lang='lat' dir='ltr'>vitro</span> 
     </span>
    </p>
   </div>
   <div class='ocr_carea' id='block_1_11' title="bbox 218 1925 1875 1977">
    <p class='ocr_par' dir='ltr' id='par_1_11' title="bbox 218 1925 1875 1977">
     <span class='ocr_line' id='line_1_32' title="bbox 218 1925 1875 1977; baseline 0 -12"><span class='ocrx_word' id='word_1_243' title='bbox 218 1944 232 1971; x_wconf 61' lang='lat'><em>3</em></span> <span class='ocrx_word' id='word_1_244' title='bbox 275 1939 581 1976; x_wconf 88' lang='lat' dir='ltr'>nonnunquam</span> <span class='ocrx_word' id='word_1_245' title='bbox 612 1928 700 1964; x_wconf 88' lang='lat' dir='ltr'>tam</span> <span class='ocrx_word' id='word_1_246' title='bbox 738 1925 960 1976; x_wconf 86' lang='lat' dir='ltr'>diligenter</span> <span class='ocrx_word' id='word_1_247' title='bbox 998 1925 1127 1964; x_wconf 90' lang='lat' dir='ltr'>oblini</span> <span class='ocrx_word' id='word_1_248' title='bbox 1160 1939 1213 1964; x_wconf 90' lang='lat' dir='ltr'>ne</span> <span class='ocrx_word' id='word_1_249' title='bbox 1247 1928 1591 1977; x_wconf 87' lang='lat' dir='ltr'>computrescant,</span> <span class='ocrx_word' id='word_1_250' title='bbox 1623 1940 1717 1966; x_wconf 91' lang='lat' dir='ltr'>cum</span> <span class='ocrx_word' id='word_1_251' title='bbox 1745 1940 1792 1965; x_wconf 90' lang='lat' dir='ltr'>ea</span> <span class='ocrx_word' id='word_1_252' title='bbox 1820 1941 1875 1966; x_wconf 88' lang='lat' dir='ltr'>ne</span> 
     </span>
    </p>
   </div>
   <div class='ocr_carea' id='block_1_12' title="bbox 275 1991 1874 2888">
    <p class='ocr_par' dir='ltr' id='par_1_12' title="bbox 275 1991 1874 2812">
     <span class='ocr_line' id='line_1_33' title="bbox 275 1991 1872 2042; baseline 0.001 -12"><span class='ocrx_word' id='word_1_253' title='bbox 275 1992 426 2030; x_wconf 85' lang='lat' dir='ltr'>referat</span> <span class='ocrx_word' id='word_1_254' title='bbox 455 1991 623 2041; x_wconf 90' lang='lat' dir='ltr'>quidem</span> <span class='ocrx_word' id='word_1_255' title='bbox 652 1991 818 2039; x_wconf 87' lang='lat' dir='ltr'>seruari,</span> <span class='ocrx_word' id='word_1_256' title='bbox 853 1991 1004 2041; x_wconf 88' lang='lat' dir='ltr'>quippe</span> <span class='ocrx_word' id='word_1_257' title='bbox 1032 1993 1115 2030; x_wconf 89' lang='lat' dir='ltr'>iam</span> <span class='ocrx_word' id='word_1_258' title='bbox 1156 2005 1231 2030; x_wconf 89' lang='lat' dir='ltr'>nec</span> <span class='ocrx_word' id='word_1_259' title='bbox 1265 1992 1442 2042; x_wconf 87' lang='lat' dir='ltr'>figuram</span> <span class='ocrx_word' id='word_1_260' title='bbox 1481 1992 1563 2031; x_wconf 88' lang='lat' dir='ltr'>oris</span> <span class='ocrx_word' id='word_1_261' title='bbox 1592 1994 1664 2031; x_wconf 90' lang='lat' dir='ltr'>aut</span> <span class='ocrx_word' id='word_1_262' title='bbox 1692 1993 1872 2042; x_wconf 87' lang='lat' dir='ltr'>corporis</span> 
     </span>
     <span class='ocr_line' id='line_1_34' title="bbox 275 2055 1874 2107; baseline 0 -12"><span class='ocrx_word' id='word_1_263' title='bbox 275 2057 501 2106; x_wconf 88' lang='lat' dir='ltr'>imaginem</span> <span class='ocrx_word' id='word_1_264' title='bbox 541 2055 926 2105; x_wconf 86' lang='lat' dir='ltr'>referentia—quod</span> <span class='ocrx_word' id='word_1_265' title='bbox 965 2069 1107 2095; x_wconf 83' lang='lat' dir='ltr'>saxeae</span> <span class='ocrx_word' id='word_1_266' title='bbox 1149 2058 1289 2094; x_wconf 89' lang='lat' dir='ltr'>tamen</span> <span class='ocrx_word' id='word_1_267' title='bbox 1329 2057 1487 2096; x_wconf 89' lang='lat' dir='ltr'>faciunt</span> <span class='ocrx_word' id='word_1_268' title='bbox 1523 2057 1755 2107; x_wconf 86' lang='lat' dir='ltr'>imagines;</span> <span class='ocrx_word' id='word_1_269' title='bbox 1797 2070 1874 2095; x_wconf 89' lang='lat' dir='ltr'>nec</span> 
     </span>
     <span class='ocr_line' id='line_1_35' title="bbox 275 2119 1874 2173; baseline 0 -13"><span class='ocrx_word' id='word_1_270' title='bbox 275 2135 416 2172; x_wconf 88' lang='lat' dir='ltr'>parem</span> <span class='ocrx_word' id='word_1_271' title='bbox 436 2133 576 2159; x_wconf 88' lang='lat' dir='ltr'>curam</span> <span class='ocrx_word' id='word_1_272' title='bbox 595 2119 785 2159; x_wconf 88' lang='lat' dir='ltr'>adhiberi</span> <span class='ocrx_word' id='word_1_273' title='bbox 799 2121 1016 2159; x_wconf 87' lang='lat' dir='ltr'>seruandis</span> <span class='ocrx_word' id='word_1_274' title='bbox 1035 2121 1269 2160; x_wconf 87' lang='lat' dir='ltr'>animorum</span> <span class='ocrx_word' id='word_1_275' title='bbox 1284 2122 1486 2173; x_wconf 88' lang='lat' dir='ltr'>reliquiis.</span> <span class='ocrx_word' id='word_1_276' title='bbox 1541 2123 1723 2161; x_wconf 88' lang='lat' dir='ltr'>Proinde</span> <span class='ocrx_word' id='word_1_277' title='bbox 1738 2122 1874 2160; x_wconf 92' lang='lat' dir='ltr'>multo</span> 
     </span>
     <span class='ocr_line' id='line_1_36' title="bbox 275 2185 1872 2235; baseline -0.001 -8"><span class='ocrx_word' id='word_1_278' title='bbox 275 2187 426 2227; x_wconf 88' lang='lat' dir='ltr'>iustius</span> <span class='ocrx_word' id='word_1_279' title='bbox 458 2199 549 2224; x_wconf 87' lang='lat' dir='ltr'>eam</span> <span class='ocrx_word' id='word_1_280' title='bbox 583 2198 723 2223; x_wconf 85' lang='lat' dir='ltr'>curam</span> <span class='ocrx_word' id='word_1_281' title='bbox 754 2185 797 2223; x_wconf 87' lang='lat' dir='ltr'>in</span> <span class='ocrx_word' id='word_1_282' title='bbox 835 2186 1129 2225; x_wconf 84' lang='lat' dir='ltr'>excellentium</span> <span class='ocrx_word' id='word_1_283' title='bbox 1167 2187 1354 2226; x_wconf 85' lang='lat' dir='ltr'>virorum</span> <span class='ocrx_word' id='word_1_284' title='bbox 1392 2187 1520 2226; x_wconf 90' lang='lat' dir='ltr'>libros</span> <span class='ocrx_word' id='word_1_285' title='bbox 1557 2187 1784 2235; x_wconf 88' lang='lat' dir='ltr'>transferri,</span> <span class='ocrx_word' id='word_1_286' title='bbox 1826 2187 1872 2225; x_wconf 89' lang='lat' dir='ltr'>in</span> 
     </span>
     <span class='ocr_line' id='line_1_37' title="bbox 276 2250 1872 2303; baseline -0.001 -12"><span class='ocrx_word' id='word_1_287' title='bbox 276 2252 427 2303; x_wconf 89' lang='lat' dir='ltr'>quibus</span> <span class='ocrx_word' id='word_1_288' title='bbox 447 2250 535 2289; x_wconf 88' lang='lat' dir='ltr'>orbi</span> <span class='ocrx_word' id='word_1_289' title='bbox 555 2252 778 2300; x_wconf 87' lang='lat' dir='ltr'>supersunt</span> <span class='ocrx_word' id='word_1_290' title='bbox 802 2250 926 2289; x_wconf 87' lang='lat' dir='ltr'>etiam</span> <span class='ocrx_word' id='word_1_291' title='bbox 951 2251 1137 2289; x_wconf 84' lang='lat' dir='ltr'>defuncti</span> <span class='ocrx_word' id='word_1_292' title='bbox 1161 2254 1203 2290; x_wconf 90' lang='lat' dir='ltr'>et</span> <span class='ocrx_word' id='word_1_293' title='bbox 1228 2251 1288 2290; x_wconf 92' lang='lat' dir='ltr'>ita</span> <span class='ocrx_word' id='word_1_294' title='bbox 1310 2254 1532 2302; x_wconf 88' lang='lat' dir='ltr'>supersunt</span> <span class='ocrx_word' id='word_1_295' title='bbox 1557 2254 1602 2291; x_wconf 88' lang='lat' dir='ltr'>vt</span> <span class='ocrx_word' id='word_1_296' title='bbox 1624 2255 1664 2290; x_wconf 90' lang='lat' dir='ltr'>et</span> <span class='ocrx_word' id='word_1_297' title='bbox 1683 2252 1872 2302; x_wconf 89' lang='lat' dir='ltr'>pluribus</span> 
     </span>
     <span class='ocr_line' id='line_1_38' title="bbox 276 2316 1866 2366; baseline -0.001 -9"><span class='ocrx_word' id='word_1_298' title='bbox 276 2320 317 2357; x_wconf 90' lang='lat' dir='ltr'>et</span> <span class='ocrx_word' id='word_1_299' title='bbox 348 2316 547 2356; x_wconf 89' lang='lat' dir='ltr'>efficacius</span> <span class='ocrx_word' id='word_1_300' title='bbox 581 2316 806 2365; x_wconf 87' lang='lat' dir='ltr'>loquantur</span> <span class='ocrx_word' id='word_1_301' title='bbox 835 2316 991 2354; x_wconf 89' lang='lat' dir='ltr'>mortui</span> <span class='ocrx_word' id='word_1_302' title='bbox 1023 2329 1148 2366; x_wconf 89' lang='lat' dir='ltr'>quam</span> <span class='ocrx_word' id='word_1_303' title='bbox 1174 2316 1274 2355; x_wconf 84' lang='lat' dir='ltr'>viui.</span> <span class='ocrx_word' id='word_1_304' title='bbox 1337 2317 1676 2365; x_wconf 77' lang='lat' dir='ltr'>Consabulantur,</span> <span class='ocrx_word' id='word_1_305' title='bbox 1708 2317 1866 2365; x_wconf 90' lang='lat' dir='ltr'>docent,</span> 
     </span>
     <span class='ocr_line' id='line_1_39' title="bbox 275 2381 1871 2431; baseline -0.001 -9"><span class='ocrx_word' id='word_1_306' title='bbox 275 2383 560 2430; x_wconf 89' lang='lat' dir='ltr'>adhortantur,</span> <span class='ocrx_word' id='word_1_307' title='bbox 593 2381 813 2428; x_wconf 88' lang='lat' dir='ltr'>deterrent,</span> <span class='ocrx_word' id='word_1_308' title='bbox 841 2381 1073 2430; x_wconf 90' lang='lat' dir='ltr'>consulunt,</span> <span class='ocrx_word' id='word_1_309' title='bbox 1097 2381 1273 2431; x_wconf 85' lang='lat' dir='ltr'>erigunt,</span> <span class='ocrx_word' id='word_1_310' title='bbox 1297 2382 1563 2421; x_wconf 87' lang='lat' dir='ltr'>consolantur</span> <span class='ocrx_word' id='word_1_311' title='bbox 1597 2383 1655 2420; x_wconf 91' lang='lat' dir='ltr'>sic</span> <span class='ocrx_word' id='word_1_312' title='bbox 1686 2384 1731 2421; x_wconf 91' lang='lat' dir='ltr'>vt</span> <span class='ocrx_word' id='word_1_313' title='bbox 1762 2382 1871 2421; x_wconf 92' lang='lat' dir='ltr'>nulli</span> 
     </span>
     <span class='ocr_line' id='line_1_40' title="bbox 276 2445 1871 2497; baseline -0.001 -10"><span class='ocrx_word' id='word_1_314' title='bbox 276 2461 351 2487; x_wconf 89' lang='lat' dir='ltr'>nec</span> <span class='ocrx_word' id='word_1_315' title='bbox 362 2446 526 2485; x_wconf 89' lang='lat' dir='ltr'>fidelius</span> <span class='ocrx_word' id='word_1_316' title='bbox 541 2459 616 2484; x_wconf 89' lang='lat' dir='ltr'>nec</span> <span class='ocrx_word' id='word_1_317' title='bbox 628 2445 821 2495; x_wconf 86' lang='lat' dir='ltr'>paratius.</span> <span class='ocrx_word' id='word_1_318' title='bbox 874 2445 1064 2496; x_wconf 82' lang='lat' dir='ltr'>Denique</span> <span class='ocrx_word' id='word_1_319' title='bbox 1080 2447 1169 2484; x_wconf 91' lang='lat' dir='ltr'>tum</span> <span class='ocrx_word' id='word_1_320' title='bbox 1186 2446 1303 2485; x_wconf 91' lang='lat' dir='ltr'>nobis</span> <span class='ocrx_word' id='word_1_321' title='bbox 1318 2446 1536 2485; x_wconf 85' lang='lat' dir='ltr'>verissime</span> <span class='ocrx_word' id='word_1_322' title='bbox 1551 2447 1701 2486; x_wconf 90' lang='lat' dir='ltr'>viuunt</span> <span class='ocrx_word' id='word_1_323' title='bbox 1715 2450 1871 2497; x_wconf 85' lang='lat' dir='ltr'>postea-</span> 
     </span>
     <span class='ocr_line' id='line_1_41' title="bbox 277 2510 1864 2563; baseline -0.001 -11"><span class='ocrx_word' id='word_1_324' title='bbox 277 2526 403 2563; x_wconf 89' lang='lat' dir='ltr'>quam</span> <span class='ocrx_word' id='word_1_325' title='bbox 432 2511 512 2550; x_wconf 90' lang='lat' dir='ltr'>sibi</span> <span class='ocrx_word' id='word_1_326' title='bbox 540 2512 681 2550; x_wconf 88' lang='lat' dir='ltr'>viuere</span> <span class='ocrx_word' id='word_1_327' title='bbox 711 2510 933 2549; x_wconf 88' lang='lat' dir='ltr'>desierunt.</span> <span class='ocrx_word' id='word_1_328' title='bbox 996 2511 1200 2561; x_wconf 88' lang='lat' dir='ltr'>Equidem</span> <span class='ocrx_word' id='word_1_329' title='bbox 1231 2512 1289 2550; x_wconf 91' lang='lat' dir='ltr'>sic</span> <span class='ocrx_word' id='word_1_330' title='bbox 1319 2512 1476 2561; x_wconf 90' lang='lat' dir='ltr'>opinor,</span> <span class='ocrx_word' id='word_1_331' title='bbox 1502 2512 1538 2550; x_wconf 87' lang='lat' dir='ltr'>si</span> <span class='ocrx_word' id='word_1_332' title='bbox 1568 2513 1659 2563; x_wconf 89' lang='lat' dir='ltr'>quis</span> <span class='ocrx_word' id='word_1_333' title='bbox 1688 2526 1782 2551; x_wconf 92' lang='lat' dir='ltr'>cum</span> <span class='ocrx_word' id='word_1_334' title='bbox 1811 2512 1864 2551; x_wconf 89' lang='lat' dir='ltr'>M.</span> 
     </span>
     <span class='ocr_line' id='line_1_42' title="bbox 277 2575 1871 2628; baseline 0 -12"><span class='ocrx_word' id='word_1_335' title='bbox 277 2578 416 2617; x_wconf 85' lang='lat' dir='ltr'>Tullio</span> <span class='ocrx_word' id='word_1_336' title='bbox 447 2578 507 2626; x_wconf 86' lang='lat' dir='ltr'>(vt</span> <span class='ocrx_word' id='word_1_337' title='bbox 536 2577 647 2615; x_wconf 89' lang='lat' dir='ltr'>hunc</span> <span class='ocrx_word' id='word_1_338' title='bbox 677 2575 856 2625; x_wconf 82' lang='lat' dir='ltr'>exempli</span> <span class='ocrx_word' id='word_1_339' title='bbox 886 2589 1006 2614; x_wconf 86' lang='lat' dir='ltr'>causa</span> <span class='ocrx_word' id='word_1_340' title='bbox 1037 2576 1264 2627; x_wconf 89' lang='lat' dir='ltr'>nominem)</span> <span class='ocrx_word' id='word_1_341' title='bbox 1299 2578 1548 2628; x_wconf 88' lang='lat' dir='ltr'>complureis</span> <span class='ocrx_word' id='word_1_342' title='bbox 1580 2591 1711 2617; x_wconf 89' lang='lat' dir='ltr'>annos</span> <span class='ocrx_word' id='word_1_343' title='bbox 1739 2577 1871 2617; x_wconf 90' lang='lat' dir='ltr'>dome-</span> 
     </span>
     <span class='ocr_line' id='line_1_43' title="bbox 276 2641 1869 2693; baseline -0.001 -11"><span class='ocrx_word' id='word_1_344' title='bbox 276 2644 423 2682; x_wconf 89' lang='lat' dir='ltr'>sticam</span> <span class='ocrx_word' id='word_1_345' title='bbox 442 2643 593 2693; x_wconf 86' lang='lat' dir='ltr'>egisset</span> <span class='ocrx_word' id='word_1_346' title='bbox 614 2641 969 2689; x_wconf 89' lang='lat' dir='ltr'>consuetudinem,</span> <span class='ocrx_word' id='word_1_347' title='bbox 994 2641 1135 2680; x_wconf 89' lang='lat' dir='ltr'>minus</span> <span class='ocrx_word' id='word_1_348' title='bbox 1155 2642 1320 2680; x_wconf 88' lang='lat' dir='ltr'>nouerit</span> <span class='ocrx_word' id='word_1_349' title='bbox 1340 2642 1547 2681; x_wconf 85' lang='lat' dir='ltr'>Ciceronis</span> <span class='ocrx_word' id='word_1_350' title='bbox 1566 2655 1689 2692; x_wconf 87' lang='lat' dir='ltr'>quam</span> <span class='ocrx_word' id='word_1_351' title='bbox 1713 2642 1869 2680; x_wconf 89' lang='lat' dir='ltr'>faciunt</span> 
     </span>
     <span class='ocr_line' id='line_1_44' title="bbox 278 2707 1870 2759; baseline -0.002 -12"><span class='ocrx_word' id='word_1_352' title='bbox 278 2710 323 2748; x_wconf 92' lang='lat' dir='ltr'>hi</span> <span class='ocrx_word' id='word_1_353' title='bbox 344 2708 415 2759; x_wconf 87' lang='lat' dir='ltr'>qui</span> <span class='ocrx_word' id='word_1_354' title='bbox 434 2707 648 2747; x_wconf 86' lang='lat' dir='ltr'>versandis</span> <span class='ocrx_word' id='word_1_355' title='bbox 668 2707 875 2746; x_wconf 86' lang='lat' dir='ltr'>Ciceronis</span> <span class='ocrx_word' id='word_1_356' title='bbox 899 2707 1063 2756; x_wconf 89' lang='lat' dir='ltr'>scriptis</span> <span class='ocrx_word' id='word_1_357' title='bbox 1089 2720 1182 2745; x_wconf 89' lang='lat' dir='ltr'>cum</span> <span class='ocrx_word' id='word_1_358' title='bbox 1208 2708 1348 2747; x_wconf 92' lang='lat' dir='ltr'>animo</span> <span class='ocrx_word' id='word_1_359' title='bbox 1376 2708 1490 2746; x_wconf 89' lang='lat' dir='ltr'>illius</span> <span class='ocrx_word' id='word_1_360' title='bbox 1513 2708 1660 2747; x_wconf 88' lang='lat' dir='ltr'>cotidie</span> <span class='ocrx_word' id='word_1_361' title='bbox 1680 2707 1870 2746; x_wconf 84' lang='lat' dir='ltr'>confabu-</span> 
     </span>
     <span class='ocr_line' id='line_1_45' title="bbox 278 2774 427 2812; baseline 0 0"><span class='ocrx_word' id='word_1_362' title='bbox 278 2774 427 2812; x_wconf 85' lang='lat' dir='ltr'>lantur.</span> 
     </span>
    </p>

    <p class='ocr_par' dir='ltr' id='par_1_13' title="bbox 334 2835 1869 2888">
     <span class='ocr_line' id='line_1_46' title="bbox 334 2835 1869 2888; baseline -0.001 -12"><span class='ocrx_word' id='word_1_363' title='bbox 334 2839 462 2877; x_wconf 87' lang='lat' dir='ltr'>Porro</span> <span class='ocrx_word' id='word_1_364' title='bbox 492 2838 527 2877; x_wconf 88' lang='lat' dir='ltr'>si</span> <span class='ocrx_word' id='word_1_365' title='bbox 556 2837 623 2876; x_wconf 88' lang='lat' dir='ltr'>hic</span> <span class='ocrx_word' id='word_1_366' title='bbox 652 2838 784 2877; x_wconf 88' lang='lat' dir='ltr'>honos</span> <span class='ocrx_word' id='word_1_367' title='bbox 814 2839 875 2877; x_wconf 87' lang='lat' dir='ltr'>est</span> <span class='ocrx_word' id='word_1_368' title='bbox 905 2837 1072 2876; x_wconf 89' lang='lat' dir='ltr'>habitus</span> <span class='ocrx_word' id='word_1_369' title='bbox 1100 2837 1401 2888; x_wconf 87' lang='lat' dir='ltr'>supersticiosis</span> <span class='ocrx_word' id='word_1_370' title='bbox 1431 2838 1556 2877; x_wconf 90' lang='lat' dir='ltr'>etiam</span> <span class='ocrx_word' id='word_1_371' title='bbox 1584 2835 1869 2876; x_wconf 87' lang='lat' dir='ltr'>voluminibus</span> 
     </span>
    </p>
   </div>
   <div class='ocr_carea' id='block_1_13' title="bbox 280 2927 1867 3013">
    <p class='ocr_par' dir='ltr' id='par_1_14' title="bbox 280 2927 1867 3013">
     <span class='ocr_line' id='line_1_47' title="bbox 323 2927 1867 2969; baseline 0.001 -10"><span class='ocrx_word' id='word_1_372' title='bbox 323 2939 351 2968; x_wconf 85' lang='lat'>9.</span> <span class='ocrx_word' id='word_1_373' title='bbox 377 2930 590 2960; x_wconf 81' lang='lat' dir='ltr'>instructam</span> <span class='ocrx_word' id='word_1_374' title='bbox 608 2931 681 2961; x_wconf 67' lang='lat' dir='ltr'>adel.</span> <span class='ocrx_word' id='word_1_375' title='bbox 698 2931 731 2964; x_wconf 87' lang='grc' dir='ltr'>β.</span> <span class='ocrx_word' id='word_1_376' title='bbox 878 2939 925 2969; x_wconf 86' lang='lat'>13.</span> <span class='ocrx_word' id='word_1_377' title='bbox 951 2931 1151 2968; x_wconf 87' lang='lat' dir='ltr'>temporum</span> <span class='ocrx_word' id='word_1_378' title='bbox 1168 2929 1303 2960; x_wconf 88' lang='lat' dir='ltr'>iniuria</span> <span class='ocrx_word' id='word_1_379' title='bbox 1319 2931 1353 2964; x_wconf 87' lang='grc' dir='ltr'>β.</span> <span class='ocrx_word' id='word_1_380' title='bbox 1496 2939 1548 2967; x_wconf 80' lang='lat'>29.</span> <span class='ocrx_word' id='word_1_381' title='bbox 1573 2927 1790 2960; x_wconf 83' lang='lat' dir='ltr'>aromatibus</span> <span class='ocrx_word' id='word_1_382' title='bbox 1811 2951 1817 2958; x_wconf 94' lang='lat'><em>.</em></span> <span class='ocrx_word' id='word_1_383' title='bbox 1836 2953 1842 2960; x_wconf 96' lang='lat'>.</span> <span class='ocrx_word' id='word_1_384' title='bbox 1860 2954 1867 2961; x_wconf 80' lang='grc'><strong><em>.</em></strong></span> 
     </span>
     <span class='ocr_line' id='line_1_48' title="bbox 280 2971 1736 3013; baseline -0.001 -11"><span class='ocrx_word' id='word_1_385' title='bbox 280 2981 333 3010; x_wconf 85' lang='lat'>30.</span> <span class='ocrx_word' id='word_1_386' title='bbox 358 2971 546 3011; x_wconf 84' lang='lat' dir='ltr'>diligenter</span> <span class='ocrx_word' id='word_1_387' title='bbox 561 2976 632 3003; x_wconf 73' lang='lat' dir='ltr'>add.</span> <span class='ocrx_word' id='word_1_388' title='bbox 651 2974 684 3006; x_wconf 85' lang='grc' dir='ltr'>β.</span> <span class='ocrx_word' id='word_1_389' title='bbox 817 2982 867 3012; x_wconf 88' lang='lat'>32.</span> <span class='ocrx_word' id='word_1_390' title='bbox 891 2983 955 3010; x_wconf 84' lang='lat' dir='ltr'>nec</span> <span class='ocrx_word' id='word_1_391' title='bbox 971 2982 1092 3012; x_wconf 81' lang='lat' dir='ltr'>parem</span> <span class='ocrx_word' id='word_1_392' title='bbox 1111 2997 1118 3004; x_wconf 90' lang='lat'><strong>.</strong></span> <span class='ocrx_word' id='word_1_393' title='bbox 1137 2996 1142 3004; x_wconf 96' lang='lat'>.</span> <span class='ocrx_word' id='word_1_394' title='bbox 1163 2996 1169 3003; x_wconf 91' lang='lat'><em>.</em></span> <span class='ocrx_word' id='word_1_395' title='bbox 1187 2982 1237 3013; x_wconf 83' lang='lat'>33.</span> <span class='ocrx_word' id='word_1_396' title='bbox 1256 2973 1369 3003; x_wconf 84' lang='lat' dir='ltr'>multo</span> <span class='ocrx_word' id='word_1_397' title='bbox 1385 2973 1428 3006; x_wconf 76' lang='lat' dir='ltr'>B:</span> <span class='ocrx_word' id='word_1_398' title='bbox 1454 2972 1568 3003; x_wconf 87' lang='lat' dir='ltr'>Multo</span> <span class='ocrx_word' id='word_1_399' title='bbox 1584 2972 1693 3011; x_wconf 86' lang='lat' dir='ltr'>igitur</span> <span class='ocrx_word' id='word_1_400' title='bbox 1708 2982 1736 3002; x_wconf 91' lang='grc' dir='ltr'>α.</span> 
     </span>
    </p>
   </div>
  </div>
 </body>
</html>
