2010 3417
88 141 191 196 388]
582 141 736 181 FROM
774 140 1008 180 THOMAS
1045 140 1202 180 MORE
1613 139 1691 177 195

145 252 397 291 Pensionem
417 254 534 291 tuam
547 265 634 291 non
649 254 738 291 erat
758 264 863 302 opus
876 253 922 290 vt
941 263 1016 301 ego
1035 250 1086 289 ab
1103 250 1307 300 Episcopo
1327 250 1544 299 exigerem.
1595 247 1691 298 Ipse

86 319 204 358 enim
224 331 274 357 ex
293 319 424 357 semet
446 330 617 367 memor,
638 318 879 367 priusquam
908 329 1021 355 meas
1046 316 1270 366 accepisset
1293 315 1462 363 litteras,
1484 314 1620 365 egerat
1641 312 1692 352 de

82 397 140 423 ea
157 396 201 423 re
221 397 317 423 cum
332 383 521 432 Maruffo,
538 383 656 423 cuius
674 382 724 422 ad
743 383 853 430 haec,
871 384 919 421 vt
939 383 1029 431 scis,
1044 381 1214 432 negocia
1230 394 1353 432 opera
1367 394 1531 431 semper
1543 379 1688 428 vtitur,

91 449 263 489 interim
282 450 410 488 etiam
437 449 624 500 pecunia,
644 449 778 498 quoad
799 447 947 486 collata
965 449 1124 487 ratione
1144 448 1265 486 statis
1292 447 1550 497 temporibus
1578 443 1693 494 paria
1709 444 1750 486 65

93 515 204 554 inter
223 529 266 554 se
285 515 451 554 faciant.
507 515 667 553 Verum
695 513 888 564 protinus
917 513 1070 552 habitis
1089 513 1223 552 literis
1250 513 1356 551 meis
1374 512 1487 561 (nam
1505 509 1688 550 versaba-

91 583 163 619 tur
190 580 413 630 Otfordiae)
444 580 596 619 iterum
626 579 844 618 hominem
875 578 1099 617 extimulat
1124 592 1197 628 per
1219 577 1440 628 epistolam
1472 579 1518 615 vt
1543 574 1694 626 viginti

93 645 222 684 libras
245 647 450 685 nostrates
473 644 659 683 celeriter
683 644 733 682 ad
759 645 800 681 te
826 642 1158 692 transmitteret;
1197 643 1412 693 pollicitus
1429 655 1498 681 eas
1516 641 1693 681 Maruffo

93 711 355 750 redditurum
374 723 429 759 se,
444 710 517 749 vbi
542 710 728 760 primum
748 722 797 746 ex
818 710 892 746 tuo
912 708 1183 758 chirographo
1202 708 1464 757 cognouisset
1483 720 1552 746 eas
1572 707 1624 745 ad
1652 707 1694 744 be

88 789 181 816 esse
208 775 397 826 perlatas.
457 774 644 814 Conueni
676 773 914 812 Maruffum.
974 773 1070 823 Ipse
1097 774 1155 813 ait
1184 786 1227 811 se
1255 773 1511 822 scripturum
1540 771 1620 810 tibi
1647 772 1695 809 vt
1715 782 1756 814 70

90 840 415 892 chirographum
435 853 631 891 properes
650 839 700 878 ad
716 852 803 878 sese
825 839 1004 887 mittere,
1025 852 1106 888 quo
1120 840 1161 877 te
1180 839 1346 877 testeris
1364 837 1568 887 accepisse
1580 850 1696 886 pecu-

92 907 209 946 niam
225 920 235 954 ;
278 919 359 956 quo
389 905 441 944 ad
473 905 728 955 Episcopum
759 903 896 943 delato
925 917 1121 942 nummos
1154 917 1201 942 ea
1220 903 1337 942 velut
1372 902 1581 941 occasione
1615 901 1696 940 sibi

84 973 334 1011 numeratos
352 973 446 1010 tum
466 971 636 1009 demum
656 970 707 1008 ad
733 971 776 1008 te
801 971 963 1008 curaret
987 968 1262 1019 perferendos.
1320 969 1412 1018 Ego
1440 981 1572 1017 quum
1595 967 1695 1006 haec

92 1037 293 1085 audirem,
315 1036 474 1075 veritus
494 1049 589 1074 sum
608 1034 764 1085 aliquid
785 1034 952 1073 subesse
970 1034 1155 1084 periculi,
1178 1047 1230 1072 ne
1249 1033 1286 1073 si
1304 1033 1480 1084 pecunia
1499 1032 1583 1071 iam
1603 1035 1696 1071 tum

94 1116 180 1141 non
199 1102 429 1141 solueretur
448 1102 496 1150 ei,
514 1114 562 1139 ea
580 1113 697 1139 mora
715 1099 901 1138 vicissim
921 1100 1178 1138 deriuaretur
1196 1100 1239 1137 in
1256 1101 1309 1137 te.
1353 1099 1484 1148 ‘Ergo
1504 1112 1590 1137 non
1609 1100 1674 1137 est
1688 1099 1696 1114 ’
1716 1106 1755 1141 75

94 1168 267 1218 inquam
289 1167 387 1206 ‘hac
412 1166 679 1205 simulatione
697 1178 811 1215 opus.
870 1166 960 1204 Aut
985 1165 1204 1214 pecuniam
1222 1165 1336 1203 illico
1354 1164 1476 1203 mitte
1503 1163 1699 1214 Episcopi

97 1234 267 1273 nomine
289 1246 335 1271 ac
364 1232 469 1280 fide;
498 1234 570 1270 aut
588 1231 624 1270 si
652 1230 736 1269 nisi
765 1231 882 1280 prius
901 1233 1114 1280 receptum
1133 1230 1318 1281 graueris
1343 1229 1594 1279 impendere,
1616 1229 1696 1268 effi-

93 1299 204 1338 ciam
219 1297 412 1348 protinus
423 1299 470 1336 vt
489 1297 536 1335 in
555 1310 684 1335 manu
704 1295 882 1335 habeas.'
926 1297 935 1315 ‘
949 1296 1068 1343 Imo,'
1087 1295 1226 1346 inquit
1245 1294 1326 1342 ille,
1348 1296 1356 1313 ⁴
1375 1295 1484 1333 nihil
1504 1296 1568 1333 est
1587 1295 1699 1345 quod

95 1366 270 1403 metuas.
331 1362 440 1401 Nam
460 1362 519 1401 sic
538 1363 719 1412 agamvt
738 1362 914 1400 Erasmo
940 1361 1085 1400 statim
1105 1361 1204 1400 haec
1223 1360 1400 1411 pecunia
1428 1360 1537 1399 adsit
1555 1373 1565 1408 ;
1593 1360 1698 1411 quin

96 1429 181 1469 iam
198 1442 310 1468 nunc
329 1441 492 1479 quoque
512 1428 637 1466 adest.
706 1427 815 1466 Nam
835 1426 962 1466 habet
981 1440 1005 1465 a
1023 1440 1092 1466 me
1111 1426 1432 1476 chirographum
1459 1439 1541 1476 quo
1568 1425 1700 1476 possit
1717 1425 1760 1455 80

95 1495 170 1535 vbi
187 1494 300 1535 volet
319 1494 488 1533 ducatos
515 1493 635 1532 mille
651 1492 854 1532 conficere
872 1506 882 1530 ε
911 1506 933 1531 e
954 1492 1106 1543 quibus
1125 1491 1323 1543 quicquid
1343 1491 1554 1542 acceperit,
1577 1491 1700 1530 debet

96 1561 174 1600 hoc
188 1559 295 1599 mihi
309 1559 383 1610 (sic
398 1559 513 1598 enim
532 1558 642 1598 inter
662 1572 739 1597 nos
759 1558 970 1608 conuenit)
986 1572 1036 1597 ex
1051 1558 1127 1597 hac
1146 1557 1344 1608 pensione
1358 1556 1540 1596 resolui?
1583 1556 1699 1595 Haec

94 1625 170 1665 ille
190 1626 300 1664 dicit.
360 1625 449 1675 Ego
464 1624 536 1664 vix
556 1626 674 1664 credo
695 1624 778 1663 nisi
797 1624 948 1663 collata
973 1624 1091 1674 prius
1118 1624 1164 1662 in
1192 1623 1282 1662 eius
1309 1635 1501 1662 mensam
1524 1621 1700 1672 pecunia

98 1691 203 1731 vllas
222 1704 318 1729 eum
338 1690 482 1729 literas
501 1690 580 1729 tibi
599 1703 674 1740 pro
695 1690 950 1729 conficienda
968 1691 1143 1740 pecunia
1161 1688 1390 1727 tradidisse.
1425 1687 1559 1736 Quare
1579 1687 1612 1725 si
1629 1699 1694 1726 res

97 1768 214 1794 secus
232 1754 357 1793 habet
377 1769 503 1805 quam
524 1756 635 1803 dicit,
656 1755 768 1794 effice
788 1756 950 1794 mature
972 1757 1020 1795 vt
1038 1754 1285 1804 intelligam.
1717 1747 1758 1788 85

152 1819 499 1870 Archiepiscopus
522 1820 837 1859 Cantuariensis
869 1820 1001 1858 officio
1033 1819 1286 1867 Cancellarii,
1320 1818 1439 1857 cuius
1470 1831 1577 1856 onus
1613 1817 1700 1856 iam

94 1886 267 1936 aliquot,
290 1887 338 1925 vt
357 1885 446 1934 scis,
469 1899 600 1924 annos
624 1886 780 1924 mirum
803 1898 928 1935 quam
953 1884 1164 1923 laborabat
1191 1885 1390 1931 excutere,
1415 1884 1583 1922 tandem
1610 1896 1701 1921 exo-

100 1951 216 1990 lutus
235 1951 298 1989 est
321 1964 330 1998 ;
373 1964 419 1989 30
439 1950 730 2000 desyderatum
750 1950 908 1989 iamdiu
927 1951 1131 1988 secretum
1151 1951 1308 1997 nactus,
1331 1949 1569 1999 gratissimo
1591 1948 1702 1987 inter

99 2017 242 2056 literas
262 2016 350 2054 ocio
368 2029 414 2054 ac
436 2015 704 2066 negociorum
724 2015 830 2054 bene
849 2016 900 2054 ab
919 2028 962 2055 se
982 2017 1192 2065 gestorum
1217 2014 1500 2053 recordatione
1528 2014 1700 2064 perfrui·

98 2085 180 2121 tur.
237 2081 437 2131 Princeps
462 2081 500 2119 ei
525 2081 788 2121 cardinalem
809 2081 974 2120 suffecit
997 2080 1297 2120 Eboracensem
1316 2096 1325 2128 3
1354 2080 1427 2130 qui
1450 2079 1508 2119 ita
1530 2093 1573 2118 se
1596 2079 1701 2129 gerit
1719 2089 1763 2122 9³

97 2149 146 2186 vt
175 2159 293 2197 spem
326 2160 491 2197 quoque
528 2146 729 2194 omnium,
766 2160 1004 2198 quanquam
1031 2160 1106 2197 pro
1138 2145 1310 2196 reliquis
1342 2146 1433 2184 eius
1469 2145 1702 2185 virtutibus

98 2213 340 2259 maximam,
366 2212 489 2262 longe
518 2215 660 2252 tamen
687 2214 892 2263 exuperet,
914 2214 956 2251 et
974 2213 1098 2262 (quod
1136 2214 1199 2251 est
1227 2211 1538 2262 difficillimum)
1574 2211 1702 2251 etiam

99 2280 195 2328 post
215 2278 422 2328 optimum
442 2278 698 2317 decessorem
718 2278 838 2317 valde
855 2278 1051 2328 probetur
1070 2291 1116 2317 ac
1134 2277 1304 2327 placeat.

155 2343 306 2381 Nostra
323 2342 486 2392 legatio,
511 2343 711 2393 quoniam
729 2343 826 2382 haec
852 2357 1014 2394 quoque
1033 2343 1112 2382 tibi
1131 2356 1250 2382 curae
1269 2345 1343 2392 est,
1366 2344 1412 2382 vt
1432 2355 1524 2382 mea
1545 2343 1697 2390 omnia,

98 2405 204 2444 satis
220 2405 421 2443 foeliciter
439 2407 649 2456 processit,
671 2406 755 2446 nisi
780 2406 889 2456 quod
914 2405 1100 2455 longiore
1128 2406 1262 2444 tractu
1293 2418 1417 2455 quam
1445 2407 1518 2444 aut
1537 2404 1700 2455 speraui
1719 2410 1760 2443 95

102 2471 175 2509 aut
195 2469 310 2509 volui
329 2483 394 2508 res
411 2470 615 2521 protelata
644 2473 716 2510 est.
751 2471 922 2510 Etenim
947 2484 1078 2521 quum
1099 2471 1221 2509 domo
1242 2470 1456 2509 discedens
1475 2470 1548 2509 vix
1568 2469 1697 2508 bime·

99 2537 233 2574 strem
260 2534 491 2574 absentiam
510 2536 823 2586 expectauerim,
845 2536 956 2575 vltra
975 2549 1046 2574 sex
1065 2548 1229 2574 menses
1247 2536 1292 2573 in
1311 2548 1359 2574 ea
1383 2534 1587 2585 legatione
1607 2547 1701 2573 con-

299 2642 352 2674 66.
377 2641 484 2673 faciat
502 2643 545 2674 C2.
680 2653 730 2681 71.
756 2653 829 2674 sese
846 2646 895 2674 B:
920 2653 955 2674 se
971 2645 1014 2674 H.
1148 2643 1202 2673 86.
1225 2646 1268 2674 F:
1294 2642 1449 2673 officium
1465 2644 1505 2674 Β.

147 2743 200 2782 67.
219 2741 419 2781 Otfordiae]
444 2739 495 2771 Cf.
513 2740 576 2779 Ep.
595 2750 658 2779 425
675 2741 808 2771 introd.
936 2740 1070 2771 started
1088 2750 1133 2770 on
1153 2750 1190 2770 12
1206 2740 1299 2782 May,
1313 2739 1387 2771 and
1402 2739 1553 2771 reached
1568 2741 1702 2781 Bruges

147 2786 199 2816 86.
215 2783 503 2824 Gantuariensis]
517 2783 690 2814 Warham
704 2784 868 2823 resigned
936 2794 981 2814 on
1001 2784 1040 2813 18
1058 2783 1151 2822 May.
1199 2783 1267 2814 His
1283 2785 1441 2823 meeting
1455 2783 1548 2815 with
1563 2783 1652 2816 Pace
1664 2787 1702 2817 at

101 2829 166 2860 the
189 2829 298 2861 Great
322 2827 401 2858 Seal
427 2829 463 2858 to
485 2827 630 2867 Wolsey
654 2837 700 2857 on
727 2838 768 2858 22
785 2827 867 2859 Dec.
937 2827 1148 2858 Gravelines
1162 2836 1247 2867 may
1262 2827 1304 2858 be
1326 2827 1434 2857 dated
1455 2837 1497 2866 24
1513 2827 1589 2860 Oct.
1636 2829 1702 2860 See

107 2881 214 2912 1515;
239 2881 296 2903 see
313 2871 458 2902 Brewer
468 2871 507 2903 ii.
527 2880 611 2911 1335
627 2870 700 2901 and
716 2870 758 2901 cf.
780 2870 867 2911 Epp.
937 2870 1081 2901 Brewer
1107 2870 1144 2901 ii.
1174 2879 1248 2910 422,
1275 2871 1352 2910 678,
1375 2880 1450 2910 473,
1480 2880 1576 2911 1059,
1605 2873 1698 2912 1067.

105 2917 178 2956 389.
198 2917 251 2955 60,
271 2925 344 2954 414.
368 2924 383 2946 1
399 2924 435 2947 11.
939 2914 1028 2944 Pace
1051 2923 1123 2944 was
1145 2914 1236 2944 then
1263 2913 1453 2954 departing
1481 2924 1528 2946 on
1556 2925 1604 2947 an
1627 2926 1703 2948 em-

148 2970 201 2999 94.
235 2959 364 2990 Nostra
398 2956 545 2998 legatio]
581 2957 677 2989 More
707 2967 780 2988 was
810 2967 870 2997 ap·
938 2958 1042 2997 bassy
1057 2957 1179 2988 which
1200 2957 1288 2997 kept
1309 2957 1389 2988 him
1412 2958 1467 2989 for
1488 2967 1587 2990 more
1610 2960 1702 2992 than

105 3001 252 3043 pointed
282 3001 510 3034 ambassador
540 3011 586 3033 on
617 3011 635 3040 7
664 3001 746 3041 May
777 3010 869 3040 1515,
937 3002 1009 3033 two
1024 3010 1125 3041 years
1140 3001 1180 3032 in
1197 3001 1445 3034 Switzerland.

871 3067 941 3094 02
