<?xml version="1.0" encoding="UTF-8"?>
<!DOCTYPE html PUBLIC "-//W3C//DTD XHTML 1.0 Transitional//EN"
    "http://www.w3.org/TR/xhtml1/DTD/xhtml1-transitional.dtd">
<html xmlns="http://www.w3.org/1999/xhtml" xml:lang="en" lang="en">
 <head>
  <title>
</title>
<meta http-equiv="Content-Type" content="text/html;charset=utf-8" />
  <meta name='ocr-system' content='tesseract 3.04.00' />
  <meta name='ocr-capabilities' content='ocr_page ocr_carea ocr_par ocr_line ocrx_word'/>
</head>
<body>
  <div class='ocr_page' id='page_1' title='image "./opusepistolarumd02erasuoft_0333.png"; bbox 0 0 2010 3417; ppageno 0'>
   <div class='ocr_carea' id='block_1_1' title="bbox 119 143 1715 198">
    <p class='ocr_par' dir='ltr' id='par_1_1' title="bbox 119 143 1715 198">
     <span class='ocr_line' id='line_1_1' title="bbox 119 143 1715 198; baseline 0.004 -15"><span class='ocrx_word' id='word_1_1' title='bbox 119 143 221 198; x_wconf 82' lang='lat'>447]</span> <span class='ocrx_word' id='word_1_2' title='bbox 524 146 593 185; x_wconf 87' lang='grc' dir='ltr'>ΤΟ</span> <span class='ocrx_word' id='word_1_3' title='bbox 633 146 977 187; x_wconf 84' lang='lat' dir='ltr'><strong>LAMBERTUS</strong></span> <span class='ocrx_word' id='word_1_4' title='bbox 1016 147 1316 188; x_wconf 84' lang='lat' dir='ltr'>GRUNNIUS</span> <span class='ocrx_word' id='word_1_5' title='bbox 1635 151 1715 189; x_wconf 89' lang='lat'>307</span> 
     </span>
    </p>
   </div>
   <div class='ocr_carea' id='block_1_2' title="bbox 115 255 1798 2442">
    <p class='ocr_par' dir='ltr' id='par_1_2' title="bbox 115 255 1796 1349">
     <span class='ocr_line' id='line_1_2' title="bbox 174 255 1714 309; baseline 0.003 -16"><span class='ocrx_word' id='word_1_6' title='bbox 174 255 268 293; x_wconf 91' lang='lat' dir='ltr'>Non</span> <span class='ocrx_word' id='word_1_7' title='bbox 288 255 370 294; x_wconf 93' lang='lat' dir='ltr'>huc</span> <span class='ocrx_word' id='word_1_8' title='bbox 389 255 588 294; x_wconf 85' lang='lat' dir='ltr'>adducam</span> <span class='ocrx_word' id='word_1_9' title='bbox 609 258 762 306; x_wconf 88' lang='lat' dir='ltr'>quanta</span> <span class='ocrx_word' id='word_1_10' title='bbox 787 256 842 295; x_wconf 88' lang='lat' dir='ltr'>sit</span> <span class='ocrx_word' id='word_1_11' title='bbox 865 257 987 296; x_wconf 86' lang='lat' dir='ltr'>turba</span> <span class='ocrx_word' id='word_1_12' title='bbox 1013 258 1359 297; x_wconf 70' lang='lat' dir='ltr'>monasteriorum</span> <span class='ocrx_word' id='word_1_13' title='bbox 1379 259 1424 296; x_wconf 93' lang='lat' dir='ltr'>in</span> <span class='ocrx_word' id='word_1_14' title='bbox 1444 258 1594 309; x_wconf 89' lang='lat' dir='ltr'>quibus</span> <span class='ocrx_word' id='word_1_15' title='bbox 1614 259 1714 298; x_wconf 87' lang='lat' dir='ltr'>adeo</span> 
     </span>
     <span class='ocr_line' id='line_1_3' title="bbox 118 320 1715 375; baseline 0.003 -17"><span class='ocrx_word' id='word_1_16' title='bbox 118 320 235 359; x_wconf 88' lang='lat' dir='ltr'>nulla</span> <span class='ocrx_word' id='word_1_17' title='bbox 263 320 377 370; x_wconf 87' lang='lat' dir='ltr'>viget</span> <span class='ocrx_word' id='word_1_18' title='bbox 405 320 625 370; x_wconf 83' lang='lat' dir='ltr'>disciplina</span> <span class='ocrx_word' id='word_1_19' title='bbox 653 320 830 371; x_wconf 89' lang='lat' dir='ltr'>pietatis,</span> <span class='ocrx_word' id='word_1_20' title='bbox 863 323 909 360; x_wconf 88' lang='lat' dir='ltr'>vt</span> <span class='ocrx_word' id='word_1_21' title='bbox 937 335 1035 372; x_wconf 86' lang='lat' dir='ltr'>prae</span> <span class='ocrx_word' id='word_1_22' title='bbox 1063 322 1130 361; x_wconf 91' lang='lat' dir='ltr'>his</span> <span class='ocrx_word' id='word_1_23' title='bbox 1159 322 1373 372; x_wconf 91' lang='lat' dir='ltr'>lupanaria</span> <span class='ocrx_word' id='word_1_24' title='bbox 1400 323 1486 362; x_wconf 86' lang='lat' dir='ltr'>sint</span> <span class='ocrx_word' id='word_1_25' title='bbox 1513 326 1555 363; x_wconf 91' lang='lat' dir='ltr'>et</span> <span class='ocrx_word' id='word_1_26' title='bbox 1583 324 1715 375; x_wconf 81' lang='lat' dir='ltr'>magis</span> 
     </span>
     <span class='ocr_line' id='line_1_4' title="bbox 118 385 1795 438; baseline 0.001 -14"><span class='ocrx_word' id='word_1_27' title='bbox 118 385 254 424; x_wconf 84' lang='lat' dir='ltr'>sobria</span> <span class='ocrx_word' id='word_1_28' title='bbox 287 387 328 424; x_wconf 90' lang='lat' dir='ltr'>et</span> <span class='ocrx_word' id='word_1_29' title='bbox 358 385 493 436; x_wconf 87' lang='lat' dir='ltr'>magis</span> <span class='ocrx_word' id='word_1_30' title='bbox 524 385 696 435; x_wconf 82' lang='lat' dir='ltr'>pudiea3</span> <span class='ocrx_word' id='word_1_31' title='bbox 736 388 827 425; x_wconf 89' lang='lat' dir='ltr'>tum</span> <span class='ocrx_word' id='word_1_32' title='bbox 857 399 981 436; x_wconf 88' lang='lat' dir='ltr'>quam</span> <span class='ocrx_word' id='word_1_33' title='bbox 1010 387 1144 426; x_wconf 83' lang='lat' dir='ltr'>multa</span> <span class='ocrx_word' id='word_1_34' title='bbox 1172 388 1215 426; x_wconf 91' lang='lat' dir='ltr'>in</span> <span class='ocrx_word' id='word_1_35' title='bbox 1245 388 1396 437; x_wconf 89' lang='lat' dir='ltr'>quibus</span> <span class='ocrx_word' id='word_1_36' title='bbox 1423 390 1585 438; x_wconf 91' lang='lat' dir='ltr'>praeter</span> <span class='ocrx_word' id='word_1_37' title='bbox 1612 402 1714 429; x_wconf 88' lang='lat' dir='ltr'>cere·</span> <span class='ocrx_word' id='word_1_38' title='bbox 1733 393 1795 436; x_wconf 86' lang='lat'>565</span> 
     </span>
     <span class='ocr_line' id='line_1_5' title="bbox 118 450 1714 502; baseline 0.003 -13"><span class='ocrx_word' id='word_1_39' title='bbox 118 450 282 491; x_wconf 87' lang='lat' dir='ltr'>monias</span> <span class='ocrx_word' id='word_1_40' title='bbox 314 452 355 489; x_wconf 90' lang='lat' dir='ltr'>et</span> <span class='ocrx_word' id='word_1_41' title='bbox 388 451 566 501; x_wconf 88' lang='lat' dir='ltr'>speciem</span> <span class='ocrx_word' id='word_1_42' title='bbox 606 452 820 489; x_wconf 73' lang='lat' dir='ltr'>externam</span> <span class='ocrx_word' id='word_1_43' title='bbox 860 451 969 490; x_wconf 87' lang='lat' dir='ltr'>nihil</span> <span class='ocrx_word' id='word_1_44' title='bbox 1007 453 1070 490; x_wconf 85' lang='lat' dir='ltr'>est</span> <span class='ocrx_word' id='word_1_45' title='bbox 1106 452 1327 502; x_wconf 85' lang='lat' dir='ltr'>religionis.</span> <span class='ocrx_word' id='word_1_46' title='bbox 1399 452 1459 491; x_wconf 94' lang='lat' dir='ltr'>Hi</span> <span class='ocrx_word' id='word_1_47' title='bbox 1497 456 1595 493; x_wconf 87' lang='lat' dir='ltr'>sunt</span> <span class='ocrx_word' id='word_1_48' title='bbox 1629 453 1714 494; x_wconf 87' lang='lat' dir='ltr'>illis</span> 
     </span>
     <span class='ocr_line' id='line_1_6' title="bbox 117 516 1714 567; baseline 0.003 -13"><span class='ocrx_word' id='word_1_49' title='bbox 117 516 418 566; x_wconf 86' lang='lat' dir='ltr'>propemodum</span> <span class='ocrx_word' id='word_1_50' title='bbox 453 516 686 564; x_wconf 87' lang='lat' dir='ltr'>deteriores,</span> <span class='ocrx_word' id='word_1_51' title='bbox 721 516 828 566; x_wconf 90' lang='lat' dir='ltr'>quod</span> <span class='ocrx_word' id='word_1_52' title='bbox 863 529 957 554; x_wconf 91' lang='lat' dir='ltr'>cum</span> <span class='ocrx_word' id='word_1_53' title='bbox 992 516 1140 566; x_wconf 84' lang='lat' dir='ltr'>spiritu</span> <span class='ocrx_word' id='word_1_54' title='bbox 1173 517 1329 556; x_wconf 77' lang='lat' dir='ltr'>Christi</span> <span class='ocrx_word' id='word_1_55' title='bbox 1362 521 1538 567; x_wconf 78' lang='lat' dir='ltr'>careant,</span> <span class='ocrx_word' id='word_1_56' title='bbox 1574 521 1714 558; x_wconf 86' lang='lat' dir='ltr'>tamen</span> 
     </span>
     <span class='ocr_line' id='line_1_7' title="bbox 118 580 1715 634; baseline 0.003 -16"><span class='ocrx_word' id='word_1_57' title='bbox 118 593 168 619; x_wconf 85' lang='lat' dir='ltr'>ex</span> <span class='ocrx_word' id='word_1_58' title='bbox 187 581 272 619; x_wconf 86' lang='lat' dir='ltr'>illis</span> <span class='ocrx_word' id='word_1_59' title='bbox 290 580 542 620; x_wconf 89' lang='lat' dir='ltr'>Pharisaicis</span> <span class='ocrx_word' id='word_1_60' title='bbox 562 580 803 619; x_wconf 80' lang='lat' dir='ltr'>ceremoniis</span> <span class='ocrx_word' id='word_1_61' title='bbox 822 580 1065 620; x_wconf 85' lang='lat' dir='ltr'>incredibile</span> <span class='ocrx_word' id='word_1_62' title='bbox 1085 581 1198 620; x_wconf 89' lang='lat' dir='ltr'>dictu</span> <span class='ocrx_word' id='word_1_63' title='bbox 1217 595 1339 632; x_wconf 84' lang='lat' dir='ltr'>quain</span> <span class='ocrx_word' id='word_1_64' title='bbox 1366 583 1560 622; x_wconf 82' lang='lat' dir='ltr'>attollant</span> <span class='ocrx_word' id='word_1_65' title='bbox 1579 597 1715 634; x_wconf 87' lang='lat' dir='ltr'>super-</span> 
     </span>
     <span class='ocr_line' id='line_1_8' title="bbox 117 646 1716 696; baseline 0.003 -12"><span class='ocrx_word' id='word_1_66' title='bbox 117 646 274 694; x_wconf 88' lang='lat' dir='ltr'>cilium,</span> <span class='ocrx_word' id='word_1_67' title='bbox 308 647 552 685; x_wconf 89' lang='lat' dir='ltr'>vniuersam</span> <span class='ocrx_word' id='word_1_68' title='bbox 585 646 785 696; x_wconf 84' lang='lat' dir='ltr'>pietatem</span> <span class='ocrx_word' id='word_1_69' title='bbox 819 646 863 684; x_wconf 89' lang='lat' dir='ltr'>in</span> <span class='ocrx_word' id='word_1_70' title='bbox 897 647 1087 685; x_wconf 84' lang='lat' dir='ltr'>extrariis</span> <span class='ocrx_word' id='word_1_71' title='bbox 1124 647 1438 696; x_wconf 78' lang='lat' dir='ltr'>constituentes,</span> <span class='ocrx_word' id='word_1_72' title='bbox 1473 651 1513 686; x_wconf 88' lang='lat' dir='ltr'>et</span> <span class='ocrx_word' id='word_1_73' title='bbox 1551 649 1601 687; x_wconf 91' lang='lat' dir='ltr'>ob</span> <span class='ocrx_word' id='word_1_74' title='bbox 1640 649 1716 688; x_wconf 89' lang='lat' dir='ltr'>has</span> 
     </span>
     <span class='ocr_line' id='line_1_9' title="bbox 117 710 1796 762; baseline 0.002 -12"><span class='ocrx_word' id='word_1_75' title='bbox 117 725 264 760; x_wconf 89' lang='lat' dir='ltr'>pueros</span> <span class='ocrx_word' id='word_1_76' title='bbox 284 712 335 750; x_wconf 88' lang='lat' dir='ltr'>ad</span> <span class='ocrx_word' id='word_1_77' title='bbox 357 724 500 750; x_wconf 88' lang='lat' dir='ltr'>necem</span> <span class='ocrx_word' id='word_1_78' title='bbox 520 710 704 761; x_wconf 89' lang='lat' dir='ltr'>quotidie</span> <span class='ocrx_word' id='word_1_79' title='bbox 724 711 950 750; x_wconf 87' lang='lat' dir='ltr'>caedentes.</span> <span class='ocrx_word' id='word_1_80' title='bbox 1010 711 1256 762; x_wconf 77' lang='lat' dir='ltr'>Quanquam</span> <span class='ocrx_word' id='word_1_81' title='bbox 1281 713 1362 762; x_wconf 91' lang='lat' dir='ltr'>ipsi</span> <span class='ocrx_word' id='word_1_82' title='bbox 1390 726 1457 751; x_wconf 90' lang='lat' dir='ltr'>eas</span> <span class='ocrx_word' id='word_1_83' title='bbox 1475 714 1584 752; x_wconf 90' lang='lat' dir='ltr'>miro</span> <span class='ocrx_word' id='word_1_84' title='bbox 1603 714 1714 753; x_wconf 87' lang='lat' dir='ltr'>tedio</span> <span class='ocrx_word' id='word_1_85' title='bbox 1733 729 1796 761; x_wconf 85' lang='lat'>570</span> 
     </span>
     <span class='ocr_line' id='line_1_10' title="bbox 117 775 1714 828; baseline 0.002 -13"><span class='ocrx_word' id='word_1_86' title='bbox 117 779 330 826; x_wconf 86' lang='lat' dir='ltr'>peragunt,</span> <span class='ocrx_word' id='word_1_87' title='bbox 374 789 449 815; x_wconf 88' lang='lat' dir='ltr'>nec</span> <span class='ocrx_word' id='word_1_88' title='bbox 488 776 659 814; x_wconf 89' lang='lat' dir='ltr'>omnino</span> <span class='ocrx_word' id='word_1_89' title='bbox 701 776 904 826; x_wconf 87' lang='lat' dir='ltr'>peracturi</span> <span class='ocrx_word' id='word_1_90' title='bbox 948 775 1032 815; x_wconf 91' lang='lat' dir='ltr'>nisi</span> <span class='ocrx_word' id='word_1_91' title='bbox 1071 777 1282 815; x_wconf 85' lang='lat' dir='ltr'>crederent</span> <span class='ocrx_word' id='word_1_92' title='bbox 1319 778 1396 816; x_wconf 89' lang='lat' dir='ltr'>hoc</span> <span class='ocrx_word' id='word_1_93' title='bbox 1434 779 1714 828; x_wconf 85' lang='lat' dir='ltr'>spectaculum</span> 
     </span>
     <span class='ocr_line' id='line_1_11' title="bbox 117 841 1715 893; baseline 0.001 -13"><span class='ocrx_word' id='word_1_94' title='bbox 117 842 272 892; x_wconf 91' lang='lat' dir='ltr'>populo</span> <span class='ocrx_word' id='word_1_95' title='bbox 287 842 421 880; x_wconf 90' lang='lat' dir='ltr'>videri</span> <span class='ocrx_word' id='word_1_96' title='bbox 441 841 676 880; x_wconf 87' lang='lat' dir='ltr'>mirificum.</span> <span class='ocrx_word' id='word_1_97' title='bbox 736 841 954 880; x_wconf 89' lang='lat' dir='ltr'>Postremo</span> <span class='ocrx_word' id='word_1_98' title='bbox 974 854 1100 891; x_wconf 88' lang='lat' dir='ltr'>quam</span> <span class='ocrx_word' id='word_1_99' title='bbox 1119 841 1224 879; x_wconf 88' lang='lat' dir='ltr'>mira</span> <span class='ocrx_word' id='word_1_100' title='bbox 1242 842 1429 891; x_wconf 87' lang='lat' dir='ltr'>paucitas</span> <span class='ocrx_word' id='word_1_101' title='bbox 1447 843 1715 893; x_wconf 90' lang='lat' dir='ltr'>collegiorum</span> 
     </span>
     <span class='ocr_line' id='line_1_12' title="bbox 117 906 1711 958; baseline 0.001 -12"><span class='ocrx_word' id='word_1_102' title='bbox 117 909 162 946; x_wconf 88' lang='lat' dir='ltr'>in</span> <span class='ocrx_word' id='word_1_103' title='bbox 192 907 342 957; x_wconf 91' lang='lat' dir='ltr'>quibus</span> <span class='ocrx_word' id='word_1_104' title='bbox 368 920 417 945; x_wconf 79' lang='lat' dir='ltr'>ex</span> <span class='ocrx_word' id='word_1_105' title='bbox 447 906 590 946; x_wconf 89' lang='lat' dir='ltr'>animo</span> <span class='ocrx_word' id='word_1_106' title='bbox 616 906 776 944; x_wconf 86' lang='lat' dir='ltr'>viuitur</span> <span class='ocrx_word' id='word_1_107' title='bbox 803 906 920 944; x_wconf 84' lang='lat' dir='ltr'>iuxta</span> <span class='ocrx_word' id='word_1_108' title='bbox 947 906 1132 955; x_wconf 85' lang='lat' dir='ltr'>regulam</span> <span class='ocrx_word' id='word_1_109' title='bbox 1160 906 1336 956; x_wconf 87' lang='lat' dir='ltr'>pietatis,</span> <span class='ocrx_word' id='word_1_110' title='bbox 1361 909 1403 945; x_wconf 86' lang='lat' dir='ltr'>et</span> <span class='ocrx_word' id='word_1_111' title='bbox 1431 907 1477 945; x_wconf 91' lang='lat' dir='ltr'>in</span> <span class='ocrx_word' id='word_1_112' title='bbox 1506 907 1571 946; x_wconf 91' lang='lat' dir='ltr'>his</span> <span class='ocrx_word' id='word_1_113' title='bbox 1599 909 1711 958; x_wconf 89' lang='lat' dir='ltr'>ipsis,</span> 
     </span>
     <span class='ocr_line' id='line_1_13' title="bbox 119 970 1715 1021; baseline 0 -10"><span class='ocrx_word' id='word_1_114' title='bbox 119 972 154 1011; x_wconf 91' lang='lat' dir='ltr'>si</span> <span class='ocrx_word' id='word_1_115' title='bbox 175 972 365 1011; x_wconf 86' lang='lat' dir='ltr'>Silenum</span> <span class='ocrx_word' id='word_1_116' title='bbox 386 971 555 1021; x_wconf 81' lang='lat' dir='ltr'>aperias,</span> <span class='ocrx_word' id='word_1_117' title='bbox 579 972 616 1010; x_wconf 89' lang='lat' dir='ltr'>si</span> <span class='ocrx_word' id='word_1_118' title='bbox 635 971 806 1021; x_wconf 90' lang='lat' dir='ltr'>propius</span> <span class='ocrx_word' id='word_1_119' title='bbox 825 970 1032 1021; x_wconf 83' lang='lat' dir='ltr'>inspicias,</span> <span class='ocrx_word' id='word_1_120' title='bbox 1049 971 1085 1010; x_wconf 90' lang='lat' dir='ltr'>si</span> <span class='ocrx_word' id='word_1_121' title='bbox 1104 971 1156 1009; x_wconf 89' lang='lat' dir='ltr'>ad</span> <span class='ocrx_word' id='word_1_122' title='bbox 1175 984 1295 1010; x_wconf 89' lang='lat' dir='ltr'>verae</span> <span class='ocrx_word' id='word_1_123' title='bbox 1314 971 1482 1021; x_wconf 87' lang='lat' dir='ltr'>pietatis</span> <span class='ocrx_word' id='word_1_124' title='bbox 1497 973 1715 1012; x_wconf 88' lang='lat' dir='ltr'>coticulam</span> 
     </span>
     <span class='ocr_line' id='line_1_14' title="bbox 116 1036 1795 1088; baseline 0.001 -12"><span class='ocrx_word' id='word_1_125' title='bbox 116 1038 316 1088; x_wconf 82' lang='lat' dir='ltr'>explores,</span> <span class='ocrx_word' id='word_1_126' title='bbox 340 1038 524 1075; x_wconf 89' lang='lat' dir='ltr'>immane</span> <span class='ocrx_word' id='word_1_127' title='bbox 544 1050 668 1086; x_wconf 85' lang='lat' dir='ltr'>quarn</span> <span class='ocrx_word' id='word_1_128' title='bbox 687 1036 885 1086; x_wconf 89' lang='lat' dir='ltr'>pauculos</span> <span class='ocrx_word' id='word_1_129' title='bbox 911 1036 1090 1086; x_wconf 89' lang='lat' dir='ltr'>reperias</span> <span class='ocrx_word' id='word_1_130' title='bbox 1110 1049 1304 1086; x_wconf 89' lang='lat' dir='ltr'>synceros</span> <span class='ocrx_word' id='word_1_131' title='bbox 1321 1038 1330 1075; x_wconf 76' lang='lat' dir='ltr'>l</span> <span class='ocrx_word' id='word_1_132' title='bbox 1387 1037 1521 1085; x_wconf 78' lang='lat' dir='ltr'>Quam</span> <span class='ocrx_word' id='word_1_133' title='bbox 1542 1038 1716 1077; x_wconf 89' lang='lat' dir='ltr'>callidae</span> <span class='ocrx_word' id='word_1_134' title='bbox 1734 1050 1795 1084; x_wconf 84' lang='lat'>575</span> 
     </span>
     <span class='ocr_line' id='line_1_15' title="bbox 118 1101 1717 1152; baseline 0.001 -10"><span class='ocrx_word' id='word_1_135' title='bbox 118 1105 216 1142; x_wconf 89' lang='lat' dir='ltr'>sunt</span> <span class='ocrx_word' id='word_1_136' title='bbox 229 1105 337 1141; x_wconf 87' lang='lat' dir='ltr'>artes</span> <span class='ocrx_word' id='word_1_137' title='bbox 353 1103 540 1149; x_wconf 71' lang='lat' dir='ltr'>Satanae,</span> <span class='ocrx_word' id='word_1_138' title='bbox 552 1114 677 1151; x_wconf 89' lang='lat' dir='ltr'>quam</span> <span class='ocrx_word' id='word_1_139' title='bbox 690 1101 907 1139; x_wconf 90' lang='lat' dir='ltr'>sinuosum</span> <span class='ocrx_word' id='word_1_140' title='bbox 919 1104 981 1140; x_wconf 90' lang='lat' dir='ltr'>est</span> <span class='ocrx_word' id='word_1_141' title='bbox 997 1115 1065 1139; x_wconf 92' lang='lat' dir='ltr'>cor</span> <span class='ocrx_word' id='word_1_142' title='bbox 1077 1101 1310 1149; x_wconf 84' lang='lat' dir='ltr'>hominum,</span> <span class='ocrx_word' id='word_1_143' title='bbox 1321 1104 1478 1152; x_wconf 88' lang='lat' dir='ltr'>quanta</span> <span class='ocrx_word' id='word_1_144' title='bbox 1489 1103 1717 1143; x_wconf 90' lang='lat' dir='ltr'>simulandi</span> 
     </span>
     <span class='ocr_line' id='line_1_16' title="bbox 117 1166 1716 1219; baseline 0.001 -13"><span class='ocrx_word' id='word_1_145' title='bbox 117 1169 318 1216; x_wconf 82' lang='lat' dir='ltr'>vafricies,</span> <span class='ocrx_word' id='word_1_146' title='bbox 344 1168 495 1217; x_wconf 87' lang='lat' dir='ltr'>quibus</span> <span class='ocrx_word' id='word_1_147' title='bbox 521 1167 645 1205; x_wconf 90' lang='lat' dir='ltr'>rebus</span> <span class='ocrx_word' id='word_1_148' title='bbox 670 1166 799 1205; x_wconf 86' lang='lat' dir='ltr'>etiam</span> <span class='ocrx_word' id='word_1_149' title='bbox 826 1166 995 1205; x_wconf 88' lang='lat' dir='ltr'>senibus</span> <span class='ocrx_word' id='word_1_150' title='bbox 1022 1179 1163 1204; x_wconf 90' lang='lat' dir='ltr'>rerum</span> <span class='ocrx_word' id='word_1_151' title='bbox 1186 1166 1455 1216; x_wconf 88' lang='lat' dir='ltr'>peritissimis</span> <span class='ocrx_word' id='word_1_152' title='bbox 1480 1168 1716 1219; x_wconf 87' lang='lat' dir='ltr'>frequenter</span> 
     </span>
     <span class='ocr_line' id='line_1_17' title="bbox 117 1230 1714 1285; baseline 0.001 -13"><span class='ocrx_word' id='word_1_153' title='bbox 117 1233 372 1283; x_wconf 88' lang='lat' dir='ltr'>imponitur!</span> <span class='ocrx_word' id='word_1_154' title='bbox 412 1234 452 1271; x_wconf 89' lang='lat' dir='ltr'>et</span> <span class='ocrx_word' id='word_1_155' title='bbox 481 1232 580 1270; x_wconf 89' lang='lat' dir='ltr'>haec</span> <span class='ocrx_word' id='word_1_156' title='bbox 607 1230 822 1281; x_wconf 90' lang='lat' dir='ltr'>postulant</span> <span class='ocrx_word' id='word_1_157' title='bbox 851 1233 897 1269; x_wconf 86' lang='lat' dir='ltr'>vt</span> <span class='ocrx_word' id='word_1_158' title='bbox 925 1232 1066 1282; x_wconf 89' lang='lat' dir='ltr'>paucis</span> <span class='ocrx_word' id='word_1_159' title='bbox 1096 1231 1311 1270; x_wconf 88' lang='lat' dir='ltr'>mensibus</span> <span class='ocrx_word' id='word_1_160' title='bbox 1338 1233 1559 1283; x_wconf 89' lang='lat' dir='ltr'>perspiciat</span> <span class='ocrx_word' id='word_1_161' title='bbox 1585 1235 1714 1285; x_wconf 89' lang='lat' dir='ltr'>puer!</span> 
     </span>
     <span class='ocr_line' id='line_1_18' title="bbox 115 1296 1415 1349; baseline -0.004 -12"><span class='ocrx_word' id='word_1_162' title='bbox 115 1301 240 1349; x_wconf 83' lang='lat' dir='ltr'>atque</span> <span class='ocrx_word' id='word_1_163' title='bbox 259 1299 364 1337; x_wconf 89' lang='lat' dir='ltr'>hanc</span> <span class='ocrx_word' id='word_1_164' title='bbox 383 1299 535 1337; x_wconf 88' lang='lat' dir='ltr'>vocant</span> <span class='ocrx_word' id='word_1_165' title='bbox 553 1296 850 1346; x_wconf 87' lang='lat' dir='ltr'>professionem</span> <span class='ocrx_word' id='word_1_166' title='bbox 867 1297 875 1334; x_wconf 76' lang='lat'>1</span> <span class='ocrx_word' id='word_1_167' title='bbox 1409 1346 1415 1349; x_wconf 41' lang='grc'>-</span> 
     </span>
    </p>

    <p class='ocr_par' dir='ltr' id='par_1_3' title="bbox 116 1361 1798 2442">
     <span class='ocr_line' id='line_1_19' title="bbox 172 1361 1798 1414; baseline -0.001 -12"><span class='ocrx_word' id='word_1_168' title='bbox 172 1363 265 1402; x_wconf 91' lang='lat' dir='ltr'>Iam</span> <span class='ocrx_word' id='word_1_169' title='bbox 297 1364 500 1402; x_wconf 90' lang='lat' dir='ltr'>donemus</span> <span class='ocrx_word' id='word_1_170' title='bbox 533 1363 745 1411; x_wconf 82' lang='lat' dir='ltr'>repertum</span> <span class='ocrx_word' id='word_1_171' title='bbox 775 1361 997 1411; x_wconf 86' lang='lat' dir='ltr'>collegium</span> <span class='ocrx_word' id='word_1_172' title='bbox 1026 1361 1069 1399; x_wconf 89' lang='lat' dir='ltr'>in</span> <span class='ocrx_word' id='word_1_173' title='bbox 1100 1375 1181 1410; x_wconf 86' lang='lat' dir='ltr'>quo</span> <span class='ocrx_word' id='word_1_174' title='bbox 1210 1364 1402 1401; x_wconf 88' lang='lat' dir='ltr'>constent</span> <span class='ocrx_word' id='word_1_175' title='bbox 1433 1363 1584 1413; x_wconf 89' lang='lat' dir='ltr'>omnia,</span> <span class='ocrx_word' id='word_1_176' title='bbox 1617 1364 1715 1414; x_wconf 89' lang='lat' dir='ltr'>quid</span> <span class='ocrx_word' id='word_1_177' title='bbox 1735 1370 1798 1410; x_wconf 81' lang='lat'>580</span> 
     </span>
     <span class='ocr_line' id='line_1_20' title="bbox 118 1425 1714 1479; baseline 0.001 -12"><span class='ocrx_word' id='word_1_178' title='bbox 118 1429 191 1467; x_wconf 89' lang='lat' dir='ltr'>fiet</span> <span class='ocrx_word' id='word_1_179' title='bbox 217 1442 347 1479; x_wconf 88' lang='lat' dir='ltr'>quum</span> <span class='ocrx_word' id='word_1_180' title='bbox 374 1428 562 1466; x_wconf 87' lang='lat' dir='ltr'>mutatur</span> <span class='ocrx_word' id='word_1_181' title='bbox 589 1440 737 1476; x_wconf 90' lang='lat' dir='ltr'>corpus</span> <span class='ocrx_word' id='word_1_182' title='bbox 765 1426 853 1465; x_wconf 90' lang='lat' dir='ltr'>eius</span> <span class='ocrx_word' id='word_1_183' title='bbox 879 1425 952 1476; x_wconf 86' lang='lat' dir='ltr'>qui</span> <span class='ocrx_word' id='word_1_184' title='bbox 978 1426 1188 1476; x_wconf 88' lang='lat' dir='ltr'>professus</span> <span class='ocrx_word' id='word_1_185' title='bbox 1215 1429 1310 1466; x_wconf 79' lang='lat' dir='ltr'>est?</span> <span class='ocrx_word' id='word_1_186' title='bbox 1348 1441 1479 1477; x_wconf 88' lang='lat' dir='ltr'>quum</span> <span class='ocrx_word' id='word_1_187' title='bbox 1506 1429 1550 1467; x_wconf 92' lang='lat' dir='ltr'>in</span> <span class='ocrx_word' id='word_1_188' title='bbox 1576 1429 1714 1468; x_wconf 86' lang='lat' dir='ltr'>locum</span> 
     </span>
     <span class='ocr_line' id='line_1_21' title="bbox 118 1491 1715 1544; baseline 0.001 -12"><span class='ocrx_word' id='word_1_189' title='bbox 118 1494 219 1532; x_wconf 92' lang='lat' dir='ltr'>boni</span> <span class='ocrx_word' id='word_1_190' title='bbox 250 1492 508 1544; x_wconf 87' lang='lat' dir='ltr'>patriarchae</span> <span class='ocrx_word' id='word_1_191' title='bbox 539 1491 721 1530; x_wconf 87' lang='lat' dir='ltr'>succedit</span> <span class='ocrx_word' id='word_1_192' title='bbox 748 1491 950 1541; x_wconf 89' lang='lat' dir='ltr'>stupidus,</span> <span class='ocrx_word' id='word_1_193' title='bbox 981 1492 1240 1530; x_wconf 88' lang='lat' dir='ltr'>temulentus</span> <span class='ocrx_word' id='word_1_194' title='bbox 1274 1494 1314 1531; x_wconf 90' lang='lat' dir='ltr'>et</span> <span class='ocrx_word' id='word_1_195' title='bbox 1344 1495 1556 1543; x_wconf 85' lang='lat' dir='ltr'>tyrannus,</span> <span class='ocrx_word' id='word_1_196' title='bbox 1585 1507 1715 1544; x_wconf 91' lang='lat' dir='ltr'>quum</span> 
     </span>
     <span class='ocr_line' id='line_1_22' title="bbox 118 1557 1715 1609; baseline 0 -11"><span class='ocrx_word' id='word_1_197' title='bbox 118 1559 237 1609; x_wconf 89' lang='lat' dir='ltr'>probi</span> <span class='ocrx_word' id='word_1_198' title='bbox 269 1558 428 1597; x_wconf 88' lang='lat' dir='ltr'>sodales</span> <span class='ocrx_word' id='word_1_199' title='bbox 461 1558 682 1596; x_wconf 90' lang='lat' dir='ltr'>mutantur</span> <span class='ocrx_word' id='word_1_200' title='bbox 713 1557 949 1606; x_wconf 82' lang='lat' dir='ltr'>improbis?</span> <span class='ocrx_word' id='word_1_201' title='bbox 1016 1557 1160 1606; x_wconf 89' lang='lat' dir='ltr'>Mutet,</span> <span class='ocrx_word' id='word_1_202' title='bbox 1197 1557 1407 1608; x_wconf 84' lang='lat' dir='ltr'>inquiunt,</span> <span class='ocrx_word' id='word_1_203' title='bbox 1440 1560 1510 1598; x_wconf 85' lang='lat' dir='ltr'>vel</span> <span class='ocrx_word' id='word_1_204' title='bbox 1543 1560 1715 1598; x_wconf 89' lang='lat' dir='ltr'>domum</span> 
     </span>
     <span class='ocr_line' id='line_1_23' title="bbox 119 1622 1717 1672; baseline 0 -9"><span class='ocrx_word' id='word_1_205' title='bbox 119 1624 184 1663; x_wconf 91' lang='lat' dir='ltr'>vel</span> <span class='ocrx_word' id='word_1_206' title='bbox 204 1623 464 1662; x_wconf 88' lang='lat' dir='ltr'>institutum.</span> <span class='ocrx_word' id='word_1_207' title='bbox 523 1622 682 1661; x_wconf 89' lang='lat' dir='ltr'>Verum</span> <span class='ocrx_word' id='word_1_208' title='bbox 709 1622 776 1660; x_wconf 89' lang='lat' dir='ltr'>hic</span> <span class='ocrx_word' id='word_1_209' title='bbox 800 1635 925 1672; x_wconf 89' lang='lat' dir='ltr'>quam</span> <span class='ocrx_word' id='word_1_210' title='bbox 951 1635 1070 1672; x_wconf 84' lang='lat' dir='ltr'>aegre</span> <span class='ocrx_word' id='word_1_211' title='bbox 1090 1622 1312 1661; x_wconf 88' lang='lat' dir='ltr'>dimittunt</span> <span class='ocrx_word' id='word_1_212' title='bbox 1331 1625 1450 1662; x_wconf 83' lang='lat' dir='ltr'>suos!</span> <span class='ocrx_word' id='word_1_213' title='bbox 1485 1625 1554 1663; x_wconf 91' lang='lat' dir='ltr'>sed</span> <span class='ocrx_word' id='word_1_214' title='bbox 1581 1626 1717 1663; x_wconf 88' lang='lat' dir='ltr'>multo</span> 
     </span>
     <span class='ocr_line' id='line_1_24' title="bbox 118 1687 1796 1739; baseline 0.001 -11"><span class='ocrx_word' id='word_1_215' title='bbox 118 1689 281 1739; x_wconf 87' lang='lat' dir='ltr'>aegrius</span> <span class='ocrx_word' id='word_1_216' title='bbox 314 1688 388 1727; x_wconf 88' lang='lat' dir='ltr'>alii</span> <span class='ocrx_word' id='word_1_217' title='bbox 421 1687 639 1738; x_wconf 87' lang='lat' dir='ltr'>recipiunt,</span> <span class='ocrx_word' id='word_1_218' title='bbox 677 1687 934 1737; x_wconf 88' lang='lat' dir='ltr'>suspicantes</span> <span class='ocrx_word' id='word_1_219' title='bbox 966 1687 1125 1736; x_wconf 87' lang='lat' dir='ltr'>aliquid</span> <span class='ocrx_word' id='word_1_220' title='bbox 1159 1688 1283 1726; x_wconf 85' lang='lat' dir='ltr'>latere</span> <span class='ocrx_word' id='word_1_221' title='bbox 1321 1690 1511 1738; x_wconf 86' lang='lat' dir='ltr'>monstri,</span> <span class='ocrx_word' id='word_1_222' title='bbox 1547 1690 1656 1739; x_wconf 87' lang='lat' dir='ltr'>quod</span> <span class='ocrx_word' id='word_1_223' title='bbox 1694 1702 1717 1728; x_wconf 90' lang='lat' dir='ltr'>a</span> <span class='ocrx_word' id='word_1_224' title='bbox 1736 1698 1796 1739; x_wconf 86' lang='lat'>585</span> 
     </span>
     <span class='ocr_line' id='line_1_25' title="bbox 118 1751 1716 1803; baseline 0.001 -12"><span class='ocrx_word' id='word_1_225' title='bbox 118 1755 257 1792; x_wconf 88' lang='lat' dir='ltr'>vetere</span> <span class='ocrx_word' id='word_1_226' title='bbox 286 1752 480 1791; x_wconf 87' lang='lat' dir='ltr'>sodalitio</span> <span class='ocrx_word' id='word_1_227' title='bbox 509 1752 732 1800; x_wconf 83' lang='lat' dir='ltr'>recesserit,</span> <span class='ocrx_word' id='word_1_228' title='bbox 761 1754 800 1790; x_wconf 92' lang='lat' dir='ltr'>et</span> <span class='ocrx_word' id='word_1_229' title='bbox 830 1751 866 1790; x_wconf 90' lang='lat' dir='ltr'>si</span> <span class='ocrx_word' id='word_1_230' title='bbox 895 1765 1019 1802; x_wconf 82' lang='lat' dir='ltr'>quem</span> <span class='ocrx_word' id='word_1_231' title='bbox 1050 1752 1107 1790; x_wconf 88' lang='lat' dir='ltr'>ibi</span> <span class='ocrx_word' id='word_1_232' title='bbox 1139 1755 1245 1790; x_wconf 90' lang='lat' dir='ltr'>nutu</span> <span class='ocrx_word' id='word_1_233' title='bbox 1274 1752 1501 1802; x_wconf 88' lang='lat' dir='ltr'>offenderit,</span> <span class='ocrx_word' id='word_1_234' title='bbox 1523 1755 1716 1803; x_wconf 85' lang='lat' dir='ltr'>protinus</span> 
     </span>
     <span class='ocr_line' id='line_1_26' title="bbox 116 1817 1716 1869; baseline 0.001 -14"><span class='ocrx_word' id='word_1_235' title='bbox 116 1817 235 1856; x_wconf 83' lang='lat' dir='ltr'>audit</span> <span class='ocrx_word' id='word_1_236' title='bbox 265 1817 399 1865; x_wconf 79' lang='lat' dir='ltr'>‘Quin</span> <span class='ocrx_word' id='word_1_237' title='bbox 428 1817 538 1855; x_wconf 91' lang='lat' dir='ltr'>redis</span> <span class='ocrx_word' id='word_1_238' title='bbox 566 1817 617 1855; x_wconf 89' lang='lat' dir='ltr'>ad</span> <span class='ocrx_word' id='word_1_239' title='bbox 647 1817 795 1855; x_wconf 87' lang='lat' dir='ltr'>tuos‘?&#39;</span> <span class='ocrx_word' id='word_1_240' title='bbox 851 1817 920 1856; x_wconf 90' lang='lat' dir='ltr'>Ad</span> <span class='ocrx_word' id='word_1_241' title='bbox 948 1817 1063 1865; x_wconf 89' lang='lat' dir='ltr'>haec,</span> <span class='ocrx_word' id='word_1_242' title='bbox 1090 1830 1215 1866; x_wconf 88' lang='lat' dir='ltr'>quam</span> <span class='ocrx_word' id='word_1_243' title='bbox 1242 1817 1364 1856; x_wconf 84' lang='lat' dir='ltr'>anxia</span> <span class='ocrx_word' id='word_1_244' title='bbox 1390 1818 1617 1868; x_wconf 89' lang='lat' dir='ltr'>disputatio</span> <span class='ocrx_word' id='word_1_245' title='bbox 1647 1819 1716 1869; x_wconf 91' lang='lat' dir='ltr'>qui</span> 
     </span>
     <span class='ocr_line' id='line_1_27' title="bbox 120 1877 1717 1932; baseline 0.001 -11"><span class='ocrx_word' id='word_1_246' title='bbox 120 1883 177 1921; x_wconf 90' lang='lat' dir='ltr'>sit</span> <span class='ocrx_word' id='word_1_247' title='bbox 221 1877 331 1920; x_wconf 38' lang='lat' dir='ltr'>ordo*</span> <span class='ocrx_word' id='word_1_248' title='bbox 367 1881 557 1929; x_wconf 88' lang='lat' dir='ltr'>strictior,</span> <span class='ocrx_word' id='word_1_249' title='bbox 599 1881 670 1931; x_wconf 90' lang='lat' dir='ltr'>qui</span> <span class='ocrx_word' id='word_1_250' title='bbox 712 1881 871 1920; x_wconf 77' lang='lat' dir='ltr'>laxior!</span> <span class='ocrx_word' id='word_1_251' title='bbox 919 1895 1016 1919; x_wconf 88' lang='lat' dir='ltr'>nam</span> <span class='ocrx_word' id='word_1_252' title='bbox 1062 1895 1185 1920; x_wconf 88' lang='lat' dir='ltr'>suum</span> <span class='ocrx_word' id='word_1_253' title='bbox 1230 1882 1402 1932; x_wconf 84' lang='lat' dir='ltr'>quisque</span> <span class='ocrx_word' id='word_1_254' title='bbox 1445 1883 1537 1922; x_wconf 83' lang='lat' dir='ltr'>vult</span> <span class='ocrx_word' id='word_1_255' title='bbox 1584 1884 1717 1923; x_wconf 92' lang='lat' dir='ltr'>videri</span> 
     </span>
     <span class='ocr_line' id='line_1_28' title="bbox 121 1946 1717 1996; baseline 0.001 -10"><span class='ocrx_word' id='word_1_256' title='bbox 121 1947 446 1986; x_wconf 86' lang='lat' dir='ltr'>strictissimum.</span> <span class='ocrx_word' id='word_1_257' title='bbox 507 1947 562 1985; x_wconf 93' lang='lat' dir='ltr'>Et</span> <span class='ocrx_word' id='word_1_258' title='bbox 581 1946 682 1984; x_wconf 91' lang='lat' dir='ltr'>haec</span> <span class='ocrx_word' id='word_1_259' title='bbox 709 1949 771 1984; x_wconf 91' lang='lat' dir='ltr'>est</span> <span class='ocrx_word' id='word_1_260' title='bbox 797 1946 869 1985; x_wconf 89' lang='lat' dir='ltr'>illa</span> <span class='ocrx_word' id='word_1_261' title='bbox 894 1947 1101 1996; x_wconf 87' lang='lat' dir='ltr'>praeclara</span> <span class='ocrx_word' id='word_1_262' title='bbox 1126 1947 1300 1986; x_wconf 85' lang='lat' dir='ltr'>facultas</span> <span class='ocrx_word' id='word_1_263' title='bbox 1325 1949 1548 1988; x_wconf 90' lang='lat' dir='ltr'>mutandae</span> <span class='ocrx_word' id='word_1_264' title='bbox 1567 1950 1717 1988; x_wconf 91' lang='lat' dir='ltr'>domus</span> 
     </span>
     <span class='ocr_line' id='line_1_29' title="bbox 121 2011 1798 2064; baseline 0.001 -13"><span class='ocrx_word' id='word_1_265' title='bbox 121 2014 194 2051; x_wconf 88' lang='lat' dir='ltr'>aut</span> <span class='ocrx_word' id='word_1_266' title='bbox 223 2012 419 2059; x_wconf 83' lang='lat' dir='ltr'>instituti,</span> <span class='ocrx_word' id='word_1_267' title='bbox 447 2014 493 2050; x_wconf 87' lang='lat' dir='ltr'>vt</span> <span class='ocrx_word' id='word_1_268' title='bbox 522 2012 658 2049; x_wconf 91' lang='lat' dir='ltr'>denuo</span> <span class='ocrx_word' id='word_1_269' title='bbox 682 2011 826 2050; x_wconf 89' lang='lat' dir='ltr'>subeat</span> <span class='ocrx_word' id='word_1_270' title='bbox 853 2011 986 2049; x_wconf 89' lang='lat' dir='ltr'>aleam</span> <span class='ocrx_word' id='word_1_271' title='bbox 1015 2026 1066 2050; x_wconf 90' lang='lat' dir='ltr'>ne</span> <span class='ocrx_word' id='word_1_272' title='bbox 1095 2012 1221 2051; x_wconf 90' lang='lat' dir='ltr'>miser</span> <span class='ocrx_word' id='word_1_273' title='bbox 1249 2013 1296 2050; x_wconf 91' lang='lat' dir='ltr'>in</span> <span class='ocrx_word' id='word_1_274' title='bbox 1322 2013 1531 2053; x_wconf 89' lang='lat' dir='ltr'>duriorem</span> <span class='ocrx_word' id='word_1_275' title='bbox 1559 2015 1717 2053; x_wconf 88' lang='lat' dir='ltr'>incidat</span> <span class='ocrx_word' id='word_1_276' title='bbox 1736 2031 1798 2064; x_wconf 86' lang='lat'>590</span> 
     </span>
     <span class='ocr_line' id='line_1_30' title="bbox 121 2076 1718 2128; baseline 0.001 -12"><span class='ocrx_word' id='word_1_277' title='bbox 121 2077 379 2116; x_wconf 88' lang='lat' dir='ltr'>seruitutem.</span> <span class='ocrx_word' id='word_1_278' title='bbox 440 2077 571 2115; x_wconf 89' lang='lat' dir='ltr'>Porro</span> <span class='ocrx_word' id='word_1_279' title='bbox 604 2076 798 2126; x_wconf 89' lang='lat' dir='ltr'>quoniam</span> <span class='ocrx_word' id='word_1_280' title='bbox 830 2076 1050 2126; x_wconf 89' lang='lat' dir='ltr'>plerosque</span> <span class='ocrx_word' id='word_1_281' title='bbox 1079 2077 1293 2116; x_wconf 86' lang='lat' dir='ltr'>fraudibus</span> <span class='ocrx_word' id='word_1_282' title='bbox 1324 2077 1524 2128; x_wconf 87' lang='lat' dir='ltr'>illectant,</span> <span class='ocrx_word' id='word_1_283' title='bbox 1555 2079 1718 2118; x_wconf 82' lang='lat' dir='ltr'>illectos</span> 
     </span>
     <span class='ocr_line' id='line_1_31' title="bbox 123 2141 1716 2192; baseline 0.001 -11"><span class='ocrx_word' id='word_1_284' title='bbox 123 2156 208 2181; x_wconf 91' lang='lat' dir='ltr'>non</span> <span class='ocrx_word' id='word_1_285' title='bbox 231 2142 281 2180; x_wconf 90' lang='lat' dir='ltr'>ad</span> <span class='ocrx_word' id='word_1_286' title='bbox 306 2141 568 2191; x_wconf 86' lang='lat' dir='ltr'>spiritualem</span> <span class='ocrx_word' id='word_1_287' title='bbox 594 2141 792 2191; x_wconf 88' lang='lat' dir='ltr'>pietatem</span> <span class='ocrx_word' id='word_1_288' title='bbox 813 2142 883 2180; x_wconf 88' lang='lat' dir='ltr'>sed</span> <span class='ocrx_word' id='word_1_289' title='bbox 907 2142 957 2180; x_wconf 89' lang='lat' dir='ltr'>ad</span> <span class='ocrx_word' id='word_1_290' title='bbox 985 2142 1317 2181; x_wconf 71' lang='lat' dir='ltr'>Phar-isaismum</span> <span class='ocrx_word' id='word_1_291' title='bbox 1337 2143 1575 2192; x_wconf 87' lang='lat' dir='ltr'>instituunt,</span> <span class='ocrx_word' id='word_1_292' title='bbox 1599 2146 1642 2183; x_wconf 87' lang='lat' dir='ltr'>et</span> <span class='ocrx_word' id='word_1_293' title='bbox 1665 2145 1716 2183; x_wconf 90' lang='lat' dir='ltr'>ad</span> 
     </span>
     <span class='ocr_line' id='line_1_32' title="bbox 122 2206 1713 2258; baseline 0.001 -12"><span class='ocrx_word' id='word_1_294' title='bbox 122 2207 367 2246; x_wconf 89' lang='lat' dir='ltr'>seruitutem</span> <span class='ocrx_word' id='word_1_295' title='bbox 386 2207 608 2245; x_wconf 87' lang='lat' dir='ltr'>hominum</span> <span class='ocrx_word' id='word_1_296' title='bbox 633 2206 817 2257; x_wconf 85' lang='lat' dir='ltr'>adigunt,</span> <span class='ocrx_word' id='word_1_297' title='bbox 840 2206 1044 2256; x_wconf 87' lang='lat' dir='ltr'>plurimos</span> <span class='ocrx_word' id='word_1_298' title='bbox 1071 2208 1257 2257; x_wconf 85' lang='lat' dir='ltr'>sequitur</span> <span class='ocrx_word' id='word_1_299' title='bbox 1276 2208 1460 2246; x_wconf 87' lang='lat' dir='ltr'>instituti</span> <span class='ocrx_word' id='word_1_300' title='bbox 1478 2209 1713 2258; x_wconf 89' lang='lat' dir='ltr'>poenitudo.</span> 
     </span>
     <span class='ocr_line' id='line_1_33' title="bbox 123 2271 1717 2324; baseline 0.001 -13"><span class='ocrx_word' id='word_1_301' title='bbox 123 2273 270 2322; x_wconf 77' lang='lat' dir='ltr'>Itaque</span> <span class='ocrx_word' id='word_1_302' title='bbox 302 2272 427 2310; x_wconf 85' lang='lat' dir='ltr'>veriti</span> <span class='ocrx_word' id='word_1_303' title='bbox 465 2285 517 2310; x_wconf 93' lang='lat' dir='ltr'>ne</span> <span class='ocrx_word' id='word_1_304' title='bbox 554 2272 740 2320; x_wconf 88' lang='lat' dir='ltr'>ipsorum</span> <span class='ocrx_word' id='word_1_305' title='bbox 779 2271 893 2322; x_wconf 82' lang='lat' dir='ltr'>orgia</span> <span class='ocrx_word' id='word_1_306' title='bbox 930 2272 1193 2321; x_wconf 84' lang='lat' dir='ltr'>proferantur</span> <span class='ocrx_word' id='word_1_307' title='bbox 1231 2273 1275 2310; x_wconf 92' lang='lat' dir='ltr'>in</span> <span class='ocrx_word' id='word_1_308' title='bbox 1311 2273 1538 2322; x_wconf 89' lang='lat' dir='ltr'>publicum,</span> <span class='ocrx_word' id='word_1_309' title='bbox 1574 2274 1717 2324; x_wconf 86' lang='lat' dir='ltr'>virgis,</span> 
     </span>
     <span class='ocr_line' id='line_1_34' title="bbox 124 2336 1797 2387; baseline 0.001 -12"><span class='ocrx_word' id='word_1_310' title='bbox 124 2336 427 2385; x_wconf 85' lang='lat' dir='ltr'>deuotionibus,</span> <span class='ocrx_word' id='word_1_311' title='bbox 443 2336 609 2375; x_wconf 86' lang='lat' dir='ltr'>brachio</span> <span class='ocrx_word' id='word_1_312' title='bbox 626 2337 808 2384; x_wconf 87' lang='lat' dir='ltr'>seculari,</span> <span class='ocrx_word' id='word_1_313' title='bbox 829 2337 973 2383; x_wconf 89' lang='lat' dir='ltr'>muris,</span> <span class='ocrx_word' id='word_1_314' title='bbox 989 2337 1192 2384; x_wconf 90' lang='lat' dir='ltr'>cancellis,</span> <span class='ocrx_word' id='word_1_315' title='bbox 1210 2338 1440 2376; x_wconf 89' lang='lat' dir='ltr'>carceribus</span> <span class='ocrx_word' id='word_1_316' title='bbox 1454 2340 1575 2387; x_wconf 89' lang='lat' dir='ltr'>atque</span> <span class='ocrx_word' id='word_1_317' title='bbox 1591 2339 1717 2377; x_wconf 87' lang='lat' dir='ltr'>etiam</span> <span class='ocrx_word' id='word_1_318' title='bbox 1736 2354 1775 2387; x_wconf 87' lang='lat'>59</span> <span class='ocrx_word' id='word_1_319' title='bbox 1780 2355 1797 2386; x_wconf 79' lang='lat'>5</span> 
     </span>
     <span class='ocr_line' id='line_1_35' title="bbox 124 2401 1718 2442; baseline 0.001 -2"><span class='ocrx_word' id='word_1_320' title='bbox 124 2401 328 2440; x_wconf 86' lang='lat' dir='ltr'>mortibus</span> <span class='ocrx_word' id='word_1_321' title='bbox 357 2414 452 2439; x_wconf 91' lang='lat' dir='ltr'>suos</span> <span class='ocrx_word' id='word_1_322' title='bbox 482 2401 673 2439; x_wconf 87' lang='lat' dir='ltr'>retinent.</span> <span class='ocrx_word' id='word_1_323' title='bbox 733 2401 911 2440; x_wconf 88' lang='lat' dir='ltr'>Mentior</span> <span class='ocrx_word' id='word_1_324' title='bbox 941 2401 1023 2440; x_wconf 88' lang='lat' dir='ltr'>nisi</span> <span class='ocrx_word' id='word_1_325' title='bbox 1052 2402 1288 2440; x_wconf 88' lang='lat' dir='ltr'>Matthaeus</span> <span class='ocrx_word' id='word_1_326' title='bbox 1315 2403 1431 2441; x_wconf 85' lang='lat' dir='ltr'>Oard.</span> <span class='ocrx_word' id='word_1_327' title='bbox 1463 2403 1718 2442; x_wconf 85' lang='lat' dir='ltr'>Sedunensis</span> 
     </span>
    </p>
   </div>
   <div class='ocr_carea' id='block_1_3' title="bbox 168 2510 759 2551">
    <p class='ocr_par' dir='ltr' id='par_1_4' title="bbox 168 2510 759 2551">
     <span class='ocr_line' id='line_1_36' title="bbox 168 2510 759 2551; baseline 0 -9"><span class='ocrx_word' id='word_1_328' title='bbox 168 2522 242 2551; x_wconf 86' lang='lat'>574.</span> <span class='ocrx_word' id='word_1_329' title='bbox 269 2510 447 2551; x_wconf 86' lang='lat' dir='ltr'>Silenum]</span> <span class='ocrx_word' id='word_1_330' title='bbox 467 2511 517 2542; x_wconf 84' lang='lat' dir='ltr'>Cf.</span> <span class='ocrx_word' id='word_1_331' title='bbox 537 2514 639 2549; x_wconf 73' lang='lat' dir='ltr'>Aday.</span> <span class='ocrx_word' id='word_1_332' title='bbox 660 2521 759 2542; x_wconf 85' lang='lat'>2201.</span> 
     </span>
    </p>
   </div>
   <div class='ocr_carea' id='block_1_4' title="bbox 168 2511 1713 2595">
    <p class='ocr_par' dir='ltr' id='par_1_5' title="bbox 168 2511 1713 2595">
     <span class='ocr_line' id='line_1_37' title="bbox 954 2511 1713 2554; baseline 0.003 -12"><span class='ocrx_word' id='word_1_333' title='bbox 954 2512 1081 2542; x_wconf 81' lang='lat' dir='ltr'>driven</span> <span class='ocrx_word' id='word_1_334' title='bbox 1094 2511 1186 2542; x_wconf 84' lang='lat' dir='ltr'>from</span> <span class='ocrx_word' id='word_1_335' title='bbox 1200 2512 1257 2542; x_wconf 89' lang='lat' dir='ltr'>his</span> <span class='ocrx_word' id='word_1_336' title='bbox 1270 2522 1327 2542; x_wconf 90' lang='lat' dir='ltr'>see</span> <span class='ocrx_word' id='word_1_337' title='bbox 1341 2513 1387 2552; x_wconf 82' lang='lat' dir='ltr'>by</span> <span class='ocrx_word' id='word_1_338' title='bbox 1397 2522 1417 2543; x_wconf 86' lang='lat' dir='ltr'>a</span> <span class='ocrx_word' id='word_1_339' title='bbox 1428 2513 1578 2552; x_wconf 83' lang='lat' dir='ltr'>popular</span> <span class='ocrx_word' id='word_1_340' title='bbox 1590 2514 1713 2554; x_wconf 85' lang='lat' dir='ltr'>rising,</span> 
     </span>
     <span class='ocr_line' id='line_1_38' title="bbox 168 2553 885 2595; baseline 0.003 -12"><span class='ocrx_word' id='word_1_341' title='bbox 168 2555 245 2595; x_wconf 84' lang='lat'>596.</span> <span class='ocrx_word' id='word_1_342' title='bbox 261 2553 496 2595; x_wconf 83' lang='lat' dir='ltr'>sedunensis]</span> <span class='ocrx_word' id='word_1_343' title='bbox 515 2554 688 2585; x_wconf 82' lang='lat' dir='ltr'>Matthew</span> <span class='ocrx_word' id='word_1_344' title='bbox 705 2555 885 2586; x_wconf 87' lang='lat' dir='ltr'>Schinner</span> 
     </span>
    </p>
   </div>
   <div class='ocr_carea' id='block_1_5' title="bbox 954 2555 1717 2596">
    <p class='ocr_par' dir='ltr' id='par_1_6' title="bbox 954 2555 1717 2596">
     <span class='ocr_line' id='line_1_39' title="bbox 954 2555 1717 2596; baseline 0.004 -11"><span class='ocrx_word' id='word_1_345' title='bbox 954 2555 999 2585; x_wconf 90' lang='lat' dir='ltr'>he</span> <span class='ocrx_word' id='word_1_346' title='bbox 1028 2555 1221 2586; x_wconf 85' lang='lat' dir='ltr'>continued</span> <span class='ocrx_word' id='word_1_347' title='bbox 1248 2557 1284 2585; x_wconf 85' lang='lat' dir='ltr'>to</span> <span class='ocrx_word' id='word_1_348' title='bbox 1311 2555 1395 2595; x_wconf 86' lang='lat' dir='ltr'>play</span> <span class='ocrx_word' id='word_1_349' title='bbox 1421 2566 1467 2586; x_wconf 92' lang='lat' dir='ltr'>an</span> <span class='ocrx_word' id='word_1_350' title='bbox 1495 2557 1608 2587; x_wconf 86' lang='lat' dir='ltr'>active</span> <span class='ocrx_word' id='word_1_351' title='bbox 1635 2560 1717 2596; x_wconf 87' lang='lat' dir='ltr'>part</span> 
     </span>
    </p>
   </div>
   <div class='ocr_carea' id='block_1_6' title="bbox 123 2596 887 3027">
    <p class='ocr_par' dir='ltr' id='par_1_7' title="bbox 123 2596 887 3027">
     <span class='ocr_line' id='line_1_40' title="bbox 127 2596 884 2637; baseline -0.003 -7"><span class='ocrx_word' id='word_1_352' title='bbox 127 2599 169 2637; x_wconf 85' lang='lat' dir='ltr'>(c.</span> <span class='ocrx_word' id='word_1_353' title='bbox 203 2596 373 2636; x_wconf 89' lang='lat'>1470—28</span> <span class='ocrx_word' id='word_1_354' title='bbox 400 2597 494 2636; x_wconf 84' lang='lat' dir='ltr'>Sept.</span> <span class='ocrx_word' id='word_1_355' title='bbox 527 2597 636 2637; x_wconf 83' lang='lat'>1522),</span> <span class='ocrx_word' id='word_1_356' title='bbox 665 2607 731 2628; x_wconf 91' lang='lat' dir='ltr'>one</span> <span class='ocrx_word' id='word_1_357' title='bbox 761 2597 799 2628; x_wconf 87' lang='lat' dir='ltr'>of</span> <span class='ocrx_word' id='word_1_358' title='bbox 822 2597 884 2628; x_wconf 84' lang='lat' dir='ltr'>the</span> 
     </span>
     <span class='ocr_line' id='line_1_41' title="bbox 125 2639 884 2680; baseline -0.005 -6"><span class='ocrx_word' id='word_1_359' title='bbox 125 2644 220 2674; x_wconf 73' lang='lat' dir='ltr'>most</span> <span class='ocrx_word' id='word_1_360' title='bbox 246 2641 408 2679; x_wconf 68' lang='lat' dir='ltr'>vigorous</span> <span class='ocrx_word' id='word_1_361' title='bbox 441 2639 512 2670; x_wconf 86' lang='lat' dir='ltr'>and</span> <span class='ocrx_word' id='word_1_362' title='bbox 542 2640 747 2671; x_wconf 82' lang='lat' dir='ltr'>influential</span> <span class='ocrx_word' id='word_1_363' title='bbox 773 2640 884 2680; x_wconf 91' lang='lat' dir='ltr'>diplo-</span> 
     </span>
     <span class='ocr_line' id='line_1_42' title="bbox 125 2682 884 2721; baseline -0.004 -4"><span class='ocrx_word' id='word_1_364' title='bbox 125 2686 266 2717; x_wconf 83' lang='lat' dir='ltr'>matists</span> <span class='ocrx_word' id='word_1_365' title='bbox 299 2682 336 2714; x_wconf 86' lang='lat' dir='ltr'>of</span> <span class='ocrx_word' id='word_1_366' title='bbox 363 2683 426 2713; x_wconf 85' lang='lat' dir='ltr'>the</span> <span class='ocrx_word' id='word_1_367' title='bbox 457 2683 536 2721; x_wconf 87' lang='lat' dir='ltr'>day.</span> <span class='ocrx_word' id='word_1_368' title='bbox 594 2683 699 2714; x_wconf 87' lang='lat' dir='ltr'>From</span> <span class='ocrx_word' id='word_1_369' title='bbox 729 2683 791 2714; x_wconf 86' lang='lat' dir='ltr'>the</span> <span class='ocrx_word' id='word_1_370' title='bbox 820 2694 884 2714; x_wconf 85' lang='lat' dir='ltr'>son</span> 
     </span>
     <span class='ocr_line' id='line_1_43' title="bbox 127 2725 885 2765; baseline -0.005 -5"><span class='ocrx_word' id='word_1_371' title='bbox 127 2730 165 2760; x_wconf 82' lang='lat' dir='ltr'>of</span> <span class='ocrx_word' id='word_1_372' title='bbox 188 2738 208 2758; x_wconf 82' lang='lat' dir='ltr'>a</span> <span class='ocrx_word' id='word_1_373' title='bbox 231 2725 351 2758; x_wconf 80' lang='lat' dir='ltr'>Valais</span> <span class='ocrx_word' id='word_1_374' title='bbox 378 2728 525 2765; x_wconf 82' lang='lat' dir='ltr'>peasant</span> <span class='ocrx_word' id='word_1_375' title='bbox 552 2726 597 2756; x_wconf 91' lang='lat' dir='ltr'>he</span> <span class='ocrx_word' id='word_1_376' title='bbox 623 2726 693 2756; x_wconf 87' lang='lat' dir='ltr'>had</span> <span class='ocrx_word' id='word_1_377' title='bbox 720 2727 818 2756; x_wconf 83' lang='lat' dir='ltr'>risen</span> <span class='ocrx_word' id='word_1_378' title='bbox 849 2728 885 2757; x_wconf 91' lang='lat' dir='ltr'>to</span> 
     </span>
     <span class='ocr_line' id='line_1_44' title="bbox 126 2769 884 2810; baseline -0.008 -6"><span class='ocrx_word' id='word_1_379' title='bbox 126 2773 170 2804; x_wconf 87' lang='lat' dir='ltr'>be</span> <span class='ocrx_word' id='word_1_380' title='bbox 193 2771 257 2810; x_wconf 90' lang='lat' dir='ltr'>Bp.</span> <span class='ocrx_word' id='word_1_381' title='bbox 282 2770 320 2800; x_wconf 90' lang='lat' dir='ltr'>of</span> <span class='ocrx_word' id='word_1_382' title='bbox 339 2769 423 2800; x_wconf 87' lang='lat' dir='ltr'>Sion</span> <span class='ocrx_word' id='word_1_383' title='bbox 448 2770 487 2799; x_wconf 85' lang='lat' dir='ltr'>in</span> <span class='ocrx_word' id='word_1_384' title='bbox 513 2778 597 2809; x_wconf 91' lang='lat'>1499</span> <span class='ocrx_word' id='word_1_385' title='bbox 620 2769 692 2799; x_wconf 85' lang='lat' dir='ltr'>and</span> <span class='ocrx_word' id='word_1_386' title='bbox 715 2769 884 2800; x_wconf 83' lang='lat' dir='ltr'>Cardinal</span> 
     </span>
     <span class='ocr_line' id='line_1_45' title="bbox 127 2812 885 2854; baseline -0.005 -8"><span class='ocrx_word' id='word_1_387' title='bbox 127 2817 166 2846; x_wconf 90' lang='lat' dir='ltr'>in</span> <span class='ocrx_word' id='word_1_388' title='bbox 185 2823 275 2854; x_wconf 88' lang='lat'>1511.</span> <span class='ocrx_word' id='word_1_389' title='bbox 310 2813 354 2843; x_wconf 87' lang='lat' dir='ltr'>In</span> <span class='ocrx_word' id='word_1_390' title='bbox 370 2821 452 2850; x_wconf 87' lang='lat'>1512</span> <span class='ocrx_word' id='word_1_391' title='bbox 469 2813 514 2843; x_wconf 92' lang='lat' dir='ltr'>he</span> <span class='ocrx_word' id='word_1_392' title='bbox 530 2812 684 2851; x_wconf 82' lang='lat' dir='ltr'>brought</span> <span class='ocrx_word' id='word_1_393' title='bbox 699 2813 763 2843; x_wconf 90' lang='lat' dir='ltr'>the</span> <span class='ocrx_word' id='word_1_394' title='bbox 779 2813 885 2843; x_wconf 84' lang='lat' dir='ltr'>Swiss</span> 
     </span>
     <span class='ocr_line' id='line_1_46' title="bbox 127 2855 884 2895; baseline -0.005 -5"><span class='ocrx_word' id='word_1_395' title='bbox 127 2863 164 2890; x_wconf 89' lang='lat' dir='ltr'>to</span> <span class='ocrx_word' id='word_1_396' title='bbox 181 2858 239 2889; x_wconf 83' lang='lat' dir='ltr'>aid</span> <span class='ocrx_word' id='word_1_397' title='bbox 251 2856 371 2887; x_wconf 86' lang='lat' dir='ltr'>Julius</span> <span class='ocrx_word' id='word_1_398' title='bbox 381 2865 411 2886; x_wconf 94' lang='lat'>11</span> <span class='ocrx_word' id='word_1_399' title='bbox 423 2856 461 2886; x_wconf 88' lang='lat' dir='ltr'>in</span> <span class='ocrx_word' id='word_1_400' title='bbox 479 2855 660 2895; x_wconf 83' lang='lat' dir='ltr'>expelling</span> <span class='ocrx_word' id='word_1_401' title='bbox 673 2856 734 2886; x_wconf 78' lang='lat' dir='ltr'>the</span> <span class='ocrx_word' id='word_1_402' title='bbox 747 2855 884 2886; x_wconf 85' lang='lat' dir='ltr'>French</span> 
     </span>
     <span class='ocr_line' id='line_1_47' title="bbox 127 2898 887 2939; baseline -0.007 -5"><span class='ocrx_word' id='word_1_403' title='bbox 127 2903 219 2934; x_wconf 86' lang='lat' dir='ltr'>from</span> <span class='ocrx_word' id='word_1_404' title='bbox 240 2900 376 2939; x_wconf 82' lang='lat' dir='ltr'>Milan3</span> <span class='ocrx_word' id='word_1_405' title='bbox 403 2898 476 2929; x_wconf 87' lang='lat' dir='ltr'>and</span> <span class='ocrx_word' id='word_1_406' title='bbox 500 2908 537 2929; x_wconf 83' lang='lat' dir='ltr'>as</span> <span class='ocrx_word' id='word_1_407' title='bbox 559 2899 669 2939; x_wconf 85' lang='lat' dir='ltr'>Papal</span> <span class='ocrx_word' id='word_1_408' title='bbox 690 2898 819 2939; x_wconf 87' lang='lat' dir='ltr'>Legate</span> <span class='ocrx_word' id='word_1_409' title='bbox 841 2899 887 2929; x_wconf 94' lang='lat' dir='ltr'>he</span> 
     </span>
     <span class='ocr_line' id='line_1_48' title="bbox 126 2941 887 2976; baseline -0.004 0"><span class='ocrx_word' id='word_1_410' title='bbox 126 2955 200 2976; x_wconf 82' lang='lat' dir='ltr'>was</span> <span class='ocrx_word' id='word_1_411' title='bbox 211 2942 342 2975; x_wconf 86' lang='lat' dir='ltr'>virtual</span> <span class='ocrx_word' id='word_1_412' title='bbox 354 2942 451 2973; x_wconf 89' lang='lat' dir='ltr'>ruler</span> <span class='ocrx_word' id='word_1_413' title='bbox 467 2942 568 2973; x_wconf 81' lang='lat' dir='ltr'>there</span> <span class='ocrx_word' id='word_1_414' title='bbox 582 2942 676 2973; x_wconf 86' lang='lat' dir='ltr'>until</span> <span class='ocrx_word' id='word_1_415' title='bbox 689 2942 753 2973; x_wconf 85' lang='lat' dir='ltr'>the</span> <span class='ocrx_word' id='word_1_416' title='bbox 769 2941 887 2973; x_wconf 85' lang='lat' dir='ltr'>defeat</span> 
     </span>
     <span class='ocr_line' id='line_1_49' title="bbox 123 2985 885 3027; baseline -0.005 -7"><span class='ocrx_word' id='word_1_417' title='bbox 123 2989 166 3020; x_wconf 87' lang='lat' dir='ltr'>-of</span> <span class='ocrx_word' id='word_1_418' title='bbox 179 2989 388 3027; x_wconf 83' lang='lat' dir='ltr'>Marignano</span> <span class='ocrx_word' id='word_1_419' title='bbox 407 2985 486 3027; x_wconf 88' lang='lat' dir='ltr'>(Ep.</span> <span class='ocrx_word' id='word_1_420' title='bbox 505 2987 578 3025; x_wconf 82' lang='lat'>360.</span> <span class='ocrx_word' id='word_1_421' title='bbox 597 2987 618 3016; x_wconf 87' lang='lat'>6</span> <span class='ocrx_word' id='word_1_422' title='bbox 633 2985 695 3027; x_wconf 83' lang='grc'>11.).</span> <span class='ocrx_word' id='word_1_423' title='bbox 736 2985 885 3026; x_wconf 77' lang='lat' dir='ltr'>Though</span> 
     </span>
    </p>
   </div>
   <div class='ocr_carea' id='block_1_7' title="bbox 882 3054 907 3078">
    <p class='ocr_par' dir='ltr' id='par_1_8' title="bbox 882 3054 907 3078">
     <span class='ocr_line' id='line_1_50' title="bbox 882 3054 907 3078; baseline 0 0"><span class='ocrx_word' id='word_1_424' title='bbox 882 3054 907 3078; x_wconf 80' lang='lat' dir='ltr'>X</span> 
     </span>
    </p>
   </div>
   <div class='ocr_carea' id='block_1_8' title="bbox 954 2598 1722 3029">
    <p class='ocr_par' dir='ltr' id='par_1_9' title="bbox 954 2598 1722 2800">
     <span class='ocr_line' id='line_1_51' title="bbox 954 2598 1722 2639; baseline 0.004 -11"><span class='ocrx_word' id='word_1_425' title='bbox 954 2599 1093 2637; x_wconf 82' lang='lat' dir='ltr'>against</span> <span class='ocrx_word' id='word_1_426' title='bbox 1115 2598 1177 2628; x_wconf 85' lang='lat' dir='ltr'>the</span> <span class='ocrx_word' id='word_1_427' title='bbox 1200 2599 1338 2628; x_wconf 86' lang='lat' dir='ltr'>French</span> <span class='ocrx_word' id='word_1_428' title='bbox 1360 2599 1432 2630; x_wconf 88' lang='lat' dir='ltr'>and</span> <span class='ocrx_word' id='word_1_429' title='bbox 1455 2600 1494 2629; x_wconf 88' lang='lat' dir='ltr'>in</span> <span class='ocrx_word' id='word_1_430' title='bbox 1516 2602 1662 2639; x_wconf 83' lang='lat' dir='ltr'>support</span> <span class='ocrx_word' id='word_1_431' title='bbox 1684 2600 1722 2631; x_wconf 84' lang='lat' dir='ltr'>of</span> 
     </span>
     <span class='ocr_line' id='line_1_52' title="bbox 955 2641 1717 2681; baseline 0.005 -11"><span class='ocrx_word' id='word_1_432' title='bbox 955 2642 1018 2671; x_wconf 79' lang='lat' dir='ltr'>the</span> <span class='ocrx_word' id='word_1_433' title='bbox 1056 2641 1228 2680; x_wconf 88' lang='lat' dir='ltr'>Emperor</span> <span class='ocrx_word' id='word_1_434' title='bbox 1262 2642 1359 2672; x_wconf 88' lang='lat' dir='ltr'>until</span> <span class='ocrx_word' id='word_1_435' title='bbox 1401 2651 1496 2681; x_wconf 85' lang='lat'>1522,</span> <span class='ocrx_word' id='word_1_436' title='bbox 1527 2643 1634 2673; x_wconf 85' lang='lat' dir='ltr'>when</span> <span class='ocrx_word' id='word_1_437' title='bbox 1671 2643 1717 2674; x_wconf 87' lang='lat' dir='ltr'>he</span> 
     </span>
     <span class='ocr_line' id='line_1_53' title="bbox 955 2683 1718 2724; baseline 0.005 -11"><span class='ocrx_word' id='word_1_438' title='bbox 955 2683 1085 2714; x_wconf 73' lang='lat' dir='ltr'>settled</span> <span class='ocrx_word' id='word_1_439' title='bbox 1117 2685 1156 2714; x_wconf 87' lang='lat' dir='ltr'>in</span> <span class='ocrx_word' id='word_1_440' title='bbox 1187 2684 1306 2714; x_wconf 91' lang='lat' dir='ltr'>Rome.</span> <span class='ocrx_word' id='word_1_441' title='bbox 1368 2685 1413 2715; x_wconf 86' lang='lat' dir='ltr'>In</span> <span class='ocrx_word' id='word_1_442' title='bbox 1447 2695 1530 2724; x_wconf 87' lang='lat'>1520</span> <span class='ocrx_word' id='word_1_443' title='bbox 1562 2686 1608 2716; x_wconf 90' lang='lat' dir='ltr'>he</span> <span class='ocrx_word' id='word_1_444' title='bbox 1644 2696 1718 2718; x_wconf 84' lang='lat' dir='ltr'>was</span> 
     </span>
     <span class='ocr_line' id='line_1_54' title="bbox 955 2727 1722 2766; baseline 0.005 -9"><span class='ocrx_word' id='word_1_445' title='bbox 955 2727 1148 2766; x_wconf 77' lang='lat' dir='ltr'>appointed</span> <span class='ocrx_word' id='word_1_446' title='bbox 1172 2727 1445 2759; x_wconf 85' lang='lat' dir='ltr'>administrator</span> <span class='ocrx_word' id='word_1_447' title='bbox 1466 2729 1503 2759; x_wconf 82' lang='lat' dir='ltr'>of</span> <span class='ocrx_word' id='word_1_448' title='bbox 1522 2729 1585 2760; x_wconf 85' lang='lat' dir='ltr'>the</span> <span class='ocrx_word' id='word_1_449' title='bbox 1605 2739 1660 2761; x_wconf 88' lang='lat' dir='ltr'>see</span> <span class='ocrx_word' id='word_1_450' title='bbox 1684 2730 1722 2761; x_wconf 88' lang='lat' dir='ltr'>of</span> 
     </span>
     <span class='ocr_line' id='line_1_55' title="bbox 955 2770 1115 2800; baseline -0.006 0"><span class='ocrx_word' id='word_1_451' title='bbox 955 2770 1115 2800; x_wconf 82' lang='lat' dir='ltr'>Catania.</span> 
     </span>
    </p>

    <p class='ocr_par' dir='ltr' id='par_1_10' title="bbox 954 2813 1718 3029">
     <span class='ocr_line' id='line_1_56' title="bbox 999 2813 1718 2855; baseline 0.008 -13"><span class='ocrx_word' id='word_1_452' title='bbox 999 2813 1046 2843; x_wconf 90' lang='lat' dir='ltr'>In</span> <span class='ocrx_word' id='word_1_453' title='bbox 1083 2813 1145 2843; x_wconf 87' lang='lat' dir='ltr'>the</span> <span class='ocrx_word' id='word_1_454' title='bbox 1184 2822 1306 2844; x_wconf 84' lang='lat' dir='ltr'>course</span> <span class='ocrx_word' id='word_1_455' title='bbox 1342 2813 1380 2843; x_wconf 80' lang='lat' dir='ltr'>of</span> <span class='ocrx_word' id='word_1_456' title='bbox 1414 2814 1471 2844; x_wconf 80' lang='lat' dir='ltr'>his</span> <span class='ocrx_word' id='word_1_457' title='bbox 1509 2815 1718 2855; x_wconf 87' lang='lat' dir='ltr'>diplomatic</span> 
     </span>
     <span class='ocr_line' id='line_1_57' title="bbox 956 2856 1718 2900; baseline 0.008 -15"><span class='ocrx_word' id='word_1_458' title='bbox 956 2858 1178 2886; x_wconf 80' lang='lat' dir='ltr'>movements</span> <span class='ocrx_word' id='word_1_459' title='bbox 1204 2856 1250 2886; x_wconf 89' lang='lat' dir='ltr'>he</span> <span class='ocrx_word' id='word_1_460' title='bbox 1279 2857 1351 2887; x_wconf 85' lang='lat' dir='ltr'>had</span> <span class='ocrx_word' id='word_1_461' title='bbox 1378 2858 1514 2889; x_wconf 87' lang='lat' dir='ltr'>several</span> <span class='ocrx_word' id='word_1_462' title='bbox 1541 2861 1718 2900; x_wconf 84' lang='lat' dir='ltr'>meetings</span> 
     </span>
     <span class='ocr_line' id='line_1_58' title="bbox 955 2899 1716 2938; baseline 0.008 -10"><span class='ocrx_word' id='word_1_463' title='bbox 955 2899 1046 2929; x_wconf 86' lang='lat' dir='ltr'>with</span> <span class='ocrx_word' id='word_1_464' title='bbox 1070 2899 1249 2938; x_wconf 81' lang='lat' dir='ltr'>Erasmus,</span> <span class='ocrx_word' id='word_1_465' title='bbox 1276 2900 1357 2931; x_wconf 89' lang='lat' dir='ltr'>who</span> <span class='ocrx_word' id='word_1_466' title='bbox 1383 2903 1493 2932; x_wconf 84' lang='lat' dir='ltr'>wrote</span> <span class='ocrx_word' id='word_1_467' title='bbox 1521 2903 1583 2932; x_wconf 91' lang='lat' dir='ltr'>the</span> <span class='ocrx_word' id='word_1_468' title='bbox 1611 2903 1716 2934; x_wconf 83' lang='lat' dir='ltr'>Para-</span> 
     </span>
     <span class='ocr_line' id='line_1_59' title="bbox 954 2942 1716 2986; baseline 0.007 -14"><span class='ocrx_word' id='word_1_469' title='bbox 954 2942 1082 2982; x_wconf 78' lang='lat' dir='ltr'>phrase</span> <span class='ocrx_word' id='word_1_470' title='bbox 1100 2942 1138 2973; x_wconf 86' lang='lat' dir='ltr'>of</span> <span class='ocrx_word' id='word_1_471' title='bbox 1151 2943 1199 2973; x_wconf 83' lang='lat' dir='ltr'>St.</span> <span class='ocrx_word' id='word_1_472' title='bbox 1215 2943 1387 2975; x_wconf 82' lang='lat' dir='ltr'>Matthew</span> <span class='ocrx_word' id='word_1_473' title='bbox 1396 2945 1433 2975; x_wconf 86' lang='lat' dir='ltr'>at</span> <span class='ocrx_word' id='word_1_474' title='bbox 1446 2945 1504 2976; x_wconf 87' lang='lat' dir='ltr'>his</span> <span class='ocrx_word' id='word_1_475' title='bbox 1516 2949 1716 2986; x_wconf 79' lang='lat' dir='ltr'>suggestion</span> 
     </span>
     <span class='ocr_line' id='line_1_60' title="bbox 956 2985 1717 3029; baseline 0.007 -13"><span class='ocrx_word' id='word_1_476' title='bbox 956 2985 1028 3017; x_wconf 82' lang='lat' dir='ltr'>and</span> <span class='ocrx_word' id='word_1_477' title='bbox 1051 2985 1236 3017; x_wconf 76' lang='lat' dir='ltr'>dedicated</span> <span class='ocrx_word' id='word_1_478' title='bbox 1253 2987 1287 3018; x_wconf 89' lang='lat' dir='ltr'>to</span> <span class='ocrx_word' id='word_1_479' title='bbox 1308 2987 1384 3017; x_wconf 87' lang='lat' dir='ltr'>him</span> <span class='ocrx_word' id='word_1_480' title='bbox 1403 2988 1464 3019; x_wconf 80' lang='lat' dir='ltr'>the</span> <span class='ocrx_word' id='word_1_481' title='bbox 1481 2989 1717 3029; x_wconf 83' lang='lat' dir='ltr'>Paraphrases</span> 
     </span>
    </p>
   </div>
   <div class='ocr_carea' id='block_1_9' title="bbox 933 3053 957 3078">
    <p class='ocr_par' dir='ltr' id='par_1_11' title="bbox 933 3053 957 3078">
     <span class='ocr_line' id='line_1_61' title="bbox 933 3053 957 3078; baseline 0 0"><span class='ocrx_word' id='word_1_482' title='bbox 933 3053 957 3078; x_wconf 91' lang='lat'>2</span> 
     </span>
    </p>
   </div>
  </div>
 </body>
</html>
