2010 3417
169 392 230 432 485

170 726 234 759 490

171 1054 233 1087 495

182 1710 242 1741 505

187 2035 250 2067 510

192 2362 251 2394 515

250 148 330 186 472
713 142 965 182 LETTERS
1005 141 1075 179 or
1113 139 1379 178 ERASMUS
1718 135 1811 189 [151
1824 149 1841 183 7

251 257 367 296 cuius
401 256 553 294 bonam
587 256 749 304 partem
779 252 901 291 nobis
931 251 1124 290 adimunt
1154 250 1320 300 publica
1350 249 1467 299 regni
1500 239 1702 299 negocia.¹
1757 247 1847 287 Scis

252 321 408 360 nullius
436 319 535 357 boni
563 331 811 369 magnopere
838 317 1065 355 iucundam
1092 315 1336 354 fruitionem
1364 314 1516 364 absque
1544 315 1743 352 consorte.
1786 314 1846 352 At

254 387 296 424 ni
315 387 420 424 forte
440 384 682 423 Tunstallus
708 383 919 431 adfuisset,
946 381 1161 420 neminem
1190 380 1412 419 habiturus
1444 393 1556 418 eram
1586 380 1758 429 quicum
1780 390 1846 415 me

253 456 346 491 tuae
384 450 690 490 mellitissimae
728 449 872 487 literae
912 447 1196 486 delectassent.
1275 445 1368 484 Iam
1400 445 1527 484 istam
1565 442 1847 483 conditionem

253 529 378 565 quam
405 516 528 554 offers
556 514 780 565 perlubens
812 513 997 563 accipio;
1037 514 1085 551 vt
1113 511 1298 550 inuicem
1328 511 1499 561 posthac
1528 501 1765 549 communis
1793 507 1849 562 sit·

252 583 362 621 inter
381 594 458 619 nos
478 582 615 619 omnis
635 579 826 618 omnium
850 579 1078 618 amicorum
1099 576 1312 628 possessio.
1389 575 1507 624 Quod
1536 577 1649 614 enin-'1
1683 575 1849 613 lucrum

253 647 396 687 offerri
411 646 548 697 potuit
567 645 853 684 luculentius?
892 647 1001 683 cert-e
1031 643 1140 693 quod
1163 643 1216 681 ad
1242 656 1310 681 me
1335 641 1524 691 pertinet,
1551 641 1656 680 dabo
1683 651 1849 690 operam

254 726 306 750 ne
341 711 407 750 cui
438 712 586 750 charus
616 712 669 749 sit
701 711 910 758 Erasmus,
944 709 1046 759 quin
1078 709 1190 747 idem
1218 708 1375 758 optime
1407 707 1561 745 sentiat
1589 707 1638 745 de
1665 705 1844 744 Budaeo.

254 777 430 816 Deloino
450 790 545 815 sum
565 790 690 816 ausus
710 776 898 823 scribere,
924 775 1015 813 siue
1035 775 1145 824 quod
1166 775 1253 812 tam
1273 774 1464 811 amanter
1481 772 1533 810 ab
1553 763 1641 822 ipso
1661 771 1848 816 lacessor,

255 843 344 881 siue
360 843 469 893 quod
490 845 537 880 tu
557 843 615 880 sic
628 841 847 880 obtestaris
867 842 914 879 vt
935 839 1080 889 religio
1100 839 1156 877 sit
1175 852 1260 877 non
1280 851 1430 888 parere.
1479 837 1663 887 Alioqui,
1679 850 1731 875 ne
1751 835 1851 886 quid

256 908 443 957 mentiar,
466 921 552 946 non
571 908 651 946 alia
670 909 830 946 ratione
856 906 989 956 magis
1014 919 1038 944 a
1061 904 1277 944 scribendo
1303 904 1506 942 deterrere
1535 905 1697 952 poteras
1727 914 1852 952 quam

256 973 493 1013 istiusmodi
512 974 644 1011 literis
663 971 940 1023 prouocando.
971 970 1088 1019 Quod
1110 970 1146 1008 si
1167 983 1280 1008 meae
1299 968 1619 1007 existimationis
1639 969 1853 1017 tantopere

256 1040 363 1078 mihi
393 1040 499 1078 ratio
525 1039 748 1077 haberetur
779 1039 1032 1087 quantopere
1061 1038 1109 1075 tu
1149 1038 1283 1086 putas,
1321 1034 1501 1084 profecto
1535 1046 1610 1071 nec
1643 1033 1715 1071 illa
1746 1032 1855 1070 mihi

257 1109 395 1144 tecum
415 1104 651 1143 communis
681 1103 812 1142 amica
837 1101 1109 1153 philosophia,
1142 1113 1217 1138 nec
1248 1099 1437 1149 Iuppiter
1465 1099 1671 1137 amicitiae
1700 1110 1852 1148 preses,

258 1183 332 1208 nec
351 1170 435 1208 mei
456 1169 639 1208 nominis
659 1168 791 1218 gloria
811 1180 934 1217 quam
957 1169 1002 1205 tu
1014 1167 1115 1205 facis
1135 1165 1434 1213 admirabilem,
1457 1178 1531 1203 nec
1550 1164 1676 1202 huius
1694 1163 1857 1213 ingenii

259 1235 436 1274 felicitas
457 1248 583 1285 quam
604 1233 709 1272 mihi
742 1246 869 1283 prope
892 1232 1081 1271 diuinam
1100 1231 1262 1280 tribuiS,
1294 1244 1341 1269 eo
1370 1229 1654 1280 impudentiae
1682 1243 1750 1268 me
1790 1229 1855 1267 ad-

257 1302 440 1350 egissent
471 1302 517 1338 vt
555 1300 606 1338 ad
636 1302 724 1338 tam
753 1298 937 1337 eruditas
960 1296 1154 1347 epistolas
1177 1296 1453 1334 rescriberem.
1514 1295 1636 1333 Nunc
1660 1293 1856 1345 quoniam

261 1368 355 1404 tuae
375 1366 529 1415 gloriae
555 1366 614 1403 sic
642 1365 759 1402 faueo
779 1366 825 1402 vt
854 1376 939 1401 non
968 1362 1125 1412 possim
1156 1361 1398 1411 impensius,
1431 1362 1472 1399 et
1499 1360 1586 1410 ipse
1612 1360 1744 1398 famae
1772 1358 1857 1397 iam

260 1444 363 1480 pene
383 1433 498 1469 satur
516 1443 621 1477 sum,
643 1429 720 1468 hoc
741 1428 954 1467 lubentius
974 1427 1101 1465 etiam
1121 1426 1172 1465 ad
1203 1429 1242 1464 te
1268 1426 1413 1474 scribo,
1439 1425 1547 1475 quod
1576 1437 1753 1476 augurer
1772 1424 1858 1462 fore

262 1498 308 1535 vt
339 1498 456 1535 tuam
474 1495 754 1545 eloquentiam
777 1493 947 1544 posthac
966 1492 1257 1532 vehementius
1278 1491 1506 1540 suspiciant
1524 1503 1681 1539 omnes,
1703 1491 1858 1539 postea-

262 1575 387 1611 quam
417 1559 788 1599 animaduerterint
820 1559 1055 1605 Erasmum,
1086 1558 1152 1596 cui
1181 1557 1384 1596 hactenus
1404 1556 1644 1594 tribuebant
1665 1555 1857 1606 eloquen-

263 1626 376 1674 tiam,
400 1629 441 1664 te
460 1626 655 1675 loquente
670 1638 838 1674 prorsus
857 1623 1125 1663 obmutuisse.

316 1692 469 1730 Totum
484 1692 604 1729 illum
617 1691 757 1729 locum
771 1690 855 1739 περὶ
869 1691 932 1738 τῆς
952 1689 1185 1740 χρυσώσεως,
1202 1688 1286 1736 περὶ
1297 1689 1362 1736 τῆς
1381 1686 1658 1726 ἐθελοδουλείας
1669 1686 1755 1724 risu
1770 1699 1860 1735 pro-

265 1756 489 1806 sequebar„
531 1758 621 1795 Aut
651 1755 873 1804 insigniter
906 1754 1073 1805 ignoras
1111 1753 1329 1803 ingenium
1358 1765 1500 1791 meum
1532 1754 1607 1791 aut
1639 1751 1861 1791 vaferrime

266 1821 516 1860 dissimulas.
594 1821 809 1860 Hactenus
857 1820 1026 1871 quidem
1065 1819 1134 1858 hic
1187 1820 1420 1857 sementem
1463 1817 1578 1866 facio,
1629 1817 1862 1855 cuiusmodi

267 1900 445 1926 messem
465 1887 648 1925 facturus
674 1887 857 1925 incertus
874 1900 882 1933 ;
935 1898 1028 1924 meo
1048 1886 1281 1924 etiamnum
1301 1897 1420 1923 succo
1438 1884 1585 1923 victito
1610 1883 1659 1921 ad
1680 1882 1863 1921 cochlea-

268 1966 361 1991 rum
373 1952 622 2002 exemplum,
641 1952 727 1990 imo
746 1952 996 2002 polyporum
1016 1951 1061 1989 in
1074 1964 1230 1989 morem
1242 1950 1392 1989 arrosis
1406 1950 1511 1988 meis
1529 1948 1660 1999 ipsius
1679 1947 1862 1987 brachiis

267 2031 334 2057 me
353 2018 491 2068 ipsum
512 2031 632 2067 pasco
649 2032 658 2056 ε
687 2018 770 2056 nisi
790 2018 897 2067 quod
919 2015 1116 2056 salarium
1132 2017 1385 2066 promissum
1402 2018 1465 2054 est
1477 2028 1525 2053 ex
1538 2014 1692 2053 aerario
1705 2014 1865 2052 Princi-

269 2085 342 2133 pis,
363 2085 405 2121 et
417 2096 500 2121 vna
518 2083 601 2121 iam
622 2084 717 2122 data
731 2082 952 2132 prebenda,
968 2096 1092 2133 quam
1112 2082 1200 2132 ipse
1218 2081 1324 2120 verti
1341 2081 1385 2119 in
1407 2093 1588 2119 annuam
1607 2080 1861 2129 pensionem.

268 2149 521 2199 Ἐμπίπτουσι
539 2150 607 2198 μὲν
626 2148 753 2187 ἐνθάδε
771 2150 984 2198 πάμπολλα
1002 2148 1181 2197 πτώματα
1197 2162 1205 2195 ;
1237 2147 1307 2185 sed
1327 2147 1403 2185 hui
1422 2146 1640 2185 vulturum
1660 2145 1866 2183 immensa

269 2215 400 2263 turba,
423 2216 465 2253 et
492 2227 565 2264 ego
595 2213 763 2263 quiduis
792 2227 882 2252 esse
912 2227 1082 2263 possum
1107 2213 1230 2252 eitius
1259 2225 1384 2262 quam
1413 2212 1566 2250 vultur.
1623 2209 1668 2249 Si
1697 2223 1779 2259 qua
1800 2223 1866 2248 res

269 2280 457 2319 animum
487 2292 628 2317 meum
660 2292 684 2317 a
709 2279 863 2317 litteris
896 2292 1066 2317 auocare
1098 2278 1310 2328 potuisset,
1332 2279 1404 2316 aut
1431 2277 1530 2315 haec
1557 2275 1752 2315 valetudo
1781 2274 1866 2313 iam

273 2345 422 2385 caduca
450 2344 611 2394 prideln
641 2346 862 2392 auocasset,
888 2347 959 2382 aut
978 2345 1055 2382 iste
1083 2347 1262 2384 τοο-οὖτος
1292 2343 1441 2392 φθόνος,
1464 2343 1484 2380 ὃ
1505 2342 1577 2379 ἀπὸ
1596 2344 1668 2379 τῶν
1696 2340 1867 2379 ἀπαιδεύ-

271 2429 342 2450 των
361 2410 630 2461 ματαιολόγων,
655 2423 831 2460 quorum
850 2409 1117 2459 improbitate
1137 2411 1303 2448 tantum
1323 2421 1407 2446 non
1426 2407 1632 2457 lapidatus
1651 2419 1755 2445 sum.

329 2476 408 2525 Qui
424 2479 464 2514 te
484 2476 578 2514 istic
598 2476 799 2523 adierant,
821 2475 948 2513 iidem
968 2489 1036 2513 me
1056 2487 1284 2513 conuenere
1305 2473 1526 2512 Bruxellae
1545 2487 1554 2520 ;
1584 2484 1763 2521 quorum
1775 2484 1868 2509 con·

275 2544 437 2591 spectus
457 2541 563 2579 mihi
589 2541 741 2591 partim
763 2542 897 2579 laetus
917 2541 1008 2589 fuit,
1039 2541 1147 2590 quod
1173 2540 1341 2578 illorum
1370 2539 1502 2577 oratio
1532 2538 1597 2576 tui
1622 2536 1869 2575 memoriam

277 2609 502 2652 renouaret.
534 2607 688 2657 partim
717 2606 864 2654 tristis,
889 2606 997 2656 quod
1027 2606 1117 2644 sine
1145 2605 1230 2644 tuis
1258 2604 1390 2643 literis
1417 2603 1621 2648 venirent,
1645 2602 1723 2641 etsi
1751 2614 1869 2652 spem

196 2688 259 2718 320
277 2674 441 2711 tuarum
472 2672 691 2710 literarum
723 2672 943 2710 adferrent.
1017 2670 1183 2709 Horum
1214 2670 1319 2708 alter
1351 2671 1416 2708 est
1445 2668 1657 2707 Marianus
1691 2666 1867 2713 Siculus,

277 2737 451 2785 priscam
480 2737 598 2775 illam
628 2736 764 2786 gentis
792 2749 889 2775 suae
909 2736 1178 2774 festiuitatem
1199 2736 1390 2782 referens,
1410 2735 1476 2772 vir
1499 2735 1662 2783 praeter
1678 2732 1872 2770 eruditio-

582 2854 657 2884 513.
684 2845 815 2884 possim
832 2847 872 2874 H.
1003 2854 1076 2883 519.
1104 2844 1234 2884 partim
1254 2844 1292 2874 C²
1314 2855 1321 2873 ε
1351 2852 1478 2883 parum
1497 2841 1541 2875 C¹.

325 2965 397 2993 491.
423 2955 591 2994 Deloino]
609 2955 672 2994 Ep.
690 2964 763 2993 535.
1149 2963 1224 2993 510.
1249 2952 1436 2993 salarium]
1461 2951 1513 2984 Cf.
1533 2953 1595 2992 Ep.
1612 2963 1686 2991 370.
1709 2952 1747 2982 18
1765 2932 1799 2982 n.

326 2999 399 3035 508.
427 2997 545 3038 succo]
564 2998 614 3028 Cf.
636 2998 752 3029 Plaut.
771 3000 855 3035 Capff.
873 2999 916 3028 80
934 3007 1003 3037 seq.
1149 3007 1225 3036 511.
1249 2995 1445 3037 prebenda]
1469 2996 1522 3034 Cf.
1540 2997 1601 3036 Ep.
1621 2997 1695 3035 436.
1712 3005 1732 3034 5
1750 3005 1784 3025 n.
