2010 3417
134 167 235 223 347]
631 169 787 209 FROM
823 168 1050 209 MARTIN
1087 169 1238 209 DORP
1651 171 1728 210 133

131 279 387 320 aeditionem
420 279 565 331 probet
594 279 786 328 Ecclesia,
811 280 1049 328 Grecamne,
1087 292 1168 330 qua
1200 292 1286 319 non
1316 279 1449 319 vtitur
1487 280 1558 319 sed
1596 293 1729 330 neque

137 345 284 385 multis
328 346 413 385 iam
459 345 611 385 seculis
658 347 721 384 est
747 357 831 394 vsa,
855 358 940 384 non
985 345 1119 396 magis
1165 358 1292 395 quam
1337 345 1440 396 ipsis
1485 344 1729 385 hominibus

132 411 518 461 communicauerit,
537 411 731 451 videlicet
750 410 1004 460 scismaticis,
1026 423 1080 449 an
1099 410 1306 458 Latinam,
1323 423 1448 461 quam
1467 409 1598 450 solam
1617 410 1726 458 citat,
1749 419 1810 451 235

136 477 297 526 quoties
329 490 351 516 e
380 489 492 515 sacra
518 475 728 526 Scriptura
761 475 916 525 aliquid
944 477 1007 514 est
1043 475 1341 525 definiendum,
1372 475 1441 514 vel
1469 475 1729 526 Hieronymo

134 541 347 592 preterito,
365 541 402 580 si
420 541 585 592 quando
604 541 726 580 aliter
743 540 874 590 legat:
904 540 1014 590 quod
1034 540 1202 590 quidem
1221 553 1306 579 non
1325 553 1416 579 raro
1436 540 1652 591 contingit.

189 607 494 657 Theologorum
531 606 707 645 istorum
750 605 866 655 (puto
910 605 1190 644 Louanienses
1227 605 1452 656 designari)
1498 605 1729 645 doctrinam

134 672 549 722 perturbatissimam‚
574 671 705 709 immo
733 669 1065 719 insulsissimam,
1089 670 1193 709 sinis
1221 670 1366 709 valere.
1426 670 1505 710 Sed
1534 670 1729 710 memine-

134 739 204 785 ris,
228 737 412 786 Erasme,
432 736 577 774 ardeae
601 748 767 774 omnem
792 747 943 785 aquam
963 747 1051 773 esse
1070 735 1365 785 perturbatam,
1389 736 1560 785 ideoque
1579 749 1729 786 aquam
1750 746 1811 779 240

131 802 301 853 culpare
319 801 496 849 ardeam,
519 802 630 839 extat
649 800 695 838 in
713 799 889 850 Adagiis
908 800 992 838 tuis
1008 814 1017 847 ;
1047 799 1192 838 itidem
1212 802 1255 839 et
1275 800 1511 839 dialecticae
1529 801 1730 839 Aristote-

134 869 236 907 licae
256 869 350 918 (que
375 866 444 905 hic
469 865 556 905 sola
581 865 763 914 docetur)
784 865 990 915 imperitis
1016 865 1156 904 omnia
1175 867 1275 904 sunt
1294 865 1547 916 perturbata,
1569 866 1729 915 quoties

133 933 179 972 in
212 931 455 982 disputandi
486 931 710 981 palestram
743 930 1016 970 descenditur.
1076 930 1195 979 Quod
1231 929 1436 969 insulsam
1467 943 1587 969 vocas
1623 931 1729 969 hanc

130 998 379 1046 doctrinam,
402 1010 484 1047 quo
511 996 673 1047 spiritu,
696 1008 832 1046 queso,
855 995 1086 1034 reuelatum
1111 997 1173 1034 est
1199 1008 1279 1045 quo
1306 996 1352 1033 in
1377 994 1467 1034 loco
1494 994 1730 1045 Scripturae

134 1063 346 1113 proditum
365 1061 544 1112 poeticas
564 1074 694 1111 nugas
720 1061 851 1100 salem
877 1074 966 1100 esse
992 1074 1072 1111 quo
1098 1060 1314 1100 condiatur
1333 1060 1490 1100 Christi
1509 1061 1697 1099 doctrina
1710 1061 1730 1099 Ῥ
1751 1072 1809 1105 245

133 1128 339 1179 Equidem
383 1127 633 1167 sententiam
669 1127 897 1176 amplector
933 1126 1077 1177 magni
1114 1126 1328 1175 dialectici,
1369 1126 1457 1165 diui
1500 1125 1730 1176 Augustini

133 1194 176 1233 li.
214 1206 233 1230 2
268 1193 319 1232 de
351 1192 552 1232 Doctrina
583 1192 835 1240 Christiana,
855 1192 987 1242 capite
1025 1204 1099 1241 13:
1150 1192 1324 1231 ‘Vtrum
1356 1193 1458 1230 inter
1489 1192 1729 1231 hominibus’

132 1259 272 1310 inquit
294 1259 474 1298 ‘dicatur
500 1271 554 1297 an
581 1260 688 1298 inter
703 1259 886 1307 homines,
907 1258 958 1296 ad
983 1270 1122 1296 rerum
1149 1270 1235 1296 non
1257 1257 1441 1307 pertinet
1459 1257 1725 1306 cognitorem·

134 1325 289 1364 Vtrum
303 1325 490 1374 iqnoscere
508 1324 708 1374 producta
730 1330 772 1372 3ἓῑ
791 1322 935 1362 sillaba
954 1322 1022 1363 vel
1040 1325 1228 1373 correpta
1247 1322 1419 1371 dicatur,
1443 1334 1528 1360 non
1546 1319 1729 1359 multum

130 1391 250 1429 curat
269 1389 341 1439 qui
359 1389 537 1439 peccatis
551 1389 638 1427 suis
657 1389 793 1427 Deum
812 1390 859 1427 vt
885 1388 1069 1438 ignoscat
1093 1387 1210 1438 petit.
1268 1387 1349 1427 Sed
1369 1389 1511 1427 tamen
1530 1399 1578 1424 eo
1596 1385 1729 1435 magis
1750 1400 1764 1422 2
1771 1399 1811 1430 50

132 1454 233 1493 inde
251 1455 521 1493 offenduntur
545 1453 738 1493 homines
764 1467 845 1504 quo
871 1452 1121 1492 infirmiores
1146 1454 1255 1502 sunt,
1278 1454 1319 1491 et
1344 1466 1391 1491 eo
1411 1453 1511 1491 sunt
1530 1450 1727 1489 infirmio-

132 1532 198 1558 res
227 1533 308 1570 quo
337 1520 539 1558 doctiores
557 1519 689 1558 videri
707 1518 866 1567 volunt,
889 1531 974 1557 non
1002 1531 1142 1557 rerum
1171 1517 1341 1557 scientia
1369 1530 1449 1568 qua
1475 1516 1725 1565 edificamur,

129 1585 204 1624 sed
223 1585 440 1636 signorum
461 1597 541 1635 qua
559 1597 644 1623 non
663 1584 800 1623 inflari
818 1584 984 1622 difficile
1008 1583 1098 1623 est.'
1154 1583 1370 1623 Hactenus
1388 1581 1663 1632 Augustinus,
1687 1583 1729 1619 et

133 1649 242 1689 infra
274 1650 407 1700 capite
437 1662 512 1699 31:
543 1650 553 1669 ‘
568 1649 872 1700 Disputationis
901 1648 1119 1698 disciplina
1143 1649 1193 1687 ad
1218 1648 1357 1687 omnia
1384 1659 1533 1697 genera
1556 1646 1729 1696 questio-

132 1727 240 1753 num
272 1729 350 1765 que
382 1715 427 1754 in
461 1715 594 1754 literis
626 1715 751 1754 sacris
781 1715 895 1762 sunt,
926 1713 1241 1753 conclusionum
1275 1715 1317 1751 et
1355 1711 1652 1751 diffinitionum
1685 1711 1727 1748 et
1748 1723 1807 1756 255

134 1779 492 1829 distributionum,
515 1779 745 1829 plurimum
772 1778 1072 1818 intellectorem
1100 1778 1297 1817 adiuuat.'
1363 1776 1418 1815 Et
1443 1776 1728 1825 Hieronymus

133 1844 180 1883 in
209 1844 467 1883 Ezechielem
495 1858 553 1884 ca.
589 1857 637 1893 25
667 1846 825 1894 (estque
858 1844 1063 1882 insertum
1097 1843 1234 1894 glosae
1264 1844 1428 1880 nostrae
1458 1839 1726 1889 ordinariae):

132 1911 145 1929 ⁴
161 1909 364 1959 Quicquid
393 1909 439 1947 in
468 1909 605 1948 seculo
632 1922 920 1959 peruersorum
948 1908 1188 1958 dogmatum
1216 1909 1287 1955 est,
1311 1905 1505 1956 quicquid
1530 1904 1581 1944 ad
1605 1906 1727 1943 terre-

134 1987 231 2013 nam
251 1974 467 2013 scientiam
486 1974 670 2025 pertinet
688 1976 729 2013 et
748 1975 919 2024 putatur
940 1986 1029 2012 esse
1055 1972 1287 2021 robustum,
1309 1971 1386 2010 hoc
1406 1969 1620 2009 dialectica
1638 1971 1727 2008 arte

130 2040 391 2078 subuertitur
424 2042 466 2078 et
494 2040 627 2078 instar
654 2039 838 2079 incendii
866 2039 911 2077 in
941 2038 1097 2077 cineres
1124 2037 1372 2087 fauillasque
1400 2034 1653 2083 dissoluitur‚
1680 2035 1727 2073 vt
1747 2039 1808 2072 260

131 2104 329 2154 probetur
360 2117 448 2144 esse
479 2105 604 2143 nihili
636 2105 746 2155 quod
779 2104 1002 2155 putabatur
1034 2116 1120 2142 esse
1158 2101 1463 2141 fortissimum.'
1519 2100 1723 2147 Sentisne,

132 2169 436 2218 Erasme,hanc
455 2172 587 2210 artem
606 2169 847 2221 disputandi
865 2169 915 2208 ab
930 2168 1169 2219 Augustino
1189 2167 1527 2217 Hieronymoque
1546 2177 1726 2215 compro-

131 2234 228 2283 bari,
252 2236 294 2273 et
312 2234 430 2274 illam
455 2236 583 2274 etiam
611 2234 833 2286 gramatice
857 2234 1055 2284 loquendi
1073 2234 1235 2283 partem
1260 2232 1369 2279 duci,
1388 2231 1512 2270 modo
1530 2244 1554 2269 a
1573 2243 1618 2269 re
1637 2229 1726 2280 ipsa

131 2312 216 2338 non
236 2299 480 2340 deuiemus‘?

187 2363 316 2403 Porro
355 2365 462 2414 quod
500 2365 767 2415 hypothesim
803 2364 935 2413 fatias,
959 2363 1142 2411 Erasme,
1177 2364 1338 2401 nostros
1376 2361 1589 2410 theologos
1626 2357 1724 2398 solis
1745 2361 1805 2403 265

132 2428 437 2478 sophismatum
464 2429 807 2469 meditationibus
843 2442 931 2468 esse
965 2429 1192 2478 occupatos,
1230 2429 1318 2466 tota
1352 2439 1461 2465 erras
1495 2426 1575 2464 via.
1634 2422 1721 2470 Dic,

130 2505 217 2542 age,
241 2493 438 2542 quidnam
457 2507 526 2533 eos
545 2495 736 2544 quamuis
754 2506 853 2532 sane
871 2505 1037 2544 poeseos
1051 2492 1220 2542 ignaros
1233 2490 1389 2530 arcebit
1407 2490 1458 2528 ab
1471 2486 1720 2537 EuangeliiS,

134 2555 326 2596 Paulinis
345 2557 528 2607 epistolis
552 2560 722 2608 totaque
746 2558 884 2597 Biblia
907 2557 1166 2596 euoluenda?
1220 2555 1436 2594 Proferam
1467 2566 1540 2603 ego
1566 2551 1723 2590 multos

132 2622 232 2660 hinc
269 2621 340 2672 qui
376 2622 540 2661 reiectis
576 2623 696 2662 libris
734 2623 821 2662 sola
859 2622 1083 2661 memoriae
1118 2620 1163 2659 vi
1204 2633 1299 2658 cum
1337 2618 1484 2669 quouis
1522 2618 1572 2655 de
1608 2617 1722 2654 textu

132 2686 368 2736 Scripturae
401 2687 625 2727 certabunt.
686 2687 794 2727 Caue
832 2688 972 2726 credas
1009 2685 1272 2725 Endimionis
1311 2695 1507 2723 somnum
1541 2680 1721 2720 dormire
1744 2697 1805 2732 270

176 2793 250 2824 233.
277 2783 339 2814 sed
353 2805 362 2814 .
384 2807 391 2815 .
412 2807 418 2813 .
436 2792 511 2822 235.
536 2784 747 2814 scismaticis
764 2794 821 2814 om.
839 2785 873 2817 β.
993 2784 1070 2822 236.
1094 2792 1112 2812 e
1129 2793 1148 2811 α
1163 2792 1171 2812 :
1195 2790 1237 2811 ex
1254 2782 1287 2814 β.
1414 2777 1659 2810 definiendum
1675 2779 1698 2813 β
1713 2789 1721 2808 ;

131 2827 394 2859 desumendum
411 2838 440 2858 α.
543 2827 616 2865 238.
642 2830 729 2866 puto
745 2827 767 2860 Β
785 2828 859 2866 (LB.
883 2827 966 2865 1899
982 2826 1041 2866 D):
1067 2825 1154 2865 puta
1169 2835 1199 2854 α.
1314 2833 1388 2862 249.
1415 2832 1435 2861 3
1451 2834 1481 2853 α.
1589 2830 1662 2861 251.
1685 2823 1721 2852 et

128 2881 173 2902 eo
188 2872 273 2902 sunt
289 2870 508 2901 infirmiores
526 2873 659 2908 Auqust.
679 2881 686 2900 :
709 2870 752 2901 de
768 2880 798 2901 α.
889 2871 961 2908 258.
990 2869 1197 2908 dogmatum
1212 2869 1342 2898 Hieron.
1361 2878 1367 2897 ε
1392 2865 1671 2896 determinatum
1687 2876 1717 2894 α.

130 2924 206 2954 270.
231 2914 412 2945 somnium
427 2913 466 2948 13²
481 2914 560 2954 (ΕΒ.
582 2923 661 2953 1901
676 2913 726 2954 Α).

176 3022 249 3053 239.
269 3014 359 3044 sinis
374 3011 506 3053 valere]
531 3011 582 3043 Cf.
601 3010 661 3051 Ep.
680 3020 754 3050 337.
772 3011 847 3051 829.
938 3012 1012 3049 265.
1029 3008 1276 3050 hypothesim]
1301 3009 1364 3048 Ep.
1384 3017 1456 3048 337.
1477 3016 1550 3048 310,
1568 3017 1629 3048 391
1649 3016 1719 3047 seq.
