2010 3417
277 148 356 186 372
740 141 989 181 LETTERS
1028 141 1099 181 OF
1138 141 1402 180 ERASMUS
1747 140 1870 195 [1516

278 256 428 293 uerunt
472 252 635 303 partitis
682 251 792 290 inter
839 264 882 289 se
930 250 1015 290 tuis
1063 250 1264 301 operibus,
1317 262 1448 302 quum
1499 250 1663 301 singula
1715 252 1871 292 curiose

277 317 537 370 perlegerint,
557 315 665 355 nihil
684 316 782 354 inde
800 328 969 365 prorsus
987 315 1229 365 intelligere.
1289 315 1355 355 En
1373 315 1490 355 vides
1510 318 1715 366 quantum
1736 316 1873 356 discri-

277 382 405 422 minis
425 381 638 432 impendet
657 380 736 420 tibi
754 395 764 430 ;
793 382 938 420 contra
957 380 1189 419 curandum
1209 382 1271 419 est
1296 393 1369 431 pro
1393 381 1682 431 magnitudine
1701 382 1872 431 periculi

278 450 371 486 tuas
399 448 447 487 vt
476 459 685 497 compares
719 446 864 496 copias.
927 445 1129 495 Profecto,
1161 446 1344 494 Erasme,
1375 446 1421 484 in
1451 448 1656 485 nocturno
1691 447 1871 497 quodam

217 533 259 564 50
277 514 422 553 senatu
451 512 510 551 sic
538 513 768 551 statuerant
795 511 900 550 bene
927 510 1096 550 madidi.
1153 510 1310 550 Verum
1332 510 1541 562 postridie,
1567 513 1614 550 vt
1636 511 1772 560 audio,
1801 512 1874 551 vbi

278 577 430 617 villum
458 577 746 625 edormierant‚
770 576 891 616 obliti
917 578 1019 627 puto
1047 576 1248 627 propositi
1275 577 1341 616 sui
1369 575 1685 627 oblitteratoque
1713 577 1873 616 decreto

278 643 429 694 quippe
448 643 556 693 quod
576 642 675 681 vino
699 642 1007 692 inscripserant,
1031 641 1282 681 destiterunt
1309 644 1427 692 cepto
1452 643 1574 693 atque
1593 655 1617 682 a
1636 642 1810 693 legendo
1832 655 1875 681 se

277 708 329 747 ad
348 707 669 747 mendicandum
690 720 834 746 rursus
860 707 1136 755 rettulerunt;
1167 720 1292 758 quam
1317 720 1406 747 rem
1431 707 1522 758 ipso
1541 720 1617 747 vsu
1643 705 1763 758 longe
1789 707 1875 747 sibi

278 773 615 824 comprobassent
631 772 789 813 vtilius.

218 859 258 891 55
333 838 544 890 Epistolae
564 838 842 878 Obscurorum
860 837 1058 877 Virorum
1077 851 1220 889 operae
1243 839 1428 890 precium
1453 840 1518 877 est
1536 838 1679 878 videre
1704 840 1876 890 quanto-

278 917 374 955 pere
406 903 572 955 placent
604 903 812 952 omnibus,
853 904 894 942 et
929 902 1061 942 doctis
1091 903 1180 942 ioco
1213 905 1255 942 et
1287 902 1468 942 indoctis
1501 903 1615 952 serio,
1658 904 1741 954 qui,
1773 902 1875 941 dum

278 970 474 1019 ridemus,
495 970 646 1021 putant
669 969 793 1008 rideri
821 968 968 1008 stilum
987 970 1152 1008 tantum
1169 983 1178 1017 ;
1207 981 1331 1020 quem
1351 968 1416 1008 illi
1435 982 1519 1008 non
1539 968 1780 1017 defendunt,
1803 968 1875 1007 sed

279 1036 484 1087 grauitate
504 1035 807 1074 sententiarum
827 1033 972 1073 dicunt
991 1036 1302 1084 compensatum
1321 1037 1362 1074 et
1381 1034 1507 1073 latere
1521 1034 1600 1073 sub
1619 1034 1713 1073 rudi
1726 1033 1877 1083 vagina

279 1101 608 1152 pulcherrimum
627 1099 827 1150 gladium.
878 1099 1053 1139 Vtinam
1072 1100 1218 1139 fuisset
1236 1099 1396 1139 inditus
1415 1099 1558 1139 libello
1577 1099 1684 1139 alius
1703 1098 1851 1138 titulus
1869 1099 1879 1137 Ξ

218 1177 261 1208 60
279 1166 459 1216 profecto
486 1167 597 1205 intra
624 1167 793 1205 centum
821 1178 952 1205 annos
978 1165 1170 1204 homines
1193 1165 1333 1205 studio
1357 1165 1514 1216 stupidi
1539 1178 1624 1204 non
1650 1164 1878 1204 sensissent

281 1245 429 1272 nasum
449 1244 688 1283 quanquam
709 1231 978 1270 rinocerotico
998 1231 1242 1282 longiorem.

334 1297 619 1348 Nusquamam
656 1298 841 1336 nostram
884 1296 1041 1347 gaudeo
1086 1297 1251 1347 probari
1296 1309 1388 1336 meo
1434 1297 1589 1344 Petro;
1645 1295 1682 1335 si
1723 1294 1879 1334 talibus

280 1363 447 1413 placeat,
471 1362 640 1413 incipiet
667 1362 823 1412 placere
852 1363 895 1399 et
914 1362 1030 1400 mihi.
1090 1362 1220 1412 Cupio
1249 1362 1351 1400 scire
1380 1375 1433 1401 an
1453 1360 1696 1401 Tonstallus
1720 1360 1873 1411 probet,

280 1442 334 1469 an
366 1428 605 1478 Buslydius,
634 1440 687 1466 an
725 1427 1003 1466 Ganoellarius
1038 1429 1200 1476 vester;
1248 1428 1399 1477 quibus
1435 1429 1481 1466 vt
1518 1427 1715 1477 probetur
1753 1438 1879 1476 supra

220 1500 260 1540 65
280 1495 426 1534 votum
463 1496 538 1543 est,
571 1492 812 1533 hominibus
845 1494 932 1531 tam
965 1492 1153 1531 felicibus
1183 1494 1230 1531 vt
1264 1492 1309 1531 in
1337 1492 1404 1531 his
1433 1492 1555 1531 rebus
1582 1491 1761 1543 publicis
1789 1491 1876 1530 suis

279 1559 439 1611 primos
472 1560 625 1598 ducant
657 1559 831 1606 ordines,
860 1558 942 1596 nisi
971 1571 1017 1596 eo
1047 1557 1326 1608 propicientur
1355 1557 1463 1608 quod
1492 1557 1538 1596 in
1566 1557 1640 1596 illa
1667 1555 1877 1607 republica

281 1627 424 1664 nostra
451 1623 516 1663 illi
544 1623 649 1664 tales
677 1622 768 1672 viri,
790 1623 941 1661 litteris
970 1636 1016 1662 ac
1034 1624 1188 1662 virtute
1216 1623 1334 1672 tanti,
1357 1623 1563 1673 principes
1586 1623 1710 1673 plane
1737 1623 1876 1660 essent

281 1690 438 1738 futuri;
468 1702 597 1740 quum
616 1688 662 1727 in
687 1688 774 1727 suis
794 1688 1118 1738 quanticumque
1145 1688 1232 1727 sint
1253 1688 1366 1737 (sunt
1393 1701 1492 1727 sane
1517 1687 1675 1738 magni)
1702 1700 1876 1738 magnos

281 1757 424 1793 tamen
442 1753 621 1793 habeant
640 1753 868 1792 nebulones
893 1752 1145 1792 authoritate
1170 1765 1216 1791 ac
1242 1753 1428 1802 potentia
1446 1766 1575 1803 pares,
1599 1754 1646 1791 vt
1672 1766 1724 1791 ne
1744 1751 1878 1791 dicam

224 1836 264 1870 70
282 1820 522 1871 superiores.
583 1819 693 1858 Nam
726 1831 773 1856 eo
807 1831 892 1856 non
923 1818 1043 1857 credo
1075 1818 1235 1857 moueri
1265 1817 1370 1857 tales
1398 1818 1524 1867 viros,
1559 1818 1666 1869 quod
1698 1817 1757 1857 ibi
1790 1830 1876 1856 non

282 1886 421 1924 essent
453 1884 610 1923 multos
635 1884 820 1923 habituri
850 1883 1038 1923 subditos
1071 1897 1115 1923 ac
1145 1884 1361 1933 subiectos,
1387 1884 1592 1935 quomodo
1621 1897 1732 1923 nunc
1762 1896 1877 1934 reges

282 1950 484 2001 populum
503 1952 661 1998 vocant,
683 1950 758 1989 hoc
780 1951 842 1988 est
866 1949 960 1999 plus
984 1962 1108 2000 quam
1134 1962 1285 1997 seruos,
1308 1963 1439 2000 quum
1466 1950 1582 1988 tanto
1610 1949 1665 1988 sit
1683 1948 1879 1988 honorifi-

282 2015 445 2055 centius
464 2015 664 2066 imperare
690 2015 845 2064 liberis,
865 2028 911 2054 ac
938 2014 1061 2065 longe
1087 2014 1226 2054 absint
1249 2017 1337 2053 tam
1360 2014 1458 2053 boni
1478 2014 1559 2054 viri
1580 2013 1631 2053 ab
1652 2028 1699 2054 ea
1719 2013 1879 2054 inuidia

282 2083 329 2119 vt
348 2082 493 2130 optent
512 2080 619 2119 male
636 2093 722 2119 esse
742 2079 843 2128 aliis,
862 2092 993 2130 quum
1018 2079 1098 2118 sibi
1118 2079 1172 2119 sit
1191 2079 1305 2118 bene.
1338 2075 1464 2130 Spero
1484 2079 1612 2130 igitur
1630 2079 1715 2118 fore
1727 2080 1774 2118 vt
1792 2079 1879 2117 illis

226 2164 264 2197 75
283 2145 408 2185 etiam
427 2145 583 2197 placeat
610 2158 712 2195 opus
736 2147 954 2193 nostrum;
984 2145 1093 2196 quod
1119 2144 1273 2183 mirum
1299 2145 1344 2183 in
1370 2145 1542 2184 modum
1568 2145 1698 2195 cupio.
1760 2144 1878 2193 Quod

283 2210 321 2249 si
339 2211 588 2250 contrariam
606 2210 772 2261 penitus
787 2209 926 2248 infixit
938 2210 1247 2261 persuasionem
1262 2210 1347 2249 illis
1367 2210 1557 2249 fortunae
1577 2223 1673 2249 suae
1692 2209 1876 2258 felicitas,

284 2275 390 2315 mihi
410 2275 603 2315 habunde
621 2275 829 2314 suffecerit
846 2276 944 2315 tuus
970 2275 1150 2314 calculus
1175 2276 1225 2314 ad
1245 2275 1446 2315 iudicium
1471 2288 1623 2314 meum.
1684 2274 1769 2314 Nos
1798 2275 1879 2314 duo

285 2340 408 2381 turba
434 2353 579 2380 sumus
603 2341 712 2391 apud
742 2341 931 2379 animum
960 2353 1129 2388 meum3
1159 2341 1230 2390 qui
1258 2340 1366 2379 mihi
1385 2341 1526 2380 videor
1553 2340 1729 2379 feliciter
1757 2353 1877 2391 posse

285 2408 424 2446 tecum
444 2406 590 2457 quauis
610 2406 654 2444 in
673 2405 893 2445 solitudine
913 2405 1063 2445 viuere.

226 2484 267 2514 80
339 2471 454 2521 Vale,
475 2472 646 2511 Erasme
665 2471 902 2511 dulcissime
923 2471 1108 2521 mihique
1130 2471 1259 2510 oculis
1278 2471 1446 2510 charior.

340 2536 572 2588 Impetraui
597 2549 620 2575 a
645 2536 822 2576 Maruffo
850 2536 1012 2575 litteras
1037 2536 1326 2586 benigniores3
1355 2537 1433 2575 hoc
1459 2536 1565 2575 mihi
1587 2537 1727 2575 visum
1751 2538 1813 2575 est
1839 2538 1879 2574 et

285 2603 519 2654 expeditius
538 2603 579 2641 et
598 2602 828 2641 consultius
844 2615 968 2652 quam
987 2602 1036 2640 de
1051 2615 1099 2640 ea
1118 2615 1160 2640 re
1188 2602 1342 2641 iterum
1369 2601 1587 2641 sollicitare
1614 2602 1878 2651 Episcopum.

287 2667 381 2707 Non
408 2668 509 2718 quin
536 2667 573 2706 is
602 2667 781 2706 libenter
808 2668 933 2706 etiam
963 2667 1012 2706 de
1042 2667 1188 2718 quauis
1212 2680 1255 2706 re
1280 2667 1430 2716 audiat,
1454 2680 1559 2717 quae
1579 2667 1748 2718 quidem
1768 2666 1818 2706 ad
1839 2669 1880 2705 te
1936 2690 1939 2693 Δ

287 2733 493 2783 pertineat
509 2746 519 2780 ;
548 2732 619 2771 sed
639 2731 750 2770 malo
770 2734 910 2772 tamen
929 2732 980 2771 ab
1000 2746 1047 2771 eo
1066 2733 1232 2771 maiora.

228 2810 266 2849 85
343 2798 525 2838 Londini
547 2797 803 2836 antelucanis
823 2797 936 2836 horis
956 2798 1202 2836 festinanter
1219 2797 1351 2848 pridie
1372 2797 1561 2836 omnium
1582 2797 1789 2836 diuorum.

334 2920 385 2949 55.
412 2910 612 2952 Epistolae]
637 2911 702 2942 See
719 2921 751 2951 p.
768 2920 839 2951 152.
1121 2922 1155 2952 p.
1171 2922 1245 2950 240.

336 2956 387 2991 63.
415 2953 636 2995 Tonstallus]
661 2954 711 2986 cf.
733 2955 798 2996 Ep.
816 2965 890 2994 499.
912 2964 1008 2994 35-9.
1169 2965 1219 2994 77.
1246 2955 1317 2986 Nos
1333 2954 1421 2996 duo]
1445 2955 1506 2986 Ov.
1525 2957 1596 2986 Met.
1616 2963 1642 2985 1.
1662 2962 1736 2993 355.

337 2998 390 3035 64.
422 2996 680 3038 Cancellarius]
713 2999 760 3029 Le
784 2999 964 3038 Sauvage;
999 3007 1054 3029 see
1165 2999 1217 3029 82.
1242 2996 1472 3038 Episcopum]
1498 2997 1550 3029 Cf.
1566 2998 1630 3037 Ep.
1647 2997 1723 3036 388.
1741 2997 1784 3035 58
1800 3005 1835 3026 n.
