<?xml version="1.0" encoding="UTF-8"?>
<!DOCTYPE html PUBLIC "-//W3C//DTD XHTML 1.0 Transitional//EN"
    "http://www.w3.org/TR/xhtml1/DTD/xhtml1-transitional.dtd">
<html xmlns="http://www.w3.org/1999/xhtml" xml:lang="en" lang="en">
 <head>
  <title>
</title>
<meta http-equiv="Content-Type" content="text/html;charset=utf-8" />
  <meta name='ocr-system' content='tesseract 3.04.00' />
  <meta name='ocr-capabilities' content='ocr_page ocr_carea ocr_par ocr_line ocrx_word'/>
</head>
<body>
  <div class='ocr_page' id='page_1' title='image "./opusepistolarumd02erasuoft/opusepistolarumd02erasuoft_0368.png"; bbox 0 0 2010 3417; ppageno 0'>
   <div class='ocr_carea' id='block_1_1' title="bbox 235 165 1832 220">
    <p class='ocr_par' dir='ltr' id='par_1_1' title="bbox 235 165 1832 220">
     <span class='ocr_line' id='line_1_1' title="bbox 235 165 1832 220; baseline -0.002 -13"><span class='ocrx_word' id='word_1_1' title='bbox 235 170 315 208; x_wconf 83' lang='lat'>342</span> <span class='ocrx_word' id='word_1_2' title='bbox 695 167 949 206; x_wconf 84' lang='lat' dir='ltr'>LETTERS</span> <span class='ocrx_word' id='word_1_3' title='bbox 989 167 1058 205; x_wconf 87' lang='lat' dir='ltr'>OF</span> <span class='ocrx_word' id='word_1_4' title='bbox 1096 165 1359 206; x_wconf 86' lang='lat' dir='ltr'>ERASMUS</span> <span class='ocrx_word' id='word_1_5' title='bbox 1704 166 1832 220; x_wconf 78' lang='lat'><strong>[1516</strong></span> 
     </span>
    </p>
   </div>
   <div class='ocr_carea' id='block_1_2' title="bbox 178 275 1855 2417">
    <p class='ocr_par' dir='ltr' id='par_1_2' title="bbox 178 275 1855 2417">
     <span class='ocr_line' id='line_1_2' title="bbox 234 275 1831 326; baseline 0 -10"><span class='ocrx_word' id='word_1_6' title='bbox 234 292 301 316; x_wconf 82' lang='lat' dir='ltr'>me</span> <span class='ocrx_word' id='word_1_7' title='bbox 338 280 474 315; x_wconf 87' lang='lat' dir='ltr'>tecum</span> <span class='ocrx_word' id='word_1_8' title='bbox 512 289 598 314; x_wconf 86' lang='lat' dir='ltr'>esse</span> <span class='ocrx_word' id='word_1_9' title='bbox 635 289 720 314; x_wconf 90' lang='lat' dir='ltr'>non</span> <span class='ocrx_word' id='word_1_10' title='bbox 758 289 888 326; x_wconf 84' lang='lat' dir='ltr'>posse,</span> <span class='ocrx_word' id='word_1_11' title='bbox 922 275 992 314; x_wconf 86' lang='lat' dir='ltr'>sed</span> <span class='ocrx_word' id='word_1_12' title='bbox 1032 276 1178 315; x_wconf 87' lang='lat' dir='ltr'>differo</span> <span class='ocrx_word' id='word_1_13' title='bbox 1210 278 1351 314; x_wconf 88' lang='lat' dir='ltr'>tamen</span> <span class='ocrx_word' id='word_1_14' title='bbox 1388 288 1473 314; x_wconf 91' lang='lat' dir='ltr'>non</span> <span class='ocrx_word' id='word_1_15' title='bbox 1511 276 1665 326; x_wconf 85' lang='lat' dir='ltr'>absque</span> <span class='ocrx_word' id='word_1_16' title='bbox 1698 291 1831 316; x_wconf 85' lang='lat' dir='ltr'>causa.</span> 
     </span>
     <span class='ocr_line' id='line_1_3' title="bbox 233 340 1837 391; baseline 0 -11"><span class='ocrx_word' id='word_1_17' title='bbox 233 341 530 382; x_wconf 87' lang='lat' dir='ltr'>Tumultuatur</span> <span class='ocrx_word' id='word_1_18' title='bbox 565 341 708 390; x_wconf 88' lang='lat' dir='ltr'>patria.</span> <span class='ocrx_word' id='word_1_19' title='bbox 767 340 857 379; x_wconf 98' lang='lat' dir='ltr'>Pax</span> <span class='ocrx_word' id='word_1_20' title='bbox 891 354 986 379; x_wconf 90' lang='lat' dir='ltr'>cum</span> <span class='ocrx_word' id='word_1_21' title='bbox 1019 341 1176 379; x_wconf 82' lang='lat' dir='ltr'>Franco</span> <span class='ocrx_word' id='word_1_22' title='bbox 1214 341 1403 379; x_wconf 89' lang='lat' dir='ltr'>nondum</span> <span class='ocrx_word' id='word_1_23' title='bbox 1442 340 1676 391; x_wconf 87' lang='lat' dir='ltr'>composita,</span> <span class='ocrx_word' id='word_1_24' title='bbox 1712 354 1837 391; x_wconf 89' lang='lat' dir='ltr'>quam</span> 
     </span>
     <span class='ocr_line' id='line_1_4' title="bbox 233 405 1839 456; baseline 0.001 -12"><span class='ocrx_word' id='word_1_25' title='bbox 233 405 420 456; x_wconf 86' lang='lat' dir='ltr'>Angline</span> <span class='ocrx_word' id='word_1_26' title='bbox 454 418 506 444; x_wconf 90' lang='lat' dir='ltr'>an</span> <span class='ocrx_word' id='word_1_27' title='bbox 541 405 733 444; x_wconf 83' lang='lat' dir='ltr'>Caesarea</span> <span class='ocrx_word' id='word_1_28' title='bbox 766 406 958 444; x_wconf 87' lang='lat' dir='ltr'>maiestas</span> <span class='ocrx_word' id='word_1_29' title='bbox 995 408 1227 444; x_wconf 77' lang='lat' dir='ltr'>remoretur</span> <span class='ocrx_word' id='word_1_30' title='bbox 1259 406 1478 445; x_wconf 82' lang='lat' dir='ltr'>incertum.</span> <span class='ocrx_word' id='word_1_31' title='bbox 1535 405 1680 456; x_wconf 80' lang='lat' dir='ltr'>Legati</span> <span class='ocrx_word' id='word_1_32' title='bbox 1711 406 1839 445; x_wconf 84' lang='lat' dir='ltr'>Maxi-</span> 
     </span>
     <span class='ocr_line' id='line_1_5' title="bbox 234 470 1840 521; baseline 0.001 -13"><span class='ocrx_word' id='word_1_33' title='bbox 234 471 399 509; x_wconf 89' lang='lat' dir='ltr'>miliani</span> <span class='ocrx_word' id='word_1_34' title='bbox 416 471 639 509; x_wconf 86' lang='lat' dir='ltr'>adfuerunt</span> <span class='ocrx_word' id='word_1_35' title='bbox 652 471 810 509; x_wconf 84' lang='lat' dir='ltr'>etitem</span> <span class='ocrx_word' id='word_1_36' title='bbox 827 472 1073 521; x_wconf 87' lang='lat' dir='ltr'>Anglorum,</span> <span class='ocrx_word' id='word_1_37' title='bbox 1091 484 1177 509; x_wconf 91' lang='lat' dir='ltr'>non</span> <span class='ocrx_word' id='word_1_38' title='bbox 1196 470 1416 521; x_wconf 88' lang='lat' dir='ltr'>pecuniam</span> <span class='ocrx_word' id='word_1_39' title='bbox 1430 470 1501 509; x_wconf 88' lang='lat' dir='ltr'>sed</span> <span class='ocrx_word' id='word_1_40' title='bbox 1516 483 1659 510; x_wconf 87' lang='lat' dir='ltr'>aureos</span> <span class='ocrx_word' id='word_1_41' title='bbox 1673 472 1840 510; x_wconf 85' lang='lat' dir='ltr'>montes</span> 
     </span>
     <span class='ocr_line' id='line_1_6' title="bbox 178 535 1840 586; baseline -0.002 -10"><span class='ocrx_word' id='word_1_42' title='bbox 178 555 216 586; x_wconf 86' lang='lat'>40</span> <span class='ocrx_word' id='word_1_43' title='bbox 236 535 488 586; x_wconf 75' lang='lat' dir='ltr'>pollicentes,</span> <span class='ocrx_word' id='word_1_44' title='bbox 511 549 565 574; x_wconf 90' lang='lat' dir='ltr'>ne</span> <span class='ocrx_word' id='word_1_45' title='bbox 586 535 719 574; x_wconf 82' lang='lat' dir='ltr'>Gallis</span> <span class='ocrx_word' id='word_1_46' title='bbox 740 536 852 575; x_wconf 80' lang='lat' dir='ltr'>Galli</span> <span class='ocrx_word' id='word_1_47' title='bbox 875 537 1190 586; x_wconf 86' lang='lat' dir='ltr'>coniungamur.</span> <span class='ocrx_word' id='word_1_48' title='bbox 1247 536 1356 575; x_wconf 87' lang='lat' dir='ltr'>Sunt</span> <span class='ocrx_word' id='word_1_49' title='bbox 1377 535 1449 585; x_wconf 91' lang='lat' dir='ltr'>qui</span> <span class='ocrx_word' id='word_1_50' title='bbox 1469 535 1733 586; x_wconf 90' lang='lat' dir='ltr'>suspicentur</span> <span class='ocrx_word' id='word_1_51' title='bbox 1751 549 1840 574; x_wconf 89' lang='lat' dir='ltr'>rem</span> 
     </span>
     <span class='ocr_line' id='line_1_7' title="bbox 236 600 1842 653; baseline -0.001 -13"><span class='ocrx_word' id='word_1_52' title='bbox 236 601 301 650; x_wconf 86' lang='lat' dir='ltr'>agi</span> <span class='ocrx_word' id='word_1_53' title='bbox 325 614 408 639; x_wconf 89' lang='lat' dir='ltr'>non</span> <span class='ocrx_word' id='word_1_54' title='bbox 435 600 549 639; x_wconf 87' lang='lat' dir='ltr'>iussu</span> <span class='ocrx_word' id='word_1_55' title='bbox 571 600 769 639; x_wconf 80' lang='lat' dir='ltr'>Britanni</span> <span class='ocrx_word' id='word_1_56' title='bbox 799 601 910 651; x_wconf 86' lang='lat' dir='ltr'>regis</span> <span class='ocrx_word' id='word_1_57' title='bbox 938 601 1009 640; x_wconf 88' lang='lat' dir='ltr'>sed</span> <span class='ocrx_word' id='word_1_58' title='bbox 1033 603 1082 652; x_wconf 83' lang='grc' dir='ltr'>τῇ</span> <span class='ocrx_word' id='word_1_59' title='bbox 1103 604 1168 640; x_wconf 75' lang='grc' dir='ltr'>τοῖΙ</span> <span class='ocrx_word' id='word_1_60' title='bbox 1189 601 1468 651; x_wconf 77' lang='grc' dir='ltr'>Αὐτοκράτορος</span> <span class='ocrx_word' id='word_1_61' title='bbox 1491 602 1613 653; x_wconf 83' lang='grc' dir='ltr'>τέχνῃ.</span> <span class='ocrx_word' id='word_1_62' title='bbox 1674 601 1741 640; x_wconf 87' lang='lat' dir='ltr'>Sic</span> <span class='ocrx_word' id='word_1_63' title='bbox 1766 614 1842 652; x_wconf 89' lang='lat' dir='ltr'>ego</span> 
     </span>
     <span class='ocr_line' id='line_1_8' title="bbox 235 666 1841 716; baseline 0 -12"><span class='ocrx_word' id='word_1_64' title='bbox 235 679 379 716; x_wconf 89' lang='lat' dir='ltr'>pacem</span> <span class='ocrx_word' id='word_1_65' title='bbox 409 679 528 716; x_wconf 89' lang='lat' dir='ltr'>spero</span> <span class='ocrx_word' id='word_1_66' title='bbox 544 679 553 713; x_wconf 89' lang='lat'>;</span> <span class='ocrx_word' id='word_1_67' title='bbox 595 679 697 715; x_wconf 87' lang='lat' dir='ltr'>quae</span> <span class='ocrx_word' id='word_1_68' title='bbox 737 666 774 704; x_wconf 93' lang='lat' dir='ltr'>si</span> <span class='ocrx_word' id='word_1_69' title='bbox 811 667 917 705; x_wconf 89' lang='lat' dir='ltr'>facta</span> <span class='ocrx_word' id='word_1_70' title='bbox 947 666 1083 714; x_wconf 73' lang='lat' dir='ltr'>fuerit,</span> <span class='ocrx_word' id='word_1_71' title='bbox 1118 666 1291 705; x_wconf 81' lang='lat' dir='ltr'>Parisiis</span> <span class='ocrx_word' id='word_1_72' title='bbox 1328 666 1526 705; x_wconf 86' lang='lat' dir='ltr'>salarium</span> <span class='ocrx_word' id='word_1_73' title='bbox 1564 667 1841 705; x_wconf 89' lang='lat' dir='ltr'>ducentorum</span> 
     </span>
     <span class='ocr_line' id='line_1_9' title="bbox 236 732 1843 782; baseline 0 -12"><span class='ocrx_word' id='word_1_74' title='bbox 236 733 490 771; x_wconf 85' lang='lat' dir='ltr'>scutatorum</span> <span class='ocrx_word' id='word_1_75' title='bbox 528 745 664 770; x_wconf 86' lang='lat' dir='ltr'>annue</span> <span class='ocrx_word' id='word_1_76' title='bbox 700 733 880 782; x_wconf 84' lang='lat' dir='ltr'>expecto.</span> <span class='ocrx_word' id='word_1_77' title='bbox 951 732 1169 771; x_wconf 82' lang='lat' dir='ltr'>Praeterea</span> <span class='ocrx_word' id='word_1_78' title='bbox 1206 732 1337 770; x_wconf 90' lang='lat' dir='ltr'>habeo</span> <span class='ocrx_word' id='word_1_79' title='bbox 1376 745 1540 771; x_wconf 89' lang='lat' dir='ltr'>mecum</span> <span class='ocrx_word' id='word_1_80' title='bbox 1574 732 1689 771; x_wconf 92' lang='lat' dir='ltr'>domi</span> <span class='ocrx_word' id='word_1_81' title='bbox 1726 745 1843 771; x_wconf 88' lang='lat' dir='ltr'>meae</span> 
     </span>
     <span class='ocr_line' id='line_1_10' title="bbox 236 796 1842 848; baseline -0.001 -12"><span class='ocrx_word' id='word_1_82' title='bbox 236 796 410 846; x_wconf 85' lang='lat' dir='ltr'>triginta</span> <span class='ocrx_word' id='word_1_83' title='bbox 429 796 609 846; x_wconf 75' lang='lat' dir='ltr'>optimae</span> <span class='ocrx_word' id='word_1_84' title='bbox 628 796 781 835; x_wconf 85' lang='lat' dir='ltr'>indolis</span> <span class='ocrx_word' id='word_1_85' title='bbox 800 797 984 846; x_wconf 80' lang='lat' dir='ltr'>iuueneS,</span> <span class='ocrx_word' id='word_1_86' title='bbox 1004 798 1075 847; x_wconf 88' lang='lat' dir='ltr'>qui</span> <span class='ocrx_word' id='word_1_87' title='bbox 1094 811 1232 836; x_wconf 89' lang='lat' dir='ltr'>annue</span> <span class='ocrx_word' id='word_1_88' title='bbox 1252 797 1422 836; x_wconf 86' lang='lat' dir='ltr'>soluunt</span> <span class='ocrx_word' id='word_1_89' title='bbox 1440 799 1608 837; x_wconf 91' lang='lat' dir='ltr'>centum</span> <span class='ocrx_word' id='word_1_90' title='bbox 1629 800 1669 837; x_wconf 89' lang='lat' dir='ltr'>et</span> <span class='ocrx_word' id='word_1_91' title='bbox 1689 797 1842 848; x_wconf 89' lang='lat' dir='ltr'>viginti</span> 
     </span>
     <span class='ocr_line' id='line_1_11' title="bbox 178 862 1842 914; baseline 0.001 -13"><span class='ocrx_word' id='word_1_92' title='bbox 178 883 218 914; x_wconf 80' lang='lat'>45</span> <span class='ocrx_word' id='word_1_93' title='bbox 236 864 364 911; x_wconf 85' lang='lat' dir='ltr'>scuta,</span> <span class='ocrx_word' id='word_1_94' title='bbox 391 862 581 911; x_wconf 88' lang='lat' dir='ltr'>quamuis</span> <span class='ocrx_word' id='word_1_95' title='bbox 618 862 749 901; x_wconf 81' lang='lat' dir='ltr'>labori</span> <span class='ocrx_word' id='word_1_96' title='bbox 787 876 880 901; x_wconf 90' lang='lat' dir='ltr'>meo</span> <span class='ocrx_word' id='word_1_97' title='bbox 920 876 1004 901; x_wconf 91' lang='lat' dir='ltr'>non</span> <span class='ocrx_word' id='word_1_98' title='bbox 1042 863 1144 902; x_wconf 86' lang='lat' dir='ltr'>satis</span> <span class='ocrx_word' id='word_1_99' title='bbox 1182 863 1429 913; x_wconf 84' lang='lat' dir='ltr'>respondeat</span> <span class='ocrx_word' id='word_1_100' title='bbox 1466 863 1544 902; x_wconf 93' lang='lat' dir='ltr'>hoc</span> <span class='ocrx_word' id='word_1_101' title='bbox 1581 863 1815 914; x_wconf 90' lang='lat' dir='ltr'>praemium</span> <span class='ocrx_word' id='word_1_102' title='bbox 1832 878 1842 902; x_wconf 80' lang='lat' dir='ltr'><strong><em>z</em></strong></span> 
     </span>
     <span class='ocr_line' id='line_1_12' title="bbox 237 927 1843 978; baseline 0.001 -13"><span class='ocrx_word' id='word_1_103' title='bbox 237 927 353 976; x_wconf 82' lang='lat' dir='ltr'>illud,</span> <span class='ocrx_word' id='word_1_104' title='bbox 380 928 441 965; x_wconf 89' lang='lat' dir='ltr'>mi</span> <span class='ocrx_word' id='word_1_105' title='bbox 466 927 650 976; x_wconf 83' lang='lat' dir='ltr'>Erasme,</span> <span class='ocrx_word' id='word_1_106' title='bbox 681 929 919 967; x_wconf 76' lang='lat' dir='ltr'>charissime</span> <span class='ocrx_word' id='word_1_107' title='bbox 947 942 1106 978; x_wconf 77' lang='lat' dir='ltr'>parens,</span> <span class='ocrx_word' id='word_1_108' title='bbox 1131 928 1251 967; x_wconf 81' lang='lat' dir='ltr'>vnice</span> <span class='ocrx_word' id='word_1_109' title='bbox 1281 943 1362 977; x_wconf 83' lang='lat' dir='ltr'>oro,</span> <span class='ocrx_word' id='word_1_110' title='bbox 1391 942 1444 967; x_wconf 91' lang='lat' dir='ltr'>ne</span> <span class='ocrx_word' id='word_1_111' title='bbox 1470 930 1621 968; x_wconf 91' lang='lat' dir='ltr'>damno</span> <span class='ocrx_word' id='word_1_112' title='bbox 1650 929 1706 968; x_wconf 89' lang='lat' dir='ltr'>sit</span> <span class='ocrx_word' id='word_1_113' title='bbox 1734 929 1843 967; x_wconf 83' lang='lat' dir='ltr'>mihi</span> 
     </span>
     <span class='ocr_line' id='line_1_13' title="bbox 237 992 1841 1044; baseline 0.002 -14"><span class='ocrx_word' id='word_1_114' title='bbox 237 992 306 1031; x_wconf 89' lang='lat' dir='ltr'>vel</span> <span class='ocrx_word' id='word_1_115' title='bbox 324 993 433 1042; x_wconf 81' lang='lat' dir='ltr'>apud</span> <span class='ocrx_word' id='word_1_116' title='bbox 454 995 494 1032; x_wconf 89' lang='lat' dir='ltr'>te</span> <span class='ocrx_word' id='word_1_117' title='bbox 509 994 578 1032; x_wconf 86' lang='lat' dir='ltr'>vel</span> <span class='ocrx_word' id='word_1_118' title='bbox 597 995 705 1044; x_wconf 88' lang='lat' dir='ltr'>apud</span> <span class='ocrx_word' id='word_1_119' title='bbox 726 994 830 1033; x_wconf 83' lang='lat' dir='ltr'>alios</span> <span class='ocrx_word' id='word_1_120' title='bbox 851 995 1043 1033; x_wconf 88' lang='lat' dir='ltr'>dominos</span> <span class='ocrx_word' id='word_1_121' title='bbox 1063 995 1218 1033; x_wconf 84' lang='lat' dir='ltr'>amicos</span> <span class='ocrx_word' id='word_1_122' title='bbox 1238 994 1411 1033; x_wconf 78' lang='lat' dir='ltr'>forsitan</span> <span class='ocrx_word' id='word_1_123' title='bbox 1430 994 1654 1044; x_wconf 88' lang='lat' dir='ltr'>aliquando</span> <span class='ocrx_word' id='word_1_124' title='bbox 1668 995 1841 1041; x_wconf 75' lang='lat' dir='ltr'>futuros,</span> 
     </span>
     <span class='ocr_line' id='line_1_14' title="bbox 238 1058 1847 1109; baseline 0.001 -13"><span class='ocrx_word' id='word_1_125' title='bbox 238 1071 324 1096; x_wconf 92' lang='lat' dir='ltr'>non</span> <span class='ocrx_word' id='word_1_126' title='bbox 341 1058 507 1097; x_wconf 88' lang='lat' dir='ltr'>venisse</span> <span class='ocrx_word' id='word_1_127' title='bbox 526 1061 612 1097; x_wconf 87' lang='lat' dir='ltr'>tam</span> <span class='ocrx_word' id='word_1_128' title='bbox 631 1059 871 1098; x_wconf 81' lang='lat' dir='ltr'>humaniter</span> <span class='ocrx_word' id='word_1_129' title='bbox 888 1058 1129 1098; x_wconf 85' lang='lat' dir='ltr'>inuitatum.</span> <span class='ocrx_word' id='word_1_130' title='bbox 1189 1059 1298 1098; x_wconf 90' lang='lat' dir='ltr'>Nam</span> <span class='ocrx_word' id='word_1_131' title='bbox 1319 1059 1369 1098; x_wconf 90' lang='lat' dir='ltr'>ad</span> <span class='ocrx_word' id='word_1_132' title='bbox 1386 1060 1647 1098; x_wconf 88' lang='lat' dir='ltr'>Penticostes</span> <span class='ocrx_word' id='word_1_133' title='bbox 1667 1060 1789 1109; x_wconf 89' lang='lat' dir='ltr'>diem,</span> <span class='ocrx_word' id='word_1_134' title='bbox 1809 1060 1847 1099; x_wconf 87' lang='lat' dir='ltr'>si</span> 
     </span>
     <span class='ocr_line' id='line_1_15' title="bbox 238 1124 1849 1176; baseline 0.002 -15"><span class='ocrx_word' id='word_1_135' title='bbox 238 1137 323 1162; x_wconf 93' lang='lat' dir='ltr'>non</span> <span class='ocrx_word' id='word_1_136' title='bbox 351 1124 429 1162; x_wconf 88' lang='lat' dir='ltr'>erit</span> <span class='ocrx_word' id='word_1_137' title='bbox 457 1137 537 1173; x_wconf 87' lang='lat' dir='ltr'>pax</span> <span class='ocrx_word' id='word_1_138' title='bbox 567 1137 663 1162; x_wconf 87' lang='lat' dir='ltr'>cum</span> <span class='ocrx_word' id='word_1_139' title='bbox 683 1125 864 1173; x_wconf 85' lang='lat' dir='ltr'>Francis,</span> <span class='ocrx_word' id='word_1_140' title='bbox 888 1128 929 1163; x_wconf 90' lang='lat' dir='ltr'>et</span> <span class='ocrx_word' id='word_1_141' title='bbox 951 1125 1152 1175; x_wconf 89' lang='lat' dir='ltr'>Princeps</span> <span class='ocrx_word' id='word_1_142' title='bbox 1178 1127 1276 1164; x_wconf 87' lang='lat' dir='ltr'>tuus</span> <span class='ocrx_word' id='word_1_143' title='bbox 1295 1125 1419 1175; x_wconf 86' lang='lat' dir='ltr'>(quod</span> <span class='ocrx_word' id='word_1_144' title='bbox 1439 1125 1710 1164; x_wconf 86' lang='lat' dir='ltr'>vehementer</span> <span class='ocrx_word' id='word_1_145' title='bbox 1735 1126 1849 1176; x_wconf 79' lang='lat' dir='ltr'>opto)</span> 
     </span>
     <span class='ocr_line' id='line_1_16' title="bbox 182 1189 1848 1240; baseline 0.001 -13"><span class='ocrx_word' id='word_1_146' title='bbox 182 1205 220 1236; x_wconf 65' lang='grc' dir='ltr'>,ιο</span> <span class='ocrx_word' id='word_1_147' title='bbox 239 1189 381 1227; x_wconf 89' lang='lat' dir='ltr'>saluus</span> <span class='ocrx_word' id='word_1_148' title='bbox 399 1189 534 1237; x_wconf 85' lang='lat' dir='ltr'>fuerit,</span> <span class='ocrx_word' id='word_1_149' title='bbox 553 1189 688 1228; x_wconf 88' lang='lat' dir='ltr'>ausim</span> <span class='ocrx_word' id='word_1_150' title='bbox 708 1203 776 1228; x_wconf 87' lang='lat' dir='ltr'>me</span> <span class='ocrx_word' id='word_1_151' title='bbox 795 1189 961 1228; x_wconf 87' lang='lat' dir='ltr'>hercule</span> <span class='ocrx_word' id='word_1_152' title='bbox 976 1191 1027 1229; x_wconf 91' lang='lat' dir='ltr'>ad</span> <span class='ocrx_word' id='word_1_153' title='bbox 1042 1192 1082 1229; x_wconf 91' lang='lat' dir='ltr'>te</span> <span class='ocrx_word' id='word_1_154' title='bbox 1097 1190 1248 1238; x_wconf 74' lang='lat' dir='ltr'>volare,</span> <span class='ocrx_word' id='word_1_155' title='bbox 1268 1190 1395 1229; x_wconf 90' lang='lat' dir='ltr'>etiam</span> <span class='ocrx_word' id='word_1_156' title='bbox 1414 1204 1487 1240; x_wconf 89' lang='lat' dir='ltr'>per</span> <span class='ocrx_word' id='word_1_157' title='bbox 1501 1190 1660 1229; x_wconf 91' lang='lat' dir='ltr'>medios</span> <span class='ocrx_word' id='word_1_158' title='bbox 1679 1190 1819 1229; x_wconf 88' lang='lat' dir='ltr'>hostes</span> <span class='ocrx_word' id='word_1_159' title='bbox 1837 1205 1848 1238; x_wconf 87' lang='grc'>;</span> 
     </span>
     <span class='ocr_line' id='line_1_17' title="bbox 240 1254 1847 1306; baseline 0.002 -14"><span class='ocrx_word' id='word_1_160' title='bbox 240 1254 410 1293; x_wconf 86' lang='lat' dir='ltr'>interim</span> <span class='ocrx_word' id='word_1_161' title='bbox 439 1267 491 1292; x_wconf 91' lang='lat' dir='ltr'>ne</span> <span class='ocrx_word' id='word_1_162' title='bbox 520 1254 664 1293; x_wconf 88' lang='lat' dir='ltr'>abeam</span> <span class='ocrx_word' id='word_1_163' title='bbox 693 1255 993 1305; x_wconf 79' lang='lat' dir='ltr'>consanguinei</span> <span class='ocrx_word' id='word_1_164' title='bbox 1020 1258 1061 1294; x_wconf 73' lang='lat' dir='ltr'>et</span> <span class='ocrx_word' id='word_1_165' title='bbox 1091 1256 1313 1295; x_wconf 88' lang='lat' dir='ltr'>necessarii</span> <span class='ocrx_word' id='word_1_166' title='bbox 1341 1269 1592 1306; x_wconf 82' lang='lat' dir='ltr'>magnopere</span> <span class='ocrx_word' id='word_1_167' title='bbox 1620 1258 1847 1306; x_wconf 86' lang='lat' dir='ltr'>rogarunt:</span> 
     </span>
     <span class='ocr_line' id='line_1_18' title="bbox 240 1319 858 1370; baseline 0.003 -13"><span class='ocrx_word' id='word_1_168' title='bbox 240 1319 348 1357; x_wconf 86' lang='lat' dir='ltr'>nihil</span> <span class='ocrx_word' id='word_1_169' title='bbox 367 1321 507 1358; x_wconf 89' lang='lat' dir='ltr'>tamen</span> <span class='ocrx_word' id='word_1_170' title='bbox 527 1320 629 1358; x_wconf 85' lang='lat' dir='ltr'>certi</span> <span class='ocrx_word' id='word_1_171' title='bbox 646 1321 858 1370; x_wconf 90' lang='lat' dir='ltr'>promitto.</span> 
     </span>
     <span class='ocr_line' id='line_1_19' title="bbox 294 1384 1850 1437; baseline 0.002 -14"><span class='ocrx_word' id='word_1_172' title='bbox 294 1384 467 1424; x_wconf 88' lang='lat' dir='ltr'>Monioii</span> <span class='ocrx_word' id='word_1_173' title='bbox 486 1399 640 1424; x_wconf 90' lang='lat' dir='ltr'>nomen</span> <span class='ocrx_word' id='word_1_174' title='bbox 663 1385 783 1437; x_wconf 55' lang='lat' dir='ltr'>&lt;non⁴&gt;</span> <span class='ocrx_word' id='word_1_175' title='bbox 801 1387 974 1425; x_wconf 90' lang='lat' dir='ltr'>charum</span> <span class='ocrx_word' id='word_1_176' title='bbox 995 1400 1083 1425; x_wconf 87' lang='lat' dir='ltr'>esse</span> <span class='ocrx_word' id='word_1_177' title='bbox 1102 1387 1210 1425; x_wconf 90' lang='lat' dir='ltr'>mihi</span> <span class='ocrx_word' id='word_1_178' title='bbox 1229 1400 1313 1425; x_wconf 83' lang='lat' dir='ltr'>non</span> <span class='ocrx_word' id='word_1_179' title='bbox 1333 1387 1494 1436; x_wconf 86' lang='lat' dir='ltr'>poterit,</span> <span class='ocrx_word' id='word_1_180' title='bbox 1519 1388 1620 1426; x_wconf 88' lang='lat' dir='ltr'>dum</span> <span class='ocrx_word' id='word_1_181' title='bbox 1646 1388 1850 1426; x_wconf 86' lang='lat' dir='ltr'>Erasmus</span> 
     </span>
     <span class='ocr_line' id='line_1_20' title="bbox 241 1450 1848 1502; baseline 0.002 -14"><span class='ocrx_word' id='word_1_182' title='bbox 241 1450 389 1489; x_wconf 85' lang='lat' dir='ltr'>charus</span> <span class='ocrx_word' id='word_1_183' title='bbox 403 1463 492 1489; x_wconf 90' lang='lat' dir='ltr'>esse</span> <span class='ocrx_word' id='word_1_184' title='bbox 512 1451 678 1490; x_wconf 87' lang='lat' dir='ltr'>desierit</span> <span class='ocrx_word' id='word_1_185' title='bbox 695 1466 704 1499; x_wconf 73' lang='lat'><em>3</em></span> <span class='ocrx_word' id='word_1_186' title='bbox 725 1465 850 1501; x_wconf 87' lang='lat' dir='ltr'>quem</span> <span class='ocrx_word' id='word_1_187' title='bbox 863 1454 908 1490; x_wconf 85' lang='lat' dir='ltr'>vt</span> <span class='ocrx_word' id='word_1_188' title='bbox 929 1453 1143 1502; x_wconf 88' lang='lat' dir='ltr'>egregium</span> <span class='ocrx_word' id='word_1_189' title='bbox 1162 1465 1206 1490; x_wconf 86' lang='lat' dir='ltr'>ac</span> <span class='ocrx_word' id='word_1_190' title='bbox 1228 1453 1435 1501; x_wconf 84' lang='lat' dir='ltr'>optimum</span> <span class='ocrx_word' id='word_1_191' title='bbox 1454 1452 1594 1491; x_wconf 86' lang='lat' dir='ltr'>virum</span> <span class='ocrx_word' id='word_1_192' title='bbox 1614 1454 1788 1501; x_wconf 90' lang='lat' dir='ltr'>credam,</span> <span class='ocrx_word' id='word_1_193' title='bbox 1808 1455 1848 1491; x_wconf 87' lang='lat' dir='ltr'>et</span> 
     </span>
     <span class='ocr_line' id='line_1_21' title="bbox 184 1517 1843 1568; baseline 0.001 -13"><span class='ocrx_word' id='word_1_194' title='bbox 184 1531 221 1561; x_wconf 69' lang='lat'>55</span> <span class='ocrx_word' id='word_1_195' title='bbox 242 1529 364 1565; x_wconf 87' lang='lat' dir='ltr'>opera</span> <span class='ocrx_word' id='word_1_196' title='bbox 375 1518 447 1554; x_wconf 89' lang='lat' dir='ltr'>tua</span> <span class='ocrx_word' id='word_1_197' title='bbox 456 1517 495 1554; x_wconf 88' lang='lat' dir='ltr'>et</span> <span class='ocrx_word' id='word_1_198' title='bbox 502 1529 696 1566; x_wconf 85' lang='lat' dir='ltr'>praesens</span> <span class='ocrx_word' id='word_1_199' title='bbox 709 1519 919 1567; x_wconf 90' lang='lat' dir='ltr'>quondam</span> <span class='ocrx_word' id='word_1_200' title='bbox 933 1518 982 1556; x_wconf 91' lang='lat' dir='ltr'>de</span> <span class='ocrx_word' id='word_1_201' title='bbox 995 1518 1082 1556; x_wconf 89' lang='lat' dir='ltr'>eius</span> <span class='ocrx_word' id='word_1_202' title='bbox 1093 1518 1354 1556; x_wconf 85' lang='lat' dir='ltr'>humanitate</span> <span class='ocrx_word' id='word_1_203' title='bbox 1368 1518 1644 1557; x_wconf 85' lang='lat' dir='ltr'>confabulatio</span> <span class='ocrx_word' id='word_1_204' title='bbox 1657 1519 1843 1568; x_wconf 88' lang='lat' dir='ltr'>peruicit.</span> 
     </span>
     <span class='ocr_line' id='line_1_22' title="bbox 243 1581 1849 1634; baseline 0.002 -15"><span class='ocrx_word' id='word_1_205' title='bbox 243 1581 392 1629; x_wconf 86' lang='lat' dir='ltr'>Berus,</span> <span class='ocrx_word' id='word_1_206' title='bbox 412 1594 507 1620; x_wconf 89' lang='lat' dir='ltr'>cum</span> <span class='ocrx_word' id='word_1_207' title='bbox 535 1582 679 1621; x_wconf 87' lang='lat' dir='ltr'>literae</span> <span class='ocrx_word' id='word_1_208' title='bbox 709 1582 856 1622; x_wconf 83' lang='lat' dir='ltr'>allatae</span> <span class='ocrx_word' id='word_1_209' title='bbox 885 1585 995 1630; x_wconf 78' lang='lat' dir='ltr'>sunt,</span> <span class='ocrx_word' id='word_1_210' title='bbox 1026 1597 1111 1622; x_wconf 91' lang='lat' dir='ltr'>non</span> <span class='ocrx_word' id='word_1_211' title='bbox 1140 1583 1298 1630; x_wconf 83' lang='lat' dir='ltr'>adfuit3</span> <span class='ocrx_word' id='word_1_212' title='bbox 1328 1583 1468 1634; x_wconf 85' lang='lat' dir='ltr'>itaque</span> <span class='ocrx_word' id='word_1_213' title='bbox 1496 1597 1547 1622; x_wconf 83' lang='lat' dir='ltr'>ex</span> <span class='ocrx_word' id='word_1_214' title='bbox 1576 1597 1621 1622; x_wconf 92' lang='lat' dir='ltr'>eo</span> <span class='ocrx_word' id='word_1_215' title='bbox 1651 1584 1759 1622; x_wconf 90' lang='lat' dir='ltr'>nihil</span> <span class='ocrx_word' id='word_1_216' title='bbox 1785 1597 1849 1622; x_wconf 55' lang='lat' dir='ltr'>con</span> 
     </span>
     <span class='ocr_line' id='line_1_23' title="bbox 241 1647 1848 1698; baseline 0.002 -14"><span class='ocrx_word' id='word_1_217' title='bbox 241 1659 435 1695; x_wconf 85' lang='lat' dir='ltr'>gnoscere</span> <span class='ocrx_word' id='word_1_218' title='bbox 453 1647 675 1697; x_wconf 87' lang='lat' dir='ltr'>potuimus.</span> <span class='ocrx_word' id='word_1_219' title='bbox 736 1647 839 1687; x_wconf 82' lang='lat' dir='ltr'>Post</span> <span class='ocrx_word' id='word_1_220' title='bbox 858 1648 1086 1687; x_wconf 80' lang='lat' dir='ltr'>discessum</span> <span class='ocrx_word' id='word_1_221' title='bbox 1105 1661 1200 1686; x_wconf 79' lang='lat' dir='ltr'>vero</span> <span class='ocrx_word' id='word_1_222' title='bbox 1220 1651 1342 1686; x_wconf 91' lang='lat' dir='ltr'>tuum</span> <span class='ocrx_word' id='word_1_223' title='bbox 1368 1648 1467 1687; x_wconf 88' lang='lat' dir='ltr'>adeo</span> <span class='ocrx_word' id='word_1_224' title='bbox 1487 1648 1695 1698; x_wconf 85' lang='lat' dir='ltr'>sophistae</span> <span class='ocrx_word' id='word_1_225' title='bbox 1714 1649 1759 1687; x_wconf 89' lang='lat' dir='ltr'>in</span> <span class='ocrx_word' id='word_1_226' title='bbox 1780 1662 1848 1687; x_wconf 85' lang='lat' dir='ltr'>me</span> 
     </span>
     <span class='ocr_line' id='line_1_24' title="bbox 242 1711 1851 1764; baseline 0.002 -14"><span class='ocrx_word' id='word_1_227' title='bbox 242 1711 416 1762; x_wconf 87' lang='lat' dir='ltr'>grassati</span> <span class='ocrx_word' id='word_1_228' title='bbox 444 1715 542 1751; x_wconf 91' lang='lat' dir='ltr'>sunt</span> <span class='ocrx_word' id='word_1_229' title='bbox 563 1715 607 1751; x_wconf 84' lang='lat' dir='ltr'>vt</span> <span class='ocrx_word' id='word_1_230' title='bbox 626 1712 676 1751; x_wconf 92' lang='lat' dir='ltr'>de</span> <span class='ocrx_word' id='word_1_231' title='bbox 695 1714 949 1762; x_wconf 87' lang='lat' dir='ltr'>templorum</span> <span class='ocrx_word' id='word_1_232' title='bbox 968 1714 1106 1753; x_wconf 79' lang='lat' dir='ltr'>valuis</span> <span class='ocrx_word' id='word_1_233' title='bbox 1131 1714 1338 1752; x_wconf 85' lang='lat' dir='ltr'>chartulas</span> <span class='ocrx_word' id='word_1_234' title='bbox 1357 1713 1585 1763; x_wconf 87' lang='lat' dir='ltr'>diriperent</span> <span class='ocrx_word' id='word_1_235' title='bbox 1604 1714 1851 1764; x_wconf 86' lang='lat' dir='ltr'>publiceque</span> 
     </span>
     <span class='ocr_line' id='line_1_25' title="bbox 244 1777 1851 1830; baseline 0.002 -15"><span class='ocrx_word' id='word_1_236' title='bbox 244 1778 438 1816; x_wconf 78' lang='lat' dir='ltr'>Senecam</span> <span class='ocrx_word' id='word_1_237' title='bbox 474 1777 556 1827; x_wconf 89' lang='lat' dir='ltr'>legi</span> <span class='ocrx_word' id='word_1_238' title='bbox 585 1778 885 1827; x_wconf 88' lang='lat' dir='ltr'>prohibuerint.</span> <span class='ocrx_word' id='word_1_239' title='bbox 945 1779 1034 1830; x_wconf 88' lang='lat' dir='ltr'>Ego</span> <span class='ocrx_word' id='word_1_240' title='bbox 1068 1782 1211 1818; x_wconf 87' lang='lat' dir='ltr'>autem</span> <span class='ocrx_word' id='word_1_241' title='bbox 1244 1779 1296 1817; x_wconf 88' lang='lat' dir='ltr'>iis</span> <span class='ocrx_word' id='word_1_242' title='bbox 1326 1779 1474 1817; x_wconf 89' lang='lat' dir='ltr'>inuitis</span> <span class='ocrx_word' id='word_1_243' title='bbox 1512 1779 1610 1829; x_wconf 88' lang='lat' dir='ltr'>legi,</span> <span class='ocrx_word' id='word_1_244' title='bbox 1641 1780 1748 1818; x_wconf 87' lang='lat' dir='ltr'>nihil</span> <span class='ocrx_word' id='word_1_245' title='bbox 1781 1793 1851 1819; x_wconf 90' lang='lat' dir='ltr'>eos</span> 
     </span>
     <span class='ocr_line' id='line_1_26' title="bbox 183 1844 1850 1895; baseline 0.003 -16"><span class='ocrx_word' id='word_1_246' title='bbox 183 1849 225 1881; x_wconf 70' lang='lat'>60</span> <span class='ocrx_word' id='word_1_247' title='bbox 242 1844 400 1883; x_wconf 75' lang='lat' dir='ltr'>veritus</span> <span class='ocrx_word' id='word_1_248' title='bbox 428 1856 554 1892; x_wconf 87' lang='lat' dir='ltr'>quam</span> <span class='ocrx_word' id='word_1_249' title='bbox 582 1857 634 1882; x_wconf 91' lang='lat' dir='ltr'>ne</span> <span class='ocrx_word' id='word_1_250' title='bbox 663 1844 818 1884; x_wconf 89' lang='lat' dir='ltr'>Berum</span> <span class='ocrx_word' id='word_1_251' title='bbox 848 1858 1011 1895; x_wconf 89' lang='lat' dir='ltr'>quoque</span> <span class='ocrx_word' id='word_1_252' title='bbox 1038 1845 1083 1884; x_wconf 90' lang='lat' dir='ltr'>in</span> <span class='ocrx_word' id='word_1_253' title='bbox 1112 1858 1231 1884; x_wconf 84' lang='lat' dir='ltr'>suam</span> <span class='ocrx_word' id='word_1_254' title='bbox 1260 1845 1498 1895; x_wconf 88' lang='lat' dir='ltr'>opinionem</span> <span class='ocrx_word' id='word_1_255' title='bbox 1526 1846 1765 1884; x_wconf 87' lang='lat' dir='ltr'>traherent:</span> <span class='ocrx_word' id='word_1_256' title='bbox 1809 1849 1850 1884; x_wconf 90' lang='lat' dir='ltr'>at</span> 
     </span>
     <span class='ocr_line' id='line_1_27' title="bbox 245 1909 1855 1961; baseline 0.001 -15"><span class='ocrx_word' id='word_1_257' title='bbox 245 1910 333 1959; x_wconf 86' lang='lat' dir='ltr'>ipse</span> <span class='ocrx_word' id='word_1_258' title='bbox 350 1911 398 1948; x_wconf 84' lang='lat' dir='ltr'>vt</span> <span class='ocrx_word' id='word_1_259' title='bbox 416 1909 566 1947; x_wconf 86' lang='lat' dir='ltr'>vitaret</span> <span class='ocrx_word' id='word_1_260' title='bbox 585 1909 801 1958; x_wconf 85' lang='lat' dir='ltr'>inuidiam,</span> <span class='ocrx_word' id='word_1_261' title='bbox 824 1911 995 1960; x_wconf 89' lang='lat' dir='ltr'>negocio</span> <span class='ocrx_word' id='word_1_262' title='bbox 1014 1923 1099 1949; x_wconf 86' lang='lat' dir='ltr'>non</span> <span class='ocrx_word' id='word_1_263' title='bbox 1125 1924 1167 1948; x_wconf 90' lang='lat' dir='ltr'>se</span> <span class='ocrx_word' id='word_1_264' title='bbox 1193 1923 1442 1961; x_wconf 84' lang='lat' dir='ltr'>magnopere</span> <span class='ocrx_word' id='word_1_265' title='bbox 1466 1910 1707 1958; x_wconf 77' lang='lat' dir='ltr'>immiscuit,</span> <span class='ocrx_word' id='word_1_266' title='bbox 1729 1911 1855 1961; x_wconf 87' lang='lat' dir='ltr'>longe</span> 
     </span>
     <span class='ocr_line' id='line_1_28' title="bbox 245 1974 1277 2015; baseline 0.001 -2"><span class='ocrx_word' id='word_1_267' title='bbox 245 1976 385 2013; x_wconf 91' lang='lat' dir='ltr'>tamen</span> <span class='ocrx_word' id='word_1_268' title='bbox 404 1974 628 2012; x_wconf 89' lang='lat' dir='ltr'>humanior</span> <span class='ocrx_word' id='word_1_269' title='bbox 647 1975 753 2013; x_wconf 91' lang='lat' dir='ltr'>mihi</span> <span class='ocrx_word' id='word_1_270' title='bbox 774 1989 869 2014; x_wconf 91' lang='lat' dir='ltr'>cum</span> <span class='ocrx_word' id='word_1_271' title='bbox 890 1976 1050 2014; x_wconf 87' lang='lat' dir='ltr'>adesset</span> <span class='ocrx_word' id='word_1_272' title='bbox 1068 1976 1277 2015; x_wconf 81' lang='lat' dir='ltr'>Erasmus.</span> 
     </span>
     <span class='ocr_line' id='line_1_29' title="bbox 301 2040 1853 2091; baseline -0.001 -11"><span class='ocrx_word' id='word_1_273' title='bbox 301 2041 415 2080; x_wconf 91' lang='lat' dir='ltr'>Pene</span> <span class='ocrx_word' id='word_1_274' title='bbox 434 2042 575 2079; x_wconf 88' lang='lat' dir='ltr'>tamen</span> <span class='ocrx_word' id='word_1_275' title='bbox 598 2053 764 2079; x_wconf 91' lang='lat' dir='ltr'>carmen</span> <span class='ocrx_word' id='word_1_276' title='bbox 792 2055 935 2080; x_wconf 89' lang='lat' dir='ltr'>meum</span> <span class='ocrx_word' id='word_1_277' title='bbox 961 2055 1046 2080; x_wconf 90' lang='lat' dir='ltr'>non</span> <span class='ocrx_word' id='word_1_278' title='bbox 1072 2041 1295 2087; x_wconf 83' lang='lat' dir='ltr'>misissem,</span> <span class='ocrx_word' id='word_1_279' title='bbox 1315 2043 1458 2091; x_wconf 86' lang='lat' dir='ltr'>vtpote</span> <span class='ocrx_word' id='word_1_280' title='bbox 1478 2041 1662 2080; x_wconf 90' lang='lat' dir='ltr'>iuuenile</span> <span class='ocrx_word' id='word_1_281' title='bbox 1681 2043 1722 2079; x_wconf 94' lang='lat' dir='ltr'>et</span> <span class='ocrx_word' id='word_1_282' title='bbox 1742 2040 1853 2078; x_wconf 90' lang='lat' dir='ltr'>mihi</span> 
     </span>
     <span class='ocr_line' id='line_1_30' title="bbox 249 2105 1850 2156; baseline 0.001 -13"><span class='ocrx_word' id='word_1_283' title='bbox 249 2105 364 2144; x_wconf 87' lang='lat' dir='ltr'>nulla</span> <span class='ocrx_word' id='word_1_284' title='bbox 378 2106 423 2143; x_wconf 88' lang='lat' dir='ltr'>in</span> <span class='ocrx_word' id='word_1_285' title='bbox 442 2106 558 2154; x_wconf 88' lang='lat' dir='ltr'>parte</span> <span class='ocrx_word' id='word_1_286' title='bbox 573 2106 829 2145; x_wconf 86' lang='lat' dir='ltr'>satisfaciens</span> <span class='ocrx_word' id='word_1_287' title='bbox 848 2120 922 2156; x_wconf 92' lang='lat' dir='ltr'>pro</span> <span class='ocrx_word' id='word_1_288' title='bbox 937 2108 1053 2146; x_wconf 88' lang='lat' dir='ltr'>tanto</span> <span class='ocrx_word' id='word_1_289' title='bbox 1067 2108 1158 2146; x_wconf 83' lang='lat' dir='ltr'>viro</span> <span class='ocrx_word' id='word_1_290' title='bbox 1174 2122 1184 2154; x_wconf 81' lang='lat'><em>3</em></span> <span class='ocrx_word' id='word_1_291' title='bbox 1203 2109 1290 2155; x_wconf 85' lang='lat' dir='ltr'>aut,</span> <span class='ocrx_word' id='word_1_292' title='bbox 1306 2107 1343 2145; x_wconf 91' lang='lat' dir='ltr'>si</span> <span class='ocrx_word' id='word_1_293' title='bbox 1358 2107 1435 2145; x_wconf 90' lang='lat' dir='ltr'>hoc</span> <span class='ocrx_word' id='word_1_294' title='bbox 1449 2109 1650 2156; x_wconf 87' lang='lat' dir='ltr'>tanquam</span> <span class='ocrx_word' id='word_1_295' title='bbox 1666 2106 1850 2144; x_wconf 85' lang='lat' dir='ltr'>adulato-</span> 
     </span>
     <span class='ocr_line' id='line_1_31' title="bbox 187 2171 1852 2223; baseline 0.001 -16"><span class='ocrx_word' id='word_1_296' title='bbox 187 2178 227 2219; x_wconf 74' lang='lat'>65</span> <span class='ocrx_word' id='word_1_297' title='bbox 247 2171 358 2209; x_wconf 91' lang='lat' dir='ltr'>rium</span> <span class='ocrx_word' id='word_1_298' title='bbox 378 2171 552 2220; x_wconf 88' lang='lat' dir='ltr'>spernis,</span> <span class='ocrx_word' id='word_1_299' title='bbox 574 2184 648 2220; x_wconf 89' lang='lat' dir='ltr'>pro</span> <span class='ocrx_word' id='word_1_300' title='bbox 668 2173 786 2210; x_wconf 88' lang='lat' dir='ltr'>tanto</span> <span class='ocrx_word' id='word_1_301' title='bbox 804 2172 948 2211; x_wconf 78' lang='lat' dir='ltr'>amieo.</span> <span class='ocrx_word' id='word_1_302' title='bbox 1009 2173 1089 2211; x_wconf 88' lang='lat' dir='ltr'>Sed</span> <span class='ocrx_word' id='word_1_303' title='bbox 1109 2186 1226 2223; x_wconf 87' lang='lat' dir='ltr'>spero</span> <span class='ocrx_word' id='word_1_304' title='bbox 1246 2172 1386 2211; x_wconf 82' lang='lat' dir='ltr'>omnia</span> <span class='ocrx_word' id='word_1_305' title='bbox 1408 2173 1644 2211; x_wconf 85' lang='lat' dir='ltr'>confossum</span> <span class='ocrx_word' id='word_1_306' title='bbox 1669 2171 1721 2209; x_wconf 92' lang='lat' dir='ltr'>iri</span> <span class='ocrx_word' id='word_1_307' title='bbox 1740 2185 1764 2209; x_wconf 90' lang='lat' dir='ltr'>a</span> <span class='ocrx_word' id='word_1_308' title='bbox 1783 2173 1824 2209; x_wconf 88' lang='lat' dir='ltr'>te</span> <span class='ocrx_word' id='word_1_309' title='bbox 1841 2186 1852 2219; x_wconf 88' lang='lat'>;</span> 
     </span>
     <span class='ocr_line' id='line_1_32' title="bbox 247 2235 1852 2288; baseline 0 -14"><span class='ocrx_word' id='word_1_310' title='bbox 247 2249 350 2286; x_wconf 90' lang='lat' dir='ltr'>quae</span> <span class='ocrx_word' id='word_1_311' title='bbox 371 2248 464 2285; x_wconf 89' lang='lat' dir='ltr'>spes</span> <span class='ocrx_word' id='word_1_312' title='bbox 484 2235 566 2274; x_wconf 82' lang='lat' dir='ltr'>nisi</span> <span class='ocrx_word' id='word_1_313' title='bbox 585 2249 652 2274; x_wconf 89' lang='lat' dir='ltr'>me</span> <span class='ocrx_word' id='word_1_314' title='bbox 671 2237 890 2286; x_wconf 83' lang='lat' dir='ltr'>tenuisset,</span> <span class='ocrx_word' id='word_1_315' title='bbox 910 2250 978 2277; x_wconf 89' lang='lat' dir='ltr'>eas</span> <span class='ocrx_word' id='word_1_316' title='bbox 996 2237 1174 2288; x_wconf 89' lang='lat' dir='ltr'>ineptias</span> <span class='ocrx_word' id='word_1_317' title='bbox 1194 2238 1239 2276; x_wconf 88' lang='lat' dir='ltr'>in</span> <span class='ocrx_word' id='word_1_318' title='bbox 1259 2239 1400 2288; x_wconf 85' lang='lat' dir='ltr'>ignem</span> <span class='ocrx_word' id='word_1_319' title='bbox 1419 2237 1696 2276; x_wconf 88' lang='lat' dir='ltr'>coniecissem.</span> <span class='ocrx_word' id='word_1_320' title='bbox 1754 2235 1852 2275; x_wconf 90' lang='lat' dir='ltr'>Misi</span> 
     </span>
     <span class='ocr_line' id='line_1_33' title="bbox 247 2300 1851 2352; baseline 0 -12"><span class='ocrx_word' id='word_1_321' title='bbox 247 2302 388 2340; x_wconf 85' lang='lat' dir='ltr'>autem</span> <span class='ocrx_word' id='word_1_322' title='bbox 408 2302 450 2339; x_wconf 89' lang='lat' dir='ltr'>et</span> <span class='ocrx_word' id='word_1_323' title='bbox 468 2300 581 2339; x_wconf 92' lang='lat' dir='ltr'>aliud</span> <span class='ocrx_word' id='word_1_324' title='bbox 601 2314 768 2341; x_wconf 86' lang='lat' dir='ltr'>carmen</span> <span class='ocrx_word' id='word_1_325' title='bbox 786 2302 896 2352; x_wconf 90' lang='lat' dir='ltr'>quod</span> <span class='ocrx_word' id='word_1_326' title='bbox 915 2303 963 2341; x_wconf 90' lang='lat' dir='ltr'>de</span> <span class='ocrx_word' id='word_1_327' title='bbox 984 2303 1165 2342; x_wconf 89' lang='lat' dir='ltr'>discessu</span> <span class='ocrx_word' id='word_1_328' title='bbox 1185 2305 1258 2342; x_wconf 91' lang='lat' dir='ltr'>tuo</span> <span class='ocrx_word' id='word_1_329' title='bbox 1277 2303 1328 2342; x_wconf 91' lang='lat' dir='ltr'>ad</span> <span class='ocrx_word' id='word_1_330' title='bbox 1349 2303 1581 2342; x_wconf 84' lang='lat' dir='ltr'>Osualdum</span> <span class='ocrx_word' id='word_1_331' title='bbox 1601 2302 1694 2350; x_wconf 82' lang='lat' dir='ltr'>lusi,</span> <span class='ocrx_word' id='word_1_332' title='bbox 1716 2301 1851 2340; x_wconf 88' lang='lat' dir='ltr'>homi-</span> 
     </span>
     <span class='ocr_line' id='line_1_34' title="bbox 250 2366 1851 2417; baseline 0.001 -13"><span class='ocrx_word' id='word_1_333' title='bbox 250 2379 349 2405; x_wconf 90' lang='lat' dir='ltr'>nem</span> <span class='ocrx_word' id='word_1_334' title='bbox 366 2366 431 2405; x_wconf 88' lang='lat' dir='ltr'>tui</span> <span class='ocrx_word' id='word_1_335' title='bbox 449 2366 684 2405; x_wconf 87' lang='lat' dir='ltr'>studiosum</span> <span class='ocrx_word' id='word_1_336' title='bbox 710 2380 756 2406; x_wconf 91' lang='lat' dir='ltr'>ac</span> <span class='ocrx_word' id='word_1_337' title='bbox 781 2368 1029 2406; x_wconf 88' lang='lat' dir='ltr'>acerrimum</span> <span class='ocrx_word' id='word_1_338' title='bbox 1053 2381 1195 2408; x_wconf 91' lang='lat' dir='ltr'>meum</span> <span class='ocrx_word' id='word_1_339' title='bbox 1214 2369 1260 2407; x_wconf 91' lang='lat' dir='ltr'>in</span> <span class='ocrx_word' id='word_1_340' title='bbox 1279 2368 1486 2417; x_wconf 86' lang='lat' dir='ltr'>sophistas</span> <span class='ocrx_word' id='word_1_341' title='bbox 1504 2367 1683 2407; x_wconf 88' lang='lat' dir='ltr'>Alciden</span> <span class='ocrx_word' id='word_1_342' title='bbox 1694 2380 1705 2412; x_wconf 83' lang='lat'><em>3</em></span> <span class='ocrx_word' id='word_1_343' title='bbox 1734 2367 1851 2406; x_wconf 87' lang='lat' dir='ltr'>cuius</span> 
     </span>
    </p>
   </div>
   <div class='ocr_carea' id='block_1_3' title="bbox 252 2475 1850 2594">
    <p class='ocr_par' dir='ltr' id='par_1_3' title="bbox 252 2475 1850 2594">
     <span class='ocr_line' id='line_1_35' title="bbox 295 2475 1850 2517; baseline 0.001 -11"><span class='ocrx_word' id='word_1_344' title='bbox 295 2484 347 2515; x_wconf 87' lang='lat'>45.</span> <span class='ocrx_word' id='word_1_345' title='bbox 372 2476 472 2506; x_wconf 89' lang='lat' dir='ltr'>scuta</span> <span class='ocrx_word' id='word_1_346' title='bbox 488 2478 525 2506; x_wconf 81' lang='lat' dir='ltr'>G:</span> <span class='ocrx_word' id='word_1_347' title='bbox 551 2476 706 2506; x_wconf 84' lang='lat' dir='ltr'>scutatos</span> <span class='ocrx_word' id='word_1_348' title='bbox 720 2478 758 2507; x_wconf 87' lang='lat' dir='ltr'>F.</span> <span class='ocrx_word' id='word_1_349' title='bbox 863 2487 915 2516; x_wconf 87' lang='lat'>47.</span> <span class='ocrx_word' id='word_1_350' title='bbox 940 2477 1034 2517; x_wconf 84' lang='lat' dir='ltr'>apud</span> <span class='ocrx_word' id='word_1_351' title='bbox 1051 2480 1121 2508; x_wconf 77' lang='lat' dir='ltr'>ante</span> <span class='ocrx_word' id='word_1_352' title='bbox 1137 2478 1225 2508; x_wconf 89' lang='lat' dir='ltr'>alios</span> <span class='ocrx_word' id='word_1_353' title='bbox 1241 2479 1315 2509; x_wconf 74' lang='lat' dir='ltr'>add.</span> <span class='ocrx_word' id='word_1_354' title='bbox 1332 2478 1376 2508; x_wconf 88' lang='lat' dir='ltr'>H.</span> <span class='ocrx_word' id='word_1_355' title='bbox 1487 2477 1538 2515; x_wconf 89' lang='lat'>48.</span> <span class='ocrx_word' id='word_1_356' title='bbox 1564 2477 1788 2508; x_wconf 87' lang='lat' dir='ltr'>Pentecostes</span> <span class='ocrx_word' id='word_1_357' title='bbox 1806 2475 1850 2507; x_wconf 48' lang='grc' dir='ltr'>Οἳ.</span> 
     </span>
     <span class='ocr_line' id='line_1_36' title="bbox 252 2519 1849 2560; baseline 0.001 -12"><span class='ocrx_word' id='word_1_358' title='bbox 252 2519 305 2558; x_wconf 86' lang='lat'>58.</span> <span class='ocrx_word' id='word_1_359' title='bbox 331 2519 529 2559; x_wconf 85' lang='lat' dir='ltr'>diriperent</span> <span class='ocrx_word' id='word_1_360' title='bbox 548 2521 588 2550; x_wconf 80' lang='lat' dir='ltr'>O:</span> <span class='ocrx_word' id='word_1_361' title='bbox 607 2519 829 2560; x_wconf 85' lang='lat' dir='ltr'>diripuerint</span> <span class='ocrx_word' id='word_1_362' title='bbox 846 2522 889 2551; x_wconf 91' lang='lat' dir='ltr'>H.</span> <span class='ocrx_word' id='word_1_363' title='bbox 1016 2529 1068 2560; x_wconf 85' lang='lat'>59.</span> <span class='ocrx_word' id='word_1_364' title='bbox 1095 2530 1152 2552; x_wconf 84' lang='lat' dir='ltr'>eos</span> <span class='ocrx_word' id='word_1_365' title='bbox 1170 2521 1221 2552; x_wconf 49' lang='grc' dir='ltr'>Οἱς</span> <span class='ocrx_word' id='word_1_366' title='bbox 1247 2522 1361 2560; x_wconf 82' lang='lat' dir='ltr'>magis</span> <span class='ocrx_word' id='word_1_367' title='bbox 1381 2519 1425 2551; x_wconf 78' lang='lat'>0².</span> <span class='ocrx_word' id='word_1_368' title='bbox 1581 2521 1634 2551; x_wconf 88' lang='lat'>61.</span> <span class='ocrx_word' id='word_1_369' title='bbox 1661 2520 1767 2560; x_wconf 86' lang='lat' dir='ltr'>longe</span> <span class='ocrx_word' id='word_1_370' title='bbox 1786 2544 1792 2550; x_wconf 92' lang='lat'><em>.</em></span> <span class='ocrx_word' id='word_1_371' title='bbox 1814 2544 1820 2551; x_wconf 88' lang='lat'><em>.</em></span> <span class='ocrx_word' id='word_1_372' title='bbox 1841 2543 1849 2550; x_wconf 81' lang='lat'><strong>.</strong></span> 
     </span>
     <span class='ocr_line' id='line_1_37' title="bbox 252 2561 637 2594; baseline 0.003 -2"><span class='ocrx_word' id='word_1_373' title='bbox 252 2564 305 2593; x_wconf 88' lang='lat'>62.</span> <span class='ocrx_word' id='word_1_374' title='bbox 332 2562 501 2593; x_wconf 85' lang='lat' dir='ltr'>Erasmus</span> <span class='ocrx_word' id='word_1_375' title='bbox 517 2572 574 2593; x_wconf 79' lang='lat' dir='ltr'>om.</span> <span class='ocrx_word' id='word_1_376' title='bbox 595 2561 637 2594; x_wconf 69' lang='lat'>0².</span> 
     </span>
    </p>
   </div>
   <div class='ocr_carea' id='block_1_4' title="bbox 255 2668 1852 3012">
    <p class='ocr_par' dir='ltr' id='par_1_4' title="bbox 296 2668 1850 2708">
     <span class='ocr_line' id='line_1_38' title="bbox 296 2668 1850 2708; baseline 0 -11"><span class='ocrx_word' id='word_1_377' title='bbox 296 2677 349 2706; x_wconf 85' lang='lat'>37.</span> <span class='ocrx_word' id='word_1_378' title='bbox 377 2668 465 2708; x_wconf 78' lang='lat' dir='ltr'>Pax]</span> <span class='ocrx_word' id='word_1_379' title='bbox 489 2668 576 2698; x_wconf 79' lang='lat' dir='ltr'>This</span> <span class='ocrx_word' id='word_1_380' title='bbox 604 2677 707 2708; x_wconf 83' lang='lat' dir='ltr'>peace</span> <span class='ocrx_word' id='word_1_381' title='bbox 739 2678 812 2699; x_wconf 81' lang='lat' dir='ltr'>was</span> <span class='ocrx_word' id='word_1_382' title='bbox 842 2670 906 2700; x_wconf 89' lang='lat' dir='ltr'>not</span> <span class='ocrx_word' id='word_1_383' title='bbox 938 2678 1019 2699; x_wconf 86' lang='lat' dir='ltr'>con·</span> <span class='ocrx_word' id='word_1_384' title='bbox 1089 2668 1181 2699; x_wconf 80' lang='lat' dir='ltr'>with</span> <span class='ocrx_word' id='word_1_385' title='bbox 1213 2669 1274 2699; x_wconf 80' lang='lat' dir='ltr'>the</span> <span class='ocrx_word' id='word_1_386' title='bbox 1306 2669 1519 2708; x_wconf 81' lang='lat' dir='ltr'>University</span> <span class='ocrx_word' id='word_1_387' title='bbox 1549 2668 1765 2700; x_wconf 84' lang='lat' dir='ltr'>authorities</span> <span class='ocrx_word' id='word_1_388' title='bbox 1794 2676 1850 2697; x_wconf 87' lang='lat' dir='ltr'>see</span> 
     </span>
    </p>

    <p class='ocr_par' dir='ltr' id='par_1_5' title="bbox 255 2711 1355 2752">
     <span class='ocr_line' id='line_1_39' title="bbox 255 2711 1355 2752; baseline 0.002 -12"><span class='ocrx_word' id='word_1_389' title='bbox 255 2711 383 2741; x_wconf 84' lang='lat' dir='ltr'>cluded</span> <span class='ocrx_word' id='word_1_390' title='bbox 407 2711 467 2741; x_wconf 84' lang='lat' dir='ltr'>till</span> <span class='ocrx_word' id='word_1_391' title='bbox 483 2721 526 2751; x_wconf 86' lang='lat'>29</span> <span class='ocrx_word' id='word_1_392' title='bbox 547 2712 635 2742; x_wconf 78' lang='lat' dir='ltr'>Nov.</span> <span class='ocrx_word' id='word_1_393' title='bbox 655 2713 736 2750; x_wconf 83' lang='lat'>1516</span> <span class='ocrx_word' id='word_1_394' title='bbox 752 2723 759 2742; x_wconf 92' lang='lat'>:</span> <span class='ocrx_word' id='word_1_395' title='bbox 783 2714 818 2743; x_wconf 81' lang='lat' dir='ltr'>at</span> <span class='ocrx_word' id='word_1_396' title='bbox 836 2712 1017 2752; x_wconf 85' lang='lat' dir='ltr'>Fribourg.</span> <span class='ocrx_word' id='word_1_397' title='bbox 1088 2714 1153 2752; x_wconf 89' lang='lat' dir='ltr'>Ep.</span> <span class='ocrx_word' id='word_1_398' title='bbox 1172 2713 1248 2752; x_wconf 85' lang='lat'>328.</span> <span class='ocrx_word' id='word_1_399' title='bbox 1264 2722 1306 2752; x_wconf 86' lang='lat'>43</span> <span class='ocrx_word' id='word_1_400' title='bbox 1320 2722 1355 2742; x_wconf 91' lang='lat' dir='ltr'>n.</span> 
     </span>
    </p>

    <p class='ocr_par' dir='ltr' id='par_1_6' title="bbox 255 2754 1852 2926">
     <span class='ocr_line' id='line_1_40' title="bbox 255 2754 1851 2796; baseline 0.001 -12"><span class='ocrx_word' id='word_1_401' title='bbox 255 2754 318 2784; x_wconf 85' lang='lat' dir='ltr'>See</span> <span class='ocrx_word' id='word_1_402' title='bbox 336 2754 533 2794; x_wconf 85' lang='lat' dir='ltr'>Creighton</span> <span class='ocrx_word' id='word_1_403' title='bbox 551 2755 598 2786; x_wconf 89' lang='lat' dir='ltr'>iv.</span> <span class='ocrx_word' id='word_1_404' title='bbox 619 2765 694 2794; x_wconf 87' lang='lat'><strong>225.</strong></span> <span class='ocrx_word' id='word_1_405' title='bbox 1131 2757 1184 2786; x_wconf 90' lang='lat'>61.</span> <span class='ocrx_word' id='word_1_406' title='bbox 1209 2755 1330 2796; x_wconf 88' lang='lat' dir='ltr'>longe]</span> <span class='ocrx_word' id='word_1_407' title='bbox 1354 2755 1428 2786; x_wconf 83' lang='lat' dir='ltr'>The</span> <span class='ocrx_word' id='word_1_408' title='bbox 1451 2755 1716 2787; x_wconf 86' lang='lat' dir='ltr'>awkwardness</span> <span class='ocrx_word' id='word_1_409' title='bbox 1738 2755 1777 2786; x_wconf 87' lang='lat' dir='ltr'>of</span> <span class='ocrx_word' id='word_1_410' title='bbox 1789 2754 1851 2785; x_wconf 79' lang='lat' dir='ltr'>the</span> 
     </span>
     <span class='ocr_line' id='line_1_41' title="bbox 300 2797 1852 2838; baseline 0 -10"><span class='ocrx_word' id='word_1_411' title='bbox 300 2808 353 2835; x_wconf 87' lang='lat'>42.</span> <span class='ocrx_word' id='word_1_412' title='bbox 377 2797 544 2838; x_wconf 86' lang='lat' dir='ltr'>Parisiis]</span> <span class='ocrx_word' id='word_1_413' title='bbox 570 2798 623 2830; x_wconf 82' lang='lat' dir='ltr'>Cf.</span> <span class='ocrx_word' id='word_1_414' title='bbox 641 2798 704 2838; x_wconf 89' lang='lat' dir='ltr'>Ep.</span> <span class='ocrx_word' id='word_1_415' title='bbox 724 2808 798 2838; x_wconf 84' lang='lat'><strong>529.</strong></span> <span class='ocrx_word' id='word_1_416' title='bbox 1087 2800 1283 2830; x_wconf 84' lang='lat' dir='ltr'>transition</span> <span class='ocrx_word' id='word_1_417' title='bbox 1314 2803 1351 2830; x_wconf 82' lang='lat' dir='ltr'>to</span> <span class='ocrx_word' id='word_1_418' title='bbox 1380 2800 1443 2830; x_wconf 89' lang='lat' dir='ltr'>the</span> <span class='ocrx_word' id='word_1_419' title='bbox 1479 2801 1567 2830; x_wconf 83' lang='lat' dir='ltr'>next</span> <span class='ocrx_word' id='word_1_420' title='bbox 1601 2798 1740 2838; x_wconf 78' lang='lat' dir='ltr'>subject</span> <span class='ocrx_word' id='word_1_421' title='bbox 1772 2808 1852 2838; x_wconf 83' lang='lat' dir='ltr'>sug-</span> 
     </span>
     <span class='ocr_line' id='line_1_42' title="bbox 300 2840 1851 2882; baseline -0.001 -10"><span class='ocrx_word' id='word_1_422' title='bbox 300 2842 351 2879; x_wconf 86' lang='lat'>48.</span> <span class='ocrx_word' id='word_1_423' title='bbox 378 2840 615 2882; x_wconf 86' lang='lat' dir='ltr'>Penticostes]</span> <span class='ocrx_word' id='word_1_424' title='bbox 641 2852 681 2881; x_wconf 85' lang='lat'>31</span> <span class='ocrx_word' id='word_1_425' title='bbox 701 2842 786 2882; x_wconf 86' lang='lat' dir='ltr'>May</span> <span class='ocrx_word' id='word_1_426' title='bbox 805 2852 897 2881; x_wconf 86' lang='lat'>1517.</span> <span class='ocrx_word' id='word_1_427' title='bbox 1086 2846 1181 2882; x_wconf 85' lang='lat' dir='ltr'>gests</span> <span class='ocrx_word' id='word_1_428' title='bbox 1197 2843 1278 2874; x_wconf 89' lang='lat' dir='ltr'>that</span> <span class='ocrx_word' id='word_1_429' title='bbox 1294 2843 1397 2874; x_wconf 88' lang='lat' dir='ltr'>there</span> <span class='ocrx_word' id='word_1_430' title='bbox 1420 2852 1504 2882; x_wconf 82' lang='lat' dir='ltr'>may</span> <span class='ocrx_word' id='word_1_431' title='bbox 1519 2843 1610 2873; x_wconf 76' lang='lat' dir='ltr'>have</span> <span class='ocrx_word' id='word_1_432' title='bbox 1633 2844 1723 2873; x_wconf 88' lang='lat' dir='ltr'>been</span> <span class='ocrx_word' id='word_1_433' title='bbox 1745 2842 1851 2872; x_wconf 81' lang='lat' dir='ltr'>other</span> 
     </span>
     <span class='ocr_line' id='line_1_43' title="bbox 300 2884 1556 2926; baseline 0.002 -11"><span class='ocrx_word' id='word_1_434' title='bbox 300 2893 351 2923; x_wconf 86' lang='lat'>55.</span> <span class='ocrx_word' id='word_1_435' title='bbox 378 2894 483 2924; x_wconf 88' lang='lat' dir='ltr'>opera</span> <span class='ocrx_word' id='word_1_436' title='bbox 499 2884 576 2925; x_wconf 86' lang='lat' dir='ltr'>tua]</span> <span class='ocrx_word' id='word_1_437' title='bbox 600 2886 650 2916; x_wconf 83' lang='lat' dir='ltr'>As</span> <span class='ocrx_word' id='word_1_438' title='bbox 667 2886 705 2916; x_wconf 90' lang='lat' dir='ltr'>in</span> <span class='ocrx_word' id='word_1_439' title='bbox 722 2887 785 2916; x_wconf 86' lang='lat' dir='ltr'>the</span> <span class='ocrx_word' id='word_1_440' title='bbox 807 2886 964 2926; x_wconf 83' lang='lat' dir='ltr'>prefaces</span> <span class='ocrx_word' id='word_1_441' title='bbox 981 2888 1019 2918; x_wconf 88' lang='lat' dir='ltr'>to</span> <span class='ocrx_word' id='word_1_442' title='bbox 1087 2888 1279 2918; x_wconf 84' lang='lat' dir='ltr'>omissions</span> <span class='ocrx_word' id='word_1_443' title='bbox 1296 2889 1332 2917; x_wconf 83' lang='lat' dir='ltr'>at</span> <span class='ocrx_word' id='word_1_444' title='bbox 1349 2887 1424 2917; x_wconf 83' lang='lat' dir='ltr'>this</span> <span class='ocrx_word' id='word_1_445' title='bbox 1441 2888 1556 2926; x_wconf 86' lang='lat' dir='ltr'>point.</span> 
     </span>
    </p>

    <p class='ocr_par' dir='ltr' id='par_1_7' title="bbox 258 2926 1850 3012">
     <span class='ocr_line' id='line_1_44' title="bbox 258 2926 1850 2970; baseline 0.001 -15"><span class='ocrx_word' id='word_1_446' title='bbox 258 2926 319 2956; x_wconf 86' lang='lat' dir='ltr'>the</span> <span class='ocrx_word' id='word_1_447' title='bbox 335 2930 488 2967; x_wconf 58' lang='grc' dir='ltr'>Λααῃῖιη</span> <span class='ocrx_word' id='word_1_448' title='bbox 512 2929 600 2969; x_wconf 89' lang='lat' dir='ltr'>Epp.</span> <span class='ocrx_word' id='word_1_449' title='bbox 624 2930 686 2959; x_wconf 89' lang='lat'>126</span> <span class='ocrx_word' id='word_1_450' title='bbox 702 2930 772 2960; x_wconf 82' lang='lat' dir='ltr'>and</span> <span class='ocrx_word' id='word_1_451' title='bbox 790 2939 866 2962; x_wconf 83' lang='lat'>211.</span> <span class='ocrx_word' id='word_1_452' title='bbox 1130 2932 1182 2969; x_wconf 89' lang='lat'>67.</span> <span class='ocrx_word' id='word_1_453' title='bbox 1230 2930 1330 2961; x_wconf 84' lang='lat' dir='ltr'>aliud</span> <span class='ocrx_word' id='word_1_454' title='bbox 1373 2928 1535 2970; x_wconf 81' lang='lat' dir='ltr'>carmen]</span> <span class='ocrx_word' id='word_1_455' title='bbox 1581 2932 1635 2960; x_wconf 73' lang='lat' dir='ltr'>Aa</span> <span class='ocrx_word' id='word_1_456' title='bbox 1673 2930 1850 2959; x_wconf 74' lang='lat' dir='ltr'>Osualdnm</span> 
     </span>
     <span class='ocr_line' id='line_1_45' title="bbox 301 2971 1847 3012; baseline 0 -12"><span class='ocrx_word' id='word_1_457' title='bbox 301 2971 353 3008; x_wconf 80' lang='lat'>56.</span> <span class='ocrx_word' id='word_1_458' title='bbox 378 2971 508 3011; x_wconf 86' lang='lat' dir='ltr'>Berus]</span> <span class='ocrx_word' id='word_1_459' title='bbox 532 2973 583 3004; x_wconf 85' lang='lat' dir='ltr'>Cf.</span> <span class='ocrx_word' id='word_1_460' title='bbox 601 2973 666 3012; x_wconf 89' lang='lat' dir='ltr'>Ep.</span> <span class='ocrx_word' id='word_1_461' title='bbox 684 2975 758 3011; x_wconf 85' lang='lat'>460.</span> <span class='ocrx_word' id='word_1_462' title='bbox 783 2983 833 3004; x_wconf 88' lang='lat'>12.</span> <span class='ocrx_word' id='word_1_463' title='bbox 1086 2976 1308 3004; x_wconf 69' lang='lat' dir='ltr'>anerncmum</span> <span class='ocrx_word' id='word_1_464' title='bbox 1331 2976 1514 3004; x_wconf 69' lang='lat' dir='ltr'>Helvetium</span> <span class='ocrx_word' id='word_1_465' title='bbox 1541 2975 1651 3011; x_wconf 72' lang='lat' dir='ltr'>Eleyia</span> <span class='ocrx_word' id='word_1_466' title='bbox 1676 2973 1847 3009; x_wconf 76' lang='lat' dir='ltr'>Glaream&#39;3</span> 
     </span>
    </p>
   </div>
   <div class='ocr_carea' id='block_1_5' title="bbox 303 3015 1423 3056">
    <p class='ocr_par' dir='ltr' id='par_1_8' title="bbox 303 3015 1423 3056">
     <span class='ocr_line' id='line_1_46' title="bbox 303 3015 1423 3056; baseline 0.004 -14"><span class='ocrx_word' id='word_1_467' title='bbox 303 3022 355 3052; x_wconf 86' lang='lat'>57.</span> <span class='ocrx_word' id='word_1_468' title='bbox 379 3015 573 3055; x_wconf 72' lang='lat' dir='ltr'>sophistae]</span> <span class='ocrx_word' id='word_1_469' title='bbox 606 3016 674 3046; x_wconf 80' lang='lat' dir='ltr'>For</span> <span class='ocrx_word' id='word_1_470' title='bbox 701 3015 909 3047; x_wconf 80' lang='lat' dir='ltr'>Glareanus&#39;</span> <span class='ocrx_word' id='word_1_471' title='bbox 935 3017 1019 3048; x_wconf 84' lang='lat' dir='ltr'>feud</span> <span class='ocrx_word' id='word_1_472' title='bbox 1086 3018 1130 3049; x_wconf 83' lang='lat' dir='ltr'>ef.</span> <span class='ocrx_word' id='word_1_473' title='bbox 1149 3018 1211 3056; x_wconf 86' lang='lat' dir='ltr'>Ep.</span> <span class='ocrx_word' id='word_1_474' title='bbox 1231 3028 1307 3055; x_wconf 85' lang='lat'>440.</span> <span class='ocrx_word' id='word_1_475' title='bbox 1329 3026 1367 3054; x_wconf 82' lang='lat'>13</span> <span class='ocrx_word' id='word_1_476' title='bbox 1389 3027 1423 3047; x_wconf 87' lang='lat' dir='ltr'>n.</span> 
     </span>
    </p>
   </div>
  </div>
 </body>
</html>
