2073 3464
287 179 312 216 6
745 177 994 216 LETTERS
1037 177 1106 215 OF
1143 175 1407 215 ERASMUS
1750 176 1875 229 [1514

287 285 419 325 saeuit
441 285 555 324 dolor
577 285 706 324 nullis
727 285 994 335 explicandus
1014 284 1162 329 verbis,
1184 284 1363 322 maxime
1383 285 1419 323 si
1439 298 1588 334 corpus
1610 286 1874 326 inflexissem.

287 351 460 390 Erectus
488 351 629 389 minus
657 350 878 399 affligebar,
908 348 979 387 sed
1007 351 1149 387 tamen
1179 348 1267 397 ipse
1295 362 1363 387 me
1392 362 1477 387 non
1505 351 1692 398 poteram
1725 352 1879 402 erigere

287 415 414 454 semel
433 416 683 453 incuruatus.
746 415 871 452 Eram
891 413 978 452 illic
1004 413 1048 452 in
1074 413 1194 464 agris,
1219 413 1337 452 nulla
1361 413 1585 452 diuersoria
1605 414 1686 453 nisi
1704 415 1880 466 frigidis-

230 494 266 527 15
286 481 391 519 sima
419 482 460 518 et
487 479 772 526 rusticissima,
804 480 846 517 et
874 479 1041 517 aberam
1069 492 1093 516 a
1122 478 1319 517 Gandauo
1352 492 1425 517 sex
1457 478 1651 517 maximis
1683 493 1880 530 passuum

286 545 470 584 milibus.
527 544 646 583 Sensi
665 543 949 583 ambulatione
970 543 1110 582 minus
1128 543 1286 583 saeuire
1306 543 1477 591 malum,
1500 546 1541 582 et
1556 545 1695 582 tamen
1714 545 1881 594 longius

285 613 372 649 erat
391 610 469 648 iter
487 622 612 660 quam
632 611 678 648 vt
697 608 765 648 vel
785 622 808 647 a
828 622 928 648 sano
946 609 1123 658 pedibus
1143 609 1288 648 confici
1307 611 1457 659 posset.

340 674 484 725 Cogita
515 675 615 724 quid
647 674 753 712 mihi
785 673 854 712 hic
885 673 1012 712 fuerit
1043 674 1183 713 animi.
1238 674 1346 713 Voui
1380 674 1477 712 diuo
1511 674 1642 713 Paulo
1675 687 1742 713 me
1772 687 1880 714 com-

287 740 510 779 mentarios
529 740 575 778 in
595 739 816 789 epistolam
835 739 887 778 ad
907 739 1118 778 Romanos
1137 739 1440 787 absoluturum,
1465 739 1500 778 si
1520 739 1778 790 contingeret
1801 740 1880 779 hoc

228 821 266 842 20
284 805 457 855 periculi
493 806 674 844 euadere.
748 804 979 855 Aliquanto
1016 806 1111 854 post
1147 817 1242 843 cum
1276 804 1544 855 desperarem,
1585 806 1748 844 coactus
1785 818 1879 844 sum

285 871 461 921 experiri
489 884 592 909 num
621 883 774 921 equum
803 882 967 920 possem
996 870 1269 908 conscendere
1279 884 1289 917 3
1320 869 1538 908 conscendi
1566 871 1725 920 praeter
1750 883 1878 921 spem,

284 935 453 975 ambulo
480 935 602 983 lente,
629 936 740 983 fero3
769 935 890 973 iubeo
919 934 1164 973 ministrum
1192 934 1383 985 progredi
1411 934 1534 985 paulo
1563 935 1748 983 celerius,
1780 936 1878 983 fero,

285 1001 451 1040 tametsi
474 1014 558 1039 non
585 1001 675 1039 sine
701 1001 896 1039 cruciatu.
957 1000 1206 1038 Gandauum
1232 999 1436 1049 perueniO,
1460 1000 1661 1039 descendo
1688 1013 1738 1039 ex
1761 1014 1879 1051 equo,

285 1066 496 1117 ingredior
525 1065 788 1114 cubiculum3
818 1065 876 1103 ibi
907 1064 1022 1103 dolor
1049 1078 1092 1103 se
1120 1067 1255 1104 totum
1283 1064 1432 1115 prodit,
1464 1065 1643 1103 maxime
1673 1078 1698 1104 a
1730 1066 1878 1116 quiete.

227 1146 262 1177 25
286 1131 403 1170 Stare
427 1144 513 1170 non
538 1133 737 1180 poteram,
762 1129 842 1168 nisi
862 1142 885 1168 a
906 1130 1067 1169 duobus
1086 1130 1282 1180 vtrinque
1310 1130 1497 1169 sublatus
1522 1129 1567 1167 in
1593 1129 1736 1178 altum,
1757 1131 1880 1181 idque

285 1196 444 1245 valide3
483 1196 594 1246 quod
628 1197 663 1235 si
696 1196 764 1234 vel
802 1196 974 1246 paulum
1013 1209 1080 1234 me
1119 1195 1385 1243 remisissem,
1418 1195 1692 1234 intolerabilis
1721 1196 1880 1235 redibat

285 1261 411 1300 dolor.
470 1261 554 1300 Nec
573 1261 713 1300 sedere
732 1262 930 1311 poteram,
949 1260 1086 1299 iacens
1098 1273 1173 1298 nec
1187 1260 1401 1299 tantulum
1415 1273 1483 1298 me
1498 1261 1682 1310 poteram
1700 1273 1876 1300 mouere.

285 1329 462 1366 Accerso
488 1327 696 1366 medicum
722 1329 764 1365 et
789 1325 1163 1376 pharmacopolam.
1234 1325 1300 1365 Ita
1326 1325 1463 1364 modis
1489 1324 1686 1364 omnibus
1710 1325 1881 1365 affectus

285 1392 347 1431 fui
364 1394 411 1432 vt
431 1392 538 1430 nihil
557 1391 641 1431 nisi
661 1392 711 1430 de
732 1393 867 1430 morte
886 1391 1120 1441 cogitarem.

227 1472 267 1503 30
341 1457 460 1496 Mane
485 1457 587 1496 dum
611 1458 756 1496 aluum
782 1470 879 1507 paro
905 1456 1090 1504 deiicere,
1113 1455 1285 1507 paulum
1312 1469 1437 1495 conor
1460 1469 1526 1494 me
1554 1468 1720 1495 mouere
1745 1455 1879 1503 lecto;

286 1523 480 1573 procedit,
511 1524 586 1571 sto,
620 1535 777 1571 moueo,
811 1522 943 1568 sedeo,
975 1521 1093 1560 nullo
1122 1522 1367 1560 sustinente.
1425 1522 1518 1570 Ago
1547 1521 1698 1571 gratias
1725 1521 1810 1560 Deo
1839 1524 1881 1561 et

286 1588 429 1627 Paulo.
486 1587 627 1626 Manet
656 1588 790 1627 adhuc
820 1600 966 1626 sensus
994 1587 1105 1635 mali,
1136 1586 1318 1625 maxime
1345 1587 1382 1625 si
1411 1600 1560 1636 corpus
1590 1586 1879 1637 distorqueam-

286 1651 432 1702 Itaque
464 1652 652 1692 Gandaui
686 1652 772 1691 dies
800 1652 956 1702 aliquot
985 1654 1264 1691 commoratus
1294 1665 1400 1700 sum,
1432 1651 1577 1690 amicis
1605 1651 1880 1691 retinentibus

287 1719 326 1755 et
349 1715 459 1755 malo
488 1717 547 1756 ita
575 1718 797 1757 suadente:
833 1718 883 1756 de
913 1731 992 1767 quo
1021 1717 1209 1756 nondum
1238 1730 1405 1756 securus
1431 1731 1536 1756 sum.
1597 1717 1738 1768 Neque
1767 1717 1881 1756 enim

227 1788 265 1819 35
285 1781 452 1831 vulgare
473 1781 563 1827 fuit⁷
585 1782 780 1833 quicquid
801 1783 890 1821 fuit.
953 1782 1120 1821 Offendi
1139 1782 1207 1820 hic
1227 1782 1468 1821 Praesidem
1489 1782 1717 1831 Flandriae,
1741 1782 1879 1822 virum

285 1846 331 1885 in
347 1847 462 1885 omni
476 1847 694 1886 literarum
714 1861 859 1898 genere
878 1848 1176 1895 doctissimum,
1191 1850 1232 1886 et
1249 1848 1504 1886 consiliarios
1518 1848 1632 1897 duos,
1646 1848 1880 1887 Antonium

286 1911 456 1950 Clauam
490 1914 530 1951 et
563 1913 822 1952 Gulielmum
855 1913 1058 1961 Vualam3
1099 1926 1197 1951 nam
1232 1913 1448 1952 Caesarem
1478 1915 1519 1951 et
1549 1913 1652 1951 alios
1682 1913 1880 1963 quosdam

286 1979 407 2015 antea
426 1990 635 2016 noueram.
696 1978 815 2016 Nunc
836 1978 1171 2027 Hantuuerpiam
1190 1991 1367 2028 pergam,
1392 1979 1427 2017 si
1449 1979 1572 2017 modo
1594 1992 1667 2028 per
1685 1978 1880 2017 morbum

287 2041 449 2089 licebit3
489 2043 530 2080 et
562 2042 796 2093 vbicunque
834 2043 1018 2081 locorum
1053 2057 1133 2091 ero,
1170 2043 1338 2081 reddam
1368 2045 1410 2081 te
1441 2044 1490 2082 de
1521 2043 1758 2082 valetudine
1789 2057 1881 2083 mea

226 2119 269 2150 40
287 2106 513 2145 certiorem.
574 2108 686 2145 Bene
705 2108 806 2146 vale.

341 2171 580 2222 Principem
599 2172 840 2211 Veriensem
867 2172 1047 2211 salutaui
1074 2172 1219 2223 Bergis
1238 2186 1319 2211 vna
1345 2186 1439 2211 cum
1465 2175 1606 2221 matre,
1631 2173 1701 2211 sed
1728 2173 1880 2212 offendi

287 2237 542 2285 sollicitum3
571 2251 669 2276 nam
695 2251 795 2276 vxor
821 2251 845 2276 a
867 2239 987 2288 partu
1012 2237 1206 2276 nonnihil
1232 2238 1480 2288 aegrotabat,
1511 2239 1550 2276 et
1576 2238 1881 2277 nunciabantur

288 2315 337 2340 ex
360 2302 550 2341 Selandia
568 2315 713 2352 parum
732 2302 849 2341 laeta.
911 2303 1097 2341 Salutaui
1118 2303 1240 2342 illum
1259 2305 1331 2341 tuo
1352 2303 1523 2341 nomine
1546 2305 1586 2341 et
1611 2302 1810 2341 admonui
1830 2303 1881 2342 de

935 2417 986 2448 26.
1016 2427 1071 2448 me
1087 2420 1160 2448 add.
1178 2420 1218 2448 H.

335 2501 382 2531 18.
409 2499 699 2540 commentarios]
717 2499 768 2529 Cf.
787 2498 850 2538 Ep.
868 2499 946 2538 296.
966 2508 1036 2537 157.

332 2553 384 2583 35.
413 2543 618 2574 Praesidem
642 2541 852 2582 Flandriae]
875 2542 972 2573 John
1000 2543 1048 2573 Le

290 2587 466 2627 Sauvage;
490 2597 545 2618 see
563 2587 625 2626 Ep.
644 2596 718 2625 410.

331 2640 382 2670 37.
408 2629 572 2671 Clauam]
590 2630 655 2669 Ep.
675 2638 744 2668 175.
768 2639 808 2659 10
824 2638 859 2659 n.

376 2673 544 2714 Vualam]
581 2674 675 2704 Wm.
710 2672 753 2702 de
787 2672 920 2709 Waele,
954 2672 1047 2702 Lord

291 2716 329 2746 of
347 2716 569 2757 Hansebeke,
590 2727 610 2748 a
631 2716 838 2756 prominent
860 2715 989 2746 citizen
1015 2715 1051 2746 of

291 2759 421 2790 Ghent.
472 2761 516 2791 In
542 2760 776 2799 mid-August
803 2768 883 2798 1514
908 2759 953 2789 he
976 2768 1049 2789 was

290 2803 425 2833 elected
442 2803 518 2834 first
534 2803 661 2834 sheriff
671 2803 708 2834 of
721 2803 783 2834 the
799 2804 898 2833 court
915 2802 1049 2832 known

290 2856 327 2876 as
344 2846 392 2876 La
415 2846 554 2883 Keure;
581 2847 653 2877 and
677 2848 713 2877 at
738 2856 835 2877 some
858 2845 980 2885 period
1004 2846 1049 2876 he

290 2888 421 2919 visited
444 2889 506 2919 the
530 2890 624 2928 Holy
646 2889 747 2920 Land
770 2889 841 2921 and
865 2890 1005 2920 became
1030 2898 1050 2918 a

291 2932 351 2963 Kt.
382 2932 420 2962 of
447 2932 656 2963 Jerusalem.
715 2934 769 2972 By
796 2943 815 2962 2
842 2933 937 2963 June
967 2933 1050 2971 1518

292 2976 336 3005 he
373 2984 447 3005 was
478 2975 667 3006 Treasurer
705 2977 776 3006 and
812 2976 948 3007 ‘Garde
988 2976 1050 3006 des

291 3016 482 3049 Chartres'
513 3019 550 3049 of
583 3018 755 3049 Flanders
803 3018 980 3057 0110113111,
1010 3019 1048 3049 11.

1116 2500 1208 2539 530).
1257 2499 1309 2530 On
1327 2510 1346 2538 4
1362 2500 1457 2530 June
1476 2508 1558 2538 1532
1579 2499 1624 2530 he
1644 2508 1717 2530 was
1737 2500 1878 2530 created

1117 2553 1137 2573 a
1159 2543 1318 2573 member
1340 2543 1378 2573 of
1394 2543 1457 2574 the
1474 2542 1624 2574 Council
1646 2543 1684 2573 of
1696 2542 1881 2582 Flanders,

1117 2595 1154 2616 as
1188 2586 1247 2617 his
1281 2586 1400 2617 father
1433 2586 1505 2617 and
1538 2586 1773 2626 grandfather
1806 2587 1878 2618 had

1117 2630 1204 2660 been
1241 2629 1359 2660 before
1389 2629 1477 2662 him.
1534 2630 1579 2660 In
1615 2639 1710 2670 1539,
1742 2630 1876 2670 during

1117 2673 1179 2703 the
1196 2673 1352 2704 troubles
1368 2673 1408 2703 in
1425 2673 1558 2713 Ghent,
1575 2683 1621 2704 an
1637 2675 1789 2713 attempt
1806 2683 1879 2704 was

1117 2716 1219 2747 made
1230 2718 1266 2747 to
1277 2718 1387 2747 arrest
1396 2717 1485 2755 him,
1494 2717 1558 2747 but
1565 2717 1610 2747 he
1622 2726 1736 2748 seems
1745 2717 1877 2747 tohave

1117 2760 1274 2799 escaped.
1317 2760 1379 2790 See
1398 2760 1564 2799 Hoynck,
1586 2763 1729 2791 Analecta
1745 2762 1875 2798 Belyica,

1121 2812 1214 2843 1743,
1233 2802 1301 2833 vol.
1319 2803 1367 2842 vi,
1383 2813 1439 2843 pp.
1465 2804 1529 2842 378
1553 2814 1602 2842 11.,
1625 2804 1688 2842 384
1711 2812 1745 2835 n.
1768 2814 1774 2833 :
1807 2803 1875 2834 OE.

1119 2857 1151 2886 p.
1170 2856 1256 2885 4793
1280 2846 1351 2876 and
1369 2847 1480 2878 Lond.
1500 2848 1610 2878 xxvii.
1630 2856 1661 2885 5,
1679 2846 1749 2877 LB.
1770 2855 1865 2885 1230.

1205 2890 1408 2931 Caesarem]
1428 2890 1530 2921 Robt.
1549 2890 1591 2920 de
1610 2890 1763 2928 Keysere
1780 2899 1788 2927 ;
1819 2898 1876 2919 500

1119 2932 1208 2972 Epp.
1227 2942 1286 2972 175
1303 2933 1375 2963 and
1390 2943 1465 2972 525.

1161 2987 1212 3013 41.
1239 2976 1368 3017 matre]
1387 2978 1450 3007 See
1467 2977 1529 3016 Ep.
1548 2977 1590 3006 80
1608 2975 1741 3006 introd.

1161 3030 1212 3057 42.
1239 3019 1360 3060 partu]
1379 3020 1442 3050 See
1460 3020 1521 3058 Ep.
1541 3028 1583 3058 93
1602 3018 1731 3050 introd.
