2010 3417
200 172 279 211 602
669 168 919 207 LETTERS
957 168 1027 206 OF
1065 166 1334 206 ERAsMUs

523 325 563 364 2.
624 322 689 363 To
720 333 812 362 THE
844 321 1067 362 EPISTOLE
1096 320 1365 362 ELEGANTES
1399 319 1476 374 (c).

199 436 472 469 CLARISSIMO
502 437 543 466 D.
567 436 771 466 ANTONIO
800 435 983 466 CLAVAE
1012 434 1307 464 CONSILIARIO
1336 432 1608 463 FLANDRIAE
1630 433 1802 463 PETRVS

760 504 981 534 AEGIDIVS
1013 503 1235 534 SALVTEM.

254 589 372 637 QVOD
394 589 440 625 tu
462 586 579 637 petis,
603 584 868 624 ornatissime
887 585 1060 632 Antoni,
1083 584 1195 623 idem
1215 584 1367 623 cotidie
1386 583 1619 634 complures
1638 597 1662 623 a
1681 584 1803 622 nobis

200 653 437 704 efflagitant,
461 654 507 691 vt
528 651 636 702 quod
657 664 791 701 nuper
811 650 890 689 feci
907 651 952 688 in
973 649 1145 688 edendis
1163 650 1322 700 aliquot
1341 649 1578 700 insignibus
1603 650 1645 688 et
1673 649 1803 688 doctis

203 718 402 770 epistoliS,
428 717 541 757 idem
569 730 682 755 nunc
711 715 862 754 faciam
894 715 940 754 in
965 714 1059 754 aliis
1088 728 1191 765 quae
1221 715 1371 754 deinde
1401 715 1686 754 successerunt
1715 714 1804 753 illis

202 785 328 823 etiam
343 783 587 822 eruditiores
604 798 613 830 ;
638 781 790 832 quibus
808 782 919 820 inter
937 794 981 820 se
996 781 1281 821 amantissime
1296 780 1589 820 conflictantur
1603 780 1804 819 Erasmus

161 868 178 898 5
200 852 240 889 et
267 849 485 888 Budaeus:
518 847 853 899 quandoquidem
875 847 951 885 hac
979 847 1024 884 in
1049 847 1167 896 parte
1186 846 1543 897 typographorum
1569 859 1690 896 opera
1708 846 1803 886 scri-

201 916 349 953 barum
379 915 467 953 vice
500 914 682 961 vtimur;
722 914 785 951 tot
813 912 929 951 enim
957 912 1180 951 hominum
1208 913 1317 950 votis
1344 912 1414 951 vix
1453 914 1621 950 centum
1652 911 1803 950 notarii

202 981 417 1019 sufficiant.
457 981 549 1030 Age
574 979 735 1029 parebo,
753 980 795 1017 et
814 978 892 1017 hoc
912 977 1033 1016 officii
1052 977 1199 1016 multis
1218 977 1398 1027 quidem,
1417 978 1486 1016 sed
1507 977 1630 1017 vnius
1652 977 1803 1016 Clauae

200 1046 335 1094 titulo,
354 1044 574 1095 praestabo
591 1059 600 1093 ;
628 1056 864 1095 quanquam
880 1043 957 1081 hoc
973 1056 1070 1082 sane
1085 1043 1256 1081 nomine
1272 1043 1595 1094 haudquaquam
1608 1055 1803 1092 magnam

199 1112 382 1150 initurus
393 1110 569 1161 gratiam
589 1109 697 1160 apud
719 1109 944 1148 Erasmum
963 1122 1116 1159 meum,
1135 1109 1205 1159 qui
1224 1108 1466 1147 huiusmodi
1484 1107 1544 1158 (vt
1564 1107 1636 1146 ille
1655 1107 1804 1147 solitus

143 1192 181 1214 10
200 1179 263 1216 est
282 1175 503 1227 appellare)
530 1189 665 1226 nugas
688 1175 894 1226 grauatim
912 1174 1070 1225 patitur
1088 1174 1289 1225 euulgari‚
1310 1188 1362 1213 ne
1383 1174 1510 1224 quain
1529 1187 1673 1213 ansam
1692 1187 1802 1224 prae—

199 1244 292 1281 beat
330 1242 621 1291 φιλολοιδόροις.
702 1241 794 1280 Scio
847 1252 979 1291 quum
1016 1240 1109 1279 aliis
1133 1239 1308 1279 eruditis
1341 1239 1549 1288 omnibus,
1589 1241 1682 1278 tum
1722 1239 1801 1278 tibi

201 1307 483 1346 eruditissimo
521 1306 789 1345 vehementer
826 1305 914 1344 fore
944 1305 1175 1344 iucundum
1218 1305 1500 1355 spectaculum
1527 1304 1670 1344 videre
1703 1304 1805 1343 duos

201 1374 436 1412 litterarum
470 1385 668 1422 proceres
691 1372 868 1411 alterum
895 1385 918 1410 a
945 1371 1088 1420 Gallis,
1120 1371 1300 1411 alterum
1323 1385 1346 1410 a
1381 1369 1650 1420 nostratibus,
1672 1370 1803 1410 veluti

203 1439 248 1477 in
278 1439 455 1489 quodam
487 1438 744 1488 eloquentiae
774 1450 919 1487 campo
948 1436 1202 1485 commissos,
1230 1436 1291 1474 sic
1320 1436 1406 1475 suis
1434 1437 1644 1486 vtrunque
1672 1435 1800 1475 virtu-

143 1519 180 1550 15
204 1504 328 1553 tibus,
362 1504 502 1554 eisque
531 1504 709 1543 diuersis
737 1504 979 1550 maximum,
1011 1504 1058 1540 vt
1087 1501 1253 1540 dubites
1276 1503 1418 1540 vtrum
1446 1501 1530 1540 vtri
1558 1503 1796 1551 anteponas,

201 1569 271 1608 sed
314 1571 456 1608 tamen
494 1582 821 1618 vnumquenque
863 1568 921 1607 sic
964 1567 1129 1605 mireris
1168 1569 1212 1605 vt
1233 1565 1474 1618 Lsummum.
1545 1566 1657 1605 Bene
1694 1565 1796 1613 vale,
1834 1588 1841 1596 ·

198 1635 431 1674 doctissime
457 1634 594 1674 Claua.

254 1701 511 1750 Antuerpiae
531 1700 652 1739 tertio
675 1700 816 1737 Nonas
836 1698 1014 1737 Martias.
1074 1699 1211 1736 Anno.
1236 1709 1434 1735 M.1›.xvn.

644 1904 683 1944 3.
746 1901 808 1943 To
840 1913 932 1942 THE
962 1902 1245 1943 Acc‘rAiucM
1282 1902 1357 1955 (D).

238 2017 409 2047 BEATVS
441 2016 686 2046 RHENANVS
718 2016 948 2047 MICHAELI
980 2015 1311 2046 HVMELBERGIO
1344 2013 1763 2055 RAVENSPVRGENSI,

425 2085 769 2116 IVRECONSVLTO
802 2085 969 2115 LATINE
997 2084 1268 2121 GRAECEQVE
1300 2084 1456 2123 DOCTO,
1489 2084 1522 2113 S.
1544 2083 1587 2113 D.

257 2169 384 2216 Avm,
409 2166 587 2206 Michael
617 2167 783 2217 optime,
803 2180 927 2217 quam
946 2167 1079 2206 audax
1108 2167 1268 2206 facinus
1297 2166 1499 2217 proximis
1525 2165 1671 2205 diebus
1693 2165 1802 2205 desi-

203 2233 379 2283 gnarim.
440 2234 664 2272 Erasmum
685 2232 1054 2282 incomparabilem
1079 2232 1203 2271 illum
1227 2233 1485 2283 optimorum
1504 2231 1740 2271 studiorum
1759 2235 1803 2271 et

202 2299 408 2337 extinctae
435 2298 737 2348 propemodum
769 2298 999 2348 theologiae
1025 2297 1237 2337 vindicem
1264 2297 1497 2347 compilaui.
1569 2296 1669 2345 Hui,
1701 2296 1802 2348 quid

202 2364 280 2403 hoc
309 2377 442 2403 nouae
475 2364 536 2401 rei
570 2366 632 2402 est
644 2366 664 2402 ἱ)
692 2364 879 2414 inquies:
921 2364 1032 2403 ludis
1061 2377 1129 2402 me
1154 2364 1305 2403 forsan.
1365 2363 1461 2402 Imo
1492 2362 1599 2401 serio
1629 2363 1805 2415 loquor:

165 2443 183 2473 5
206 2429 342 2478 paucis
373 2442 462 2468 rem
495 2429 641 2479 accipe.
700 2429 858 2468 Nactus
887 2442 982 2468 sum
1014 2429 1082 2468 hic
1114 2443 1165 2468 ex
1195 2428 1361 2468 Erasmi
1393 2428 1644 2468 bibliotheca
1669 2442 1802 2479 nuper

204 2494 381 2544 propitio
409 2494 613 2533 Mercurio
641 2494 858 2533 fasciculos
885 2495 1042 2545 aliquot
1068 2494 1334 2545 epistolareis,
1357 2508 1378 2533 e
1399 2494 1550 2545 quibus
1575 2494 1802 2533 nonnullas

207 2560 349 2598 statim
369 2559 562 2609 epistolas
591 2559 763 2609 sublegi,
786 2573 935 2610 nempe
954 2560 1230 2610 insignioreis,
1253 2573 1429 2611 quarum
1455 2559 1569 2598 illius
1594 2560 1796 2610 quaedam

205 2626 312 2672 sunt,
337 2624 540 2673 quaedam
560 2624 898 2664 doctissimorum
917 2625 1043 2664 huius
1061 2627 1154 2664 aeui
1172 2626 1359 2664 virorum
1380 2625 1464 2664 illis
1491 2625 1798 2675 respondentes.

204 2689 424 2728 Animauit
443 2693 586 2728 autem
604 2690 655 2729 ad
675 2690 752 2729 hoc
778 2704 846 2729 me
878 2690 1039 2730 furtum
1067 2691 1113 2729 in
1138 2691 1287 2742 primis
1313 2690 1424 2741 quod
1448 2690 1802 2740 quemadmodum

151 2765 186 2786 10
203 2751 343 2791 beatos
373 2753 475 2791 istos
502 2753 624 2791 rebus
650 2766 771 2791 omne
796 2766 930 2803 genus
957 2753 1310 2793 cumulatissimos
1334 2753 1535 2802 quaedam
1560 2753 1688 2792 etiam
1711 2752 1802 2792 sub·

204 2816 287 2855 lata
304 2817 466 2866 fallunt,
485 2818 543 2856 sic
560 2819 794 2864 >Erasmum
819 2821 896 2859 τοῖς
922 2821 994 2858 τῶν
1013 2821 1179 2858 Μουσῶν
1198 2820 1403 2869 κειμηλίοις
1427 2818 1799 2858 instructissimum

205 2895 288 2919 non
306 2895 524 2922 sensurum
543 2884 751 2933 putabam,
775 2884 939 2923 etiamsi
958 2884 1115 2935 aliquid
1134 2884 1421 2925 sustulissem:
1451 2883 1597 2923 deinde
1609 2883 1717 2934 quod
1729 2883 1797 2923 hic

209 2947 274 2985 vir
291 2961 357 2986 me
376 2949 518 2987 minus
540 2949 708 3000 quidem
735 2952 965 2988 merentem
987 2950 1047 2989 sic
1076 2953 1188 2990 amat
1217 2963 1267 2988 ex
1291 2950 1429 2991 animo
1453 2951 1500 2989 vt
1528 2948 1656 2989 etiam
1682 2948 1727 2989 in
1757 2962 1800 2988 se

812 3035 843 3065 3.
865 3045 912 3066 12.
937 3044 1128 3067 censurum
1144 3034 1198 3068 D².
