2010 3417
289 148 367 188 148
753 144 1001 184 LETTERS
1039 143 1108 182 OF
1145 142 1409 183 ERASMUS
1749 141 1788 196 [1
1797 155 1818 193 5
1827 156 1842 182 1
1852 154 1874 192 5

288 258 325 287 to
340 256 471 287 Zasius.
516 253 591 284 The
612 253 719 284 letter
742 261 814 282 was
836 251 972 282 carried
993 252 1040 290 by
1056 250 1296 290 Engelbrecht
1313 250 1391 291 (Ep.
1414 251 1488 289 366.
1508 250 1554 290 1),
1573 249 1655 281 who
1673 260 1771 282 came
1787 252 1876 283 back

289 299 380 329 from
397 298 567 336 Freiburg
585 297 691 327 about
708 305 746 326 21
766 295 861 334 Sept.
882 294 941 335 (cf.
959 294 1023 334 Ep.
1039 302 1114 333 357.
1134 303 1175 333 23
1191 303 1263 333 seq.
1280 293 1352 324 and
1370 293 1541 324 Froben’s
1557 292 1664 324 letter
1682 295 1818 333 quoted
1835 296 1875 327 in

288 342 311 373 1.
331 351 350 380 5
368 351 402 372 n.
423 340 665 380 complaining
682 338 719 369 of
733 336 999 378 Engelbrecht’s
1016 338 1232 368 non-return
1252 336 1343 367 from
1365 336 1479 377 leave)
1502 336 1575 367 and
1591 345 1704 368 seems
1725 339 1762 368 to
1785 338 1875 369 have

289 383 458 415 returned
476 383 576 413 there
592 382 698 422 again
711 391 805 412 soon.
853 381 899 412 In
916 390 987 420 any
998 390 1075 412 case
1089 380 1151 412 the
1164 389 1301 412 answer
1318 381 1354 411 to
1370 380 1434 420 Ep.
1451 388 1514 420 357
1531 380 1664 411 cannot
1680 379 1770 412 have
1786 380 1876 412 been

286 429 371 467 long
387 426 547 466 delayed.

770 511 977 542 ERASMVS
1009 511 1138 542 ZASIO
1171 511 1254 541 SVO
1286 511 1320 542 S.
1348 511 1389 540 D.

341 582 388 620 S1
418 595 498 632 quo
518 584 635 631 pacto
654 581 799 620 liceret
818 595 868 620 ex
887 581 964 620 hoc
990 581 1154 620 euolare
1172 581 1359 631 pistrino,
1384 581 1493 631 quod
1515 580 1683 631 quidem
1701 580 1878 620 facerem

288 646 563 697 cupidissime,
587 646 734 685 malim
755 648 872 686 extra
890 646 1134 697 nuptiarum
1154 647 1322 697 tempus
1339 647 1381 684 te
1396 646 1537 695 visere,
1557 659 1636 696 quo
1654 647 1769 684 totus
1791 647 1878 685 toto

287 714 327 750 te
346 711 428 750 frui
447 725 620 762 possem.
682 712 802 751 Nunc
828 712 873 750 in
898 713 1016 751 tanta
1041 711 1262 750 hominum
1290 711 1411 750 turba
1437 711 1636 762 quantula
1655 710 1719 750 tui
1743 711 1879 761 portio

288 776 437 816 rediret
469 777 518 816 ad
552 779 660 817 nos?
714 778 835 816 Mitto
869 776 1141 817 Enchiridion
1175 777 1410 827 nuperrime
1443 789 1654 816 excusum.
1725 776 1879 816 Beatus

252 863 269 897 5
287 843 376 893 pari
405 843 619 893 diligentia
646 846 686 882 te
716 843 914 882 resalutat
930 858 940 891 ;
981 843 1097 882 adest
1125 844 1166 881 et
1196 842 1430 881 Gerbellius
1458 844 1498 881 et
1528 841 1876 892 oecolampadius.

289 909 404 947 Bene
423 909 522 958 vale,
548 910 612 947 vir
638 908 926 948 eruditissime.
987 908 1138 947 Precor
1162 910 1207 946 vt
1231 908 1376 958 nuptie
1401 907 1486 946 filie
1513 909 1583 946 tue
1611 907 1689 946 tibi
1714 908 1880 959 tuisque

288 974 373 1013 sint
391 974 596 1025 voluptati
615 976 766 1024 pariter
785 987 830 1013 ac
849 973 966 1013 bono.

342 1045 663 1096 Incomparabili
684 1044 726 1083 ll.
753 1045 920 1084 Doctori
942 1044 1070 1083 Zasio.
1130 1043 1332 1094 Friburgi.

553 1164 742 1220 322359362
803 1164 935 1206 FROM
968 1164 1248 1205 WILLIBALD
1281 1163 1619 1205 PIROKHEIMER.

334 1254 520 1290 Deventer
538 1254 611 1290 MS.
633 1265 689 1300 91,
708 1256 733 1292 f.
756 1265 831 1301 105.
1522 1254 1767 1301 Nuremberg.

335 1313 405 1347 LB.
425 1312 521 1358 App.
540 1315 595 1358 83.
1459 1323 1473 1348 1
1496 1312 1657 1349 October
1677 1312 1833 1360 (1515).

552 1404 824 1435 BILIBALDVS
855 1404 1187 1436 PIRCKHEYMER
1220 1404 1398 1435 ERASMO
1430 1404 1558 1435 ROTE.
1586 1405 1620 1434 S.

340 1485 432 1534 QvA
458 1486 588 1524 animi
607 1486 819 1536 voluptate
848 1487 1001 1536 priores
1022 1499 1065 1525 ac
1085 1485 1333 1525 nouissimas
1359 1488 1451 1525 tuas
1478 1498 1523 1524 ac
1550 1486 1881 1536 exoptatissimas

284 1563 328 1589 ac
356 1550 576 1601 plusquam
605 1553 740 1600 gratas
769 1551 994 1601 acceperim
1022 1551 1191 1599 litteraS,
1221 1550 1299 1589 etsi
1322 1551 1474 1590 vellem
1503 1551 1743 1601 exprimere,
1770 1551 1880 1591 haud

283 1628 470 1665 possem3
513 1619 553 1654 et
592 1617 628 1654 si
665 1629 836 1666 possem,
879 1617 1020 1655 minus
1057 1618 1196 1655 tamen
1235 1616 1341 1655 mihi
1378 1616 1522 1655 fecisse
1559 1616 1718 1656 viderer
1756 1630 1880 1667 quam

286 1680 467 1730 dignatio
505 1683 578 1719 tua
614 1681 981 1731 beneuolentiaque
1018 1694 1109 1719 mea
1144 1680 1433 1731 expostularet.
1503 1682 1564 1720 At
1595 1683 1737 1721 tamen
1774 1683 1881 1733 prio-

248 1763 264 1793 5
286 1745 402 1784 ribus
427 1746 515 1784 tuis
539 1746 624 1784 iam
653 1746 813 1796 pridem
840 1747 1042 1796 respondi,
1072 1746 1314 1796 ostendique
1340 1759 1465 1797 quam
1490 1746 1573 1786 leto
1596 1747 1735 1786 animo
1764 1750 1881 1787 tuam

286 1811 514 1850 amiciciam
533 1813 619 1850 tam
640 1811 823 1850 humane
849 1825 895 1850 ac
920 1812 1094 1850 faciliter
1119 1812 1226 1850 mihi
1252 1811 1433 1850 oblatam
1458 1812 1767 1862 acceptauerim.
1827 1814 1882 1853 Et

286 1876 481 1925 quoniam
510 1878 601 1915 tum
633 1877 840 1916 scribebas
868 1877 1130 1915 Britanniam
1159 1879 1199 1916 te
1228 1877 1469 1927 petiturum,
1501 1877 1718 1928 epistolam
1746 1892 1882 1918 meam

285 1954 358 1990 per
378 1944 583 1980 oratorem
604 1943 841 1992 Anglicum‚
864 1944 933 1993 qui
954 1943 1170 1982 Caesarem
1190 1943 1383 1993 sequitur,
1406 1942 1450 1981 in
1470 1942 1733 1983 Britanniam
1760 1945 1883 1993 misi3

284 2019 430 2044 verum
451 2007 547 2056 quia
575 2007 620 2045 in
641 2008 862 2046 Germania
890 2008 1124 2057 substitisti,
1151 2007 1344 2047 coniicere
1369 2008 1465 2047 licet
1490 2008 1607 2048 illam
1634 2008 1713 2047 tibi
1741 2009 1883 2049 minus

227 2091 266 2112 10
285 2071 567 2120 consignatam
601 2085 698 2111 esse.
759 2073 952 2112 Breuiter
980 2073 1116 2123 itaque
1144 2087 1248 2123 quae
1276 2075 1368 2112 tum
1395 2073 1542 2123 scripsi
1578 2087 1689 2113 nunc
1727 2077 1878 2124 repeto,

283 2135 426 2184 vtpote
464 2147 566 2184 quae
603 2135 710 2173 mihi
748 2149 830 2174 non
862 2135 998 2174 solum
1037 2135 1081 2174 in
1120 2148 1187 2174 ore
1221 2136 1291 2174 sed
1325 2138 1367 2174 et
1398 2135 1482 2175 imo
1519 2138 1681 2186 pectore
1719 2149 1882 2187 semper

284 2199 492 2238 recondita
511 2199 739 2239 manebunt
755 2215 764 2248 3
793 2201 1004 2240 neminem
1024 2200 1215 2239 videlicet
1234 2214 1283 2239 ex
1303 2201 1416 2239 omni
1436 2201 1673 2240 viuentium
1692 2215 1878 2251 numero,

285 2266 325 2302 et
345 2277 396 2303 ne
416 2278 533 2314 roges
553 2265 729 2315 quidem,
753 2265 841 2304 eius
868 2267 976 2315 apud
996 2279 1061 2304 me
1084 2278 1171 2305 esse
1195 2266 1525 2315 existimationis,
1547 2266 1662 2305 cuius
1681 2267 1881 2306 Erasmus

285 2330 531 2380 iampridem
556 2331 606 2369 ob
634 2330 874 2370 innumeras
893 2331 1071 2370 virtutes
1099 2331 1237 2370 animo
1266 2344 1357 2370 meo
1387 2331 1627 2380 destinatus,
1652 2345 1763 2371 nunc
1783 2346 1881 2372 vero

352 2417 429 2448 358.
458 2426 484 2448 1.
509 2420 558 2448 E:
584 2417 739 2457 pristino
756 2429 787 2449 α,
910 2428 938 2457 7.
965 2419 1100 2458 pariter
1118 2427 1157 2449 ac
1174 2418 1265 2449 bono
1280 2421 1354 2449 add.
1376 2421 1414 2450 E.
1545 2419 1575 2450 8.
1603 2419 1881 2459 Incomparabili

292 2485 298 2490 .
317 2482 325 2490 .
343 2484 351 2491 .
370 2460 534 2500 'Friburgi
549 2471 608 2492 om.
625 2463 664 2493 E.

332 2559 405 2590 358.
444 2570 473 2598 4.
511 2559 767 2600 Enchiridion]
792 2561 838 2592 In
863 2560 926 2592 the
948 2563 1052 2593 Lucu·
1121 2561 1255 2592 bessert
1272 2561 1364 2591 euch
1381 2560 1456 2591 vnd
1472 2570 1556 2592 vnss
1572 2560 1692 2593 allen.'

291 2606 463 2638 brationes:
489 2603 532 2634 cf.
552 2603 614 2643 Ep.
634 2613 709 2642 342.
728 2604 770 2633 28
783 2614 819 2635 n.
1165 2604 1239 2636 359.
1260 2614 1288 2636 1.
1306 2604 1458 2653 priores]
1483 2605 1547 2645 Ep.
1564 2615 1639 2645 322.

332 2655 362 2684 5.
381 2646 599 2687 Gerbellius]
617 2647 667 2678 Cf.
679 2647 858 2678 aletterof
869 2648 901 2678 J.
914 2648 1051 2679 Froben
1208 2647 1441 2689 nouissunas]
1479 2649 1571 2680 from
1616 2648 1798 2689 Mechlin3
1835 2649 1877 2680 cf.
1936 2664 1939 2667 Δ

290 2691 326 2719 to
357 2689 526 2721 Boniface
555 2690 768 2730 Amorbach,
795 2691 902 2722 dated
935 2692 1048 2725 Basle,
1121 2691 1143 2722 l.
1167 2692 1205 2722 18
1222 2691 1293 2722 and
1309 2691 1371 2731 Ep.
1389 2693 1464 2730 362.
1482 2702 1533 2732 23.

292 2742 332 2762 22
343 2733 436 2772 Sept.
455 2742 536 2772 1515
548 2733 668 2774 (Basle
679 2735 750 2765 MS.
765 2735 804 2766 G.
819 2735 869 2767 II.
885 2734 957 2774 29):
976 2735 1056 2766 ‘Vff
1164 2745 1193 2773 7.
1212 2735 1418 2776 epistolam]
1443 2735 1508 2775 Ep.
1525 2736 1624 2775 326A.

292 2775 445 2807 Matthei
463 2778 510 2807 ist
533 2777 662 2808 komen
687 2778 965 2818 Ycolampadius
981 2788 1051 2809 von
1162 2778 1191 2810 8.
1249 2780 1424 2810 oratorem
1478 2779 1688 2820 Anglicum]
1748 2778 1878 2810 Robert

293 2817 520 2859 Heidelperg‚
547 2821 638 2852 auch
661 2821 826 2853 Nicolaus
852 2821 1052 2854 Gerbellius
1121 2821 1317 2862 Wingfield
1334 2833 1342 2861 ;
1377 2822 1421 2854 cf.
1440 2822 1506 2862 Ep.
1521 2824 1619 2862 326A.
1635 2833 1675 2853 21
1694 2832 1728 2853 n.

292 2870 360 2891 von
398 2862 618 2903 Strassburg,
642 2864 717 2895 vnd
747 2865 878 2896 wollen
909 2866 980 2896 mir
1010 2875 1052 2896 zu
1163 2875 1193 2905 9.
1243 2865 1455 2907 substitisti]
1507 2866 1553 2898 In
1599 2866 1745 2905 writing
1789 2866 1880 2896 from

294 2902 389 2933 Hilff
426 2905 556 2937 komen
588 2908 638 2937 im
678 2908 778 2939 Nouo
809 2908 1049 2948 Testamento,
1121 2908 1280 2940 Mechlin
1310 2909 1480 2940 Erasmus
1507 2909 1692 2947 evidently
1713 2908 1785 2939 had
1815 2911 1879 2939 not

294 2946 368 2976 vnd
384 2947 464 2979 sind
482 2950 519 2979 in
536 2959 657 2989 meym
678 2952 794 2983 sts.
835 2951 971 2983 Hetten
984 2953 1052 2984 wir
1120 2953 1235 2983 stated
1269 2953 1349 2984 that
1380 2953 1425 2983 he
1457 2953 1528 2983 had
1559 2951 1694 2983 carried
1725 2954 1786 2983 out
1822 2952 1881 2983 his

292 2988 441 3021 solliche
478 3000 629 3023 menner
666 3003 736 3025 von
775 2997 847 3026 erst
883 2996 1050 3035 gehebpt,
1120 2995 1299 3035 projected
1315 2996 1400 3027 visit
1425 2997 1461 3027 to
1485 2994 1659 3036 England.
