2010 3417
125 292 186 323 475

125 611 189 648 480

127 1272 191 1304 490

131 1600 192 1633 495

208 167 286 204 574
683 164 934 221 LETTERS
973 164 1041 202 OF
1079 162 1344 203 ERASMUS
1684 163 1808 217 [1517

208 279 349 325 multa,
373 282 463 316 tum
485 277 536 314 ob
557 275 600 313 id
617 272 831 324 praecipue
852 272 960 321 quod
980 272 1070 310 eius
1095 271 1248 311 laboris
1274 272 1436 311 fructus
1455 272 1657 311 latissime
1675 276 1812 322 patere

209 347 247 382 et
294 344 344 382 ad
391 341 593 392 plurimos
641 338 923 376 studiosorum
969 337 1175 387 pertinere
1224 336 1521 385 dictitabatur3
1568 337 1627 376 ita
1673 339 1811 377 nescio

208 407 412 457 quomodo
433 408 545 456 piget
566 417 669 454 opus
695 401 767 441 diu
794 402 973 441 desitum
998 403 1083 440 iam
1104 415 1149 440 ac
1175 416 1281 452 pene
1309 402 1551 441 derelictum
1578 403 1808 443 retractare.

207 473 395 522 quodque
423 468 698 510 tumultuosis
735 467 975 517 primordiis
1006 467 1181 506 memini
1214 481 1302 506 esse
1333 467 1585 506 inchoatum.
1643 468 1698 507 In
1731 482 1812 519 quo

206 551 304 576 sane
333 550 470 575 meam
500 535 664 585 culpam
689 536 731 572 et
756 546 932 583 agnosco
961 534 1002 570 et
1027 533 1222 583 deprecor
1249 534 1299 583 (si
1327 534 1455 571 etiam
1474 547 1586 572 nunc
1605 534 1813 584 deprecari

206 602 340 651 liceat)
361 603 433 652 qui
452 600 646 651 flagranti
664 601 757 637 tum
776 598 916 636 animo
944 598 1152 638 moderari
1177 612 1263 637 non
1289 600 1419 648 potui,
1443 612 1522 649 quo
1547 599 1690 638 minus
1708 599 1812 638 iuris

206 668 449 718 prudentiae
477 678 644 705 causam
672 664 788 704 velut
817 664 861 701 in
889 664 1063 702 concilio
1091 664 1354 714 antiquitatis
1381 664 1610 714 peritorum
1635 678 1809 715 agerem,

207 747 301 772 cum
316 746 460 772 eorum
481 731 703 770 hominum
723 730 909 768 conuicio
929 729 1002 779 qui
1021 728 1123 767 iuris
1139 729 1274 768 ciuilis
1288 729 1550 768 maiestatem
1562 730 1813 769 imminuere

207 799 422 848 ledereque
460 811 545 836 non
584 796 853 835 verebantur:
900 794 1050 844 quibus
1088 796 1134 832 vt
1172 795 1274 844 ipsis
1311 795 1355 833 in
1393 796 1551 834 crimen
1584 795 1628 834 id
1656 796 1762 835 verti
1790 810 1813 835 a

207 864 421 903 nonnullis
457 862 664 911 videbam,
704 861 762 899 ita
800 861 1013 899 neminem
1051 861 1186 900 adhuc
1224 861 1414 899 extitisse
1447 861 1628 900 sciebam
1662 862 1733 911 qui
1763 876 1812 900 ex

176 946 186 953 -
208 930 389 968 formula
413 930 555 978 legum
582 927 812 978 postulatos
836 925 962 965 etiam
988 928 1201 976 perageret
1226 940 1317 965 reos
1343 927 1589 966 criminibus
1615 927 1814 966 enarratis

211 1008 361 1033 corona
380 994 625 1033 exaudiente
647 1006 691 1031 ac
710 991 917 1031 iudicibus
937 992 1075 1031 missis
1094 991 1140 1030 in
1167 992 1403 1031 consilium.
1476 993 1530 1031 In
1550 1006 1617 1032 eos
1647 993 1813 1032 dicendi

208 1061 364 1111 primas
402 1062 539 1110 partes
569 1058 766 1108 occupaui
798 1057 996 1096 libentius
1033 1070 1134 1096 sane
1172 1060 1294 1108 atque
1329 1058 1505 1097 alacrius
1538 1071 1664 1108 quam
1701 1071 1813 1096 nunc

209 1127 382 1165 alteram
404 1125 612 1164 actionem
633 1122 863 1173 suscipiam.
915 1122 960 1161 Si
975 1123 1066 1173 quis
1081 1137 1179 1162 vero
1195 1124 1302 1163 alius
1320 1124 1473 1162 existat
1485 1124 1559 1174 qui
1572 1124 1647 1162 has
1661 1123 1742 1162 sibi
1755 1124 1813 1162 vi·

210 1205 274 1229 ces
291 1192 493 1241 deposcat,
512 1192 571 1229 est
591 1189 670 1228 alia
690 1189 774 1227 iam
795 1188 905 1226 mihi
923 1188 1119 1227 instituta
1139 1189 1445 1237 commentatio,
1464 1203 1566 1239 quae
1581 1189 1714 1227 animi
1732 1188 1815 1227 mei

211 1257 517 1296 contentionem
547 1269 570 1294 a
598 1255 771 1294 lectione
800 1254 904 1293 iuris
932 1255 1121 1293 auocauit
1149 1254 1196 1292 in
1226 1255 1463 1303 diuersum3
1493 1255 1720 1304 iuuantque
1746 1268 1814 1293 me

211 1324 344 1373 magis
364 1336 409 1361 ea
429 1321 638 1361 scribendi
657 1322 902 1370 argumenta
923 1333 1024 1370 quae
1045 1333 1130 1358 non
1146 1322 1234 1358 tam
1252 1321 1440 1371 angustis
1466 1321 1620 1359 finibus
1647 1320 1814 1358 circum-

212 1389 363 1438 scripta
400 1390 523 1426 sunt:
570 1400 703 1436 neque
741 1387 852 1425 enim
890 1399 1058 1424 mouere
1097 1400 1139 1424 se
1177 1386 1305 1425 libere
1352 1386 1632 1436 expatiarique
1679 1387 1814 1436 potest

211 1454 377 1492 animus
389 1453 564 1491 lectione
578 1452 701 1502 longa
714 1464 760 1489 ac
775 1450 1002 1499 multiplici
1016 1451 1134 1500 quasi
1146 1451 1353 1501 farragine
1365 1452 1512 1490 obesus
1524 1453 1566 1489 et
1581 1450 1811 1498 lasciuiens,

213 1519 293 1558 nisi
312 1519 392 1557 late
418 1520 631 1569 patentem
660 1516 877 1555 materiam
904 1515 1035 1554 veluti
1061 1529 1256 1566 campum
1282 1517 1462 1555 liberum
1487 1519 1528 1555 et
1553 1512 1742 1566 apertum
1761 1516 1811 1554 ad

213 1585 497 1624 excursionem
516 1583 674 1621 habeat.
748 1581 891 1630 Neque
912 1582 989 1619 hoc
1008 1595 1093 1620 non
1112 1595 1200 1620 esse
1219 1582 1372 1621 vitium
1391 1582 1603 1621 interdum
1623 1581 1813 1631 intelligo

212 1650 342 1688 animi
379 1662 527 1699 parum
564 1647 675 1697 frugi
712 1647 874 1696 sibique
911 1647 1170 1696 indulgentis
1208 1647 1524 1697 imprudentius,
1570 1647 1639 1685 sed
1680 1647 1716 1685 si
1762 1646 1813 1685 ad

212 1728 402 1754 normam
432 1714 666 1753 seueritatis
697 1713 738 1751 et
770 1711 1023 1762 frugalitatis
1053 1712 1214 1761 adigere
1247 1713 1535 1762 moderarique
1567 1713 1814 1762 gestientem

213 1782 359 1819 stilum
398 1780 441 1818 in
480 1780 675 1819 'animum
722 1777 971 1826 induxerim,
1023 1791 1119 1815 cum
1167 1791 1334 1816 omnem
1382 1777 1514 1816 animi
1561 1777 1814 1816 alacritatem

213 1846 456 1886 abstulerim
485 1847 526 1884 et
554 1845 726 1883 fortasse
751 1844 942 1881 ieiunum
969 1856 1248 1893 exuccumque
1275 1843 1538 1891 reddiderim,
1569 1845 1662 1882 tum
1685 1842 1816 1881 etiam

213 1926 305 1951 meo
326 1911 458 1950 Genio
479 1911 774 1960 Mineruaeque
799 1909 1092 1958 repugnarim:
1122 1909 1164 1947 id
1195 1909 1305 1958 quod
1334 1908 1439 1947 mihi
1459 1909 1503 1947 in
1529 1922 1616 1947 eam
1646 1921 1815 1947 causam

214 1977 351 2016 valere
371 1977 464 2015 volo
486 1989 611 2026 quam
632 1989 728 2013 cum
747 1975 920 2013 Erasmo
941 1974 1098 2012 dudum
1125 1974 1171 2012 in
1197 1974 1399 2013 iudicium
1420 1974 1583 2013 deduxi.
1657 1973 1816 2012 Verum

214 2043 427 2082 enimuero
467 2055 597 2091 quum
640 2041 751 2079 hunc
793 2039 898 2077 mihi
940 2040 1122 2079 laborem
1170 2039 1409 2078 lucrifacere
1455 2040 1676 2089 animoque
1723 2052 1817 2078 meo

215 2107 385 2157 obsequi
431 2107 539 2145 hanc
586 2119 751 2156 operam
799 2105 1045 2143 detrectanti
1090 2118 1164 2155 per
1205 2119 1349 2144 eorum
1386 2105 1517 2144 veluti
1563 2105 1816 2144 creditorum

216 2173 514 2223 flagitationem
544 2185 632 2210 non
665 2172 796 2217 liceat,
832 2171 939 2221 quod
968 2183 1034 2209 me
1060 2171 1109 2209 de
1139 2170 1439 2220 pollicitatione
1465 2169 1682 2209 temeraria
1704 2169 1816 2208 iden-

137 2267 151 2278 „
183 2257 193 2262 -
214 2239 348 2277 tidem
368 2238 591 2288 appellant,
619 2237 882 2287 ipsorumque
908 2236 1008 2275 adeo
1036 2236 1138 2274 iuris
1162 2236 1455 2284 studiosorum,
1479 2248 1580 2286 quos
1598 2235 1683 2274 iam
1703 2235 1816 2284 ipsos

215 2317 379 2342 mecum
426 2305 471 2342 in
510 2302 685 2353 gratiam
722 2301 874 2340 redisse
911 2301 1094 2340 demiror
1131 2315 1175 2340 ac
1218 2304 1362 2352 stupeo
1408 2301 1663 2351 iniuriaeque
1708 2300 1817 2339 mihi

214 2369 543 2420 persecutionem
561 2368 671 2408 Vltro
690 2368 815 2406 etiam
835 2367 1097 2415 condonasse,
1123 2380 1247 2417 quam
1269 2367 1349 2417 ipsi
1376 2381 1462 2405 non
1482 2366 1619 2406 solum
1635 2368 1817 2405 atrocem

216 2436 285 2474 sed
307 2435 431 2474 etiam
453 2434 692 2484 sacrilegam
713 2446 799 2472 esse
818 2433 1022 2483 putabant
1041 2432 1093 2470 ob
1114 2433 1380 2483 suggillatam
1401 2446 1425 2470 a
1451 2432 1571 2470 nobis
1590 2431 1816 2470 numinum

218 2514 388 2539 suorum
425 2500 829 2538 maiestatem—non
869 2499 910 2537 id
949 2501 1018 2537 aut
1052 2498 1208 2548 gratiae
1245 2501 1315 2537 aut
1354 2497 1563 2548 potentiae
1596 2510 1711 2536 meae
1743 2497 1815 2536 sed

261 2646 333 2675 477.
360 2637 456 2675 piget
471 2639 520 2666 D:
544 2636 664 2676 pigere
680 2636 794 2674 coepit
810 2636 843 2669 β.
978 2645 1051 2674 479.
1079 2644 1162 2665 sane
1180 2637 1254 2666 adel.
1273 2636 1306 2668 β.
1458 2635 1530 2674 481.
1557 2635 1639 2668 DB:
1663 2634 1814 2664 consilio

219 2683 256 2710 N.
345 2680 539 2718 peritorum
558 2683 604 2711 D:
627 2679 929 2719 peritissimorum
945 2679 978 2712 B.
1079 2679 1153 2717 483.
1182 2679 1221 2708 in
1237 2679 1318 2712 DB:
1343 2688 1399 2709 om.
1419 2679 1461 2709 N.
1561 2677 1635 2716 484.
1660 2677 1813 2708 sciebam

218 2726 268 2753 It:
291 2732 461 2754 noueram
479 2725 511 2757 β.
638 2723 711 2761 485.
738 2723 913 2753 enarratis
929 2724 981 2752 D:
1003 2722 1173 2762 expositis
1188 2723 1223 2756 β.
1352 2722 1427 2761 486.
1452 2731 1581 2752 corona
1597 2720 1814 2751 exaudiente

219 2769 289 2797 mm.
308 2768 340 2799 Β.
460 2767 533 2805 487.
562 2769 669 2806 atque
686 2766 837 2796 alacrius
853 2768 925 2797 add.
941 2766 978 2800 β.
1102 2765 1176 2804 488.
1199 2775 1282 2796 vero
1296 2767 1369 2796 add.
1388 2766 1421 2799 β.
1545 2765 1619 2804 489.
1642 2764 1715 2794 iam
1729 2765 1790 2799 DB
1806 2775 1813 2794 :

219 2820 275 2840 mn.
294 2812 333 2840 N.
437 2820 511 2849 490.
538 2812 598 2843 1)ss
614 2821 621 2840 :
644 2811 803 2841 auocarit
819 2811 859 2840 N.
960 2811 1034 2849 496.
1061 2809 1328 2849 imprudentius
1345 2811 1417 2840 add.
1437 2809 1471 2843 Β.
1572 2818 1646 2848 497.
1672 2807 1814 2847 adigere

220 2855 300 2885 LJB:
330 2854 510 2893 adigerem
534 2852 583 2883 Nl
599 2856 719 2885 Lond.:
750 2853 928 2893 adegerim
952 2855 986 2883 N
990 2854 1013 2886 ³.
1145 2852 1392 2892 moderarique
1416 2875 1425 2885 .
1451 2877 1459 2885 .
1484 2875 1491 2884 .
1519 2852 1592 2891 498.
1619 2851 1814 2882 stilumD:

219 2896 430 2934 gestientem
447 2896 573 2927 stilum
589 2897 835 2936 moderarique
853 2897 1010 2927 seuerius
1025 2898 1058 2931 β.
1159 2906 1233 2935 499.
1260 2896 1438 2927 abstulero
1451 2897 1485 2930 β.
1573 2894 1762 2926 reddidero
1777 2895 1810 2929 β.

220 2949 292 2976 500.
318 2949 396 2970 meo
413 2943 487 2971 add.
504 2941 538 2974 β.
642 2949 886 2980 repugnauero
899 2941 933 2975 β.
1084 2949 1158 2979 501.
1186 2939 1325 2970 dudum
1342 2942 1415 2971 add.
1435 2941 1469 2974 β.
1619 2947 1692 2978 503.
1719 2937 1813 2969 hanc

219 2992 360 3020 operam
383 2983 597 3013 detrectanti
620 2986 694 3014 add.
719 2985 752 3017 β.
914 2994 989 3022 504.
1020 2984 1115 3023 quod
1139 2986 1184 3015 D:
1217 2984 1279 3021 qui
1303 2984 1335 3017 β.
1500 2982 1573 3022 506.
1605 2982 1753 3013 rediisse
1774 2982 1810 3015 Β.

218 3035 292 3064 507.
315 3026 409 3056 Vltro
427 3026 533 3056 etiam
551 3029 623 3057 add.
641 3028 674 3059 B.
809 3036 883 3065 509.
910 3030 971 3058 aut
983 3032 1051 3065 pose
1067 3027 1102 3058 id
1119 3028 1180 3061 ,Ββ
1196 3038 1201 3056 :
1226 3038 1283 3058 om.
1306 3029 1343 3058 N.
