2010 3417
126 122 224 178 353]
605 124 758 164 FROM
795 123 946 165 JOHN
986 124 1231 165 SAPIDUS
1637 125 1715 164 143

124 237 308 287 ingratos
327 234 435 274 mori
454 247 581 285 quam
599 234 763 273 assiduo
784 235 883 284 (non
908 234 998 273 sine
1025 233 1159 273 famae
1179 247 1339 286 quoque
1358 233 1588 286 dispendio)
1610 246 1716 273 com-

123 300 330 352 pensandi
348 299 485 339 studio
505 299 677 350 flagrare
696 301 819 350 atque
839 299 1031 350 torqueri.

179 366 260 407 Sed
279 365 394 414 heus,
416 364 678 404 celeberrime
692 365 768 412 vir,
786 377 861 404 nec
879 366 921 403 te
939 364 1062 403 lateat
1083 364 1286 415 quomodo
1307 363 1468 415 sibiipsi
1487 363 1717 415 gratuletur
1738 373 1774 404 15

122 434 166 471 et
184 430 419 471 blandiatur
437 443 530 469 mea
548 429 688 480 pubes,
713 430 823 480 quod
843 429 999 468 relictis
1019 430 1104 469 iam
1130 443 1242 470 nunc
1260 430 1438 470 aliorum
1460 429 1713 481 ambagibus,

123 499 198 536 tuo
225 497 352 535 ductu
383 496 433 534 ad
461 508 601 535 veram
629 495 866 534 Latinitatis
895 495 1173 546 cognitionem
1206 497 1297 535 tuto
1329 496 1545 546 peruenire
1572 495 1714 546 possit.

120 562 211 613 Ego
230 561 465 602 Frobennio
482 560 702 611 pecuniam
721 559 897 599 fideliter
922 573 1135 611 congerere
1153 563 1317 611 paratus
1337 573 1431 600 sum
1450 574 1523 611 pro
1542 560 1710 608 libellis,

122 640 247 678 quem
261 626 428 666 nomine
447 627 589 664 nostro
609 624 785 663 salutare
805 624 986 675 digneris
1001 639 1011 673 ;
1039 625 1215 665 Beatum
1235 639 1395 677 quoque
1416 639 1565 675 meum,
1585 626 1649 666 cui
1663 626 1714 665 ob

120 692 378 743 repentinam
397 690 624 730 abitionem
643 689 788 728 nuncii
808 689 984 729 scribere
1005 703 1089 729 non
1107 690 1236 740 potui.
1296 691 1611 731 Ammorbachii
1630 692 1714 731 sint
1735 700 1774 721 ²0

123 771 285 809 quoque
305 755 423 804 salui,
449 768 524 794 nec
551 767 637 793 non
658 754 838 794 Ioannes
857 754 1022 805 Anglus
1042 757 1150 803 tuus,
1173 753 1414 795 adulescens
1433 756 1484 795 ob
1507 758 1714 806 praestan-

121 823 326 862 tissimam
345 820 530 860 indolem
550 820 793 859 Erasmiana
813 819 1111 859 consuetudine
1130 820 1356 860 admodum
1377 820 1536 871 dignus.
1596 821 1710 871 Vale,

119 887 353 927 maximum
373 885 503 924 totius
523 885 634 924 orbis
654 884 786 933 decus,
809 885 874 924 tui
893 885 1036 936 Sapidi
1055 898 1357 936 nonnunquam
1376 899 1546 925 memor.

172 951 425 1003 Raptissime
446 963 495 989 ex
515 950 742 991 Selestadio
760 950 892 1001 pridie
912 950 1014 990 Idus
1035 950 1240 1001 Septemb.

387 1037 671 1088 XVimphlingi
690 1038 821 1077 vetuli
840 1039 882 1076 te
902 1039 1088 1088 tempora
1108 1051 1208 1078 cana
1227 1037 1418 1087 salutant,
1733 1043 1770 1073 25

496 1103 550 1143 Et
570 1115 661 1142 mea
680 1104 790 1143 casta
809 1115 928 1143 meus
947 1103 1144 1154 Margaris
1163 1117 1271 1143 vnus
1291 1117 1417 1144 amor.

568 1279 662 1318 354.
724 1276 857 1319 FROM
887 1277 1013 1320 JOHN
1046 1277 1258 1320 SAPIDL'S.

165 1390 349 1426 Deventer
367 1388 442 1424 MS.
462 1398 516 1435 91,
536 1388 561 1423 f.
583 1390 650 1435 156
667 1393 718 1425 v0.
1329 1390 1589 1427 schlettstadt.

165 1447 240 1484 LB.
255 1448 352 1493 App.
372 1457 429 1492 32.
1260 1459 1298 1494 15
1320 1450 1541 1495 September
1561 1459 1663 1496 1515.

162 1538 468 1582 [Oecolampadius
483 1538 625 1570 arrived
638 1539 678 1569 in
690 1538 794 1570 Basle
811 1549 857 1570 on
881 1548 919 1569 21
935 1539 1028 1579 Sept.
1049 1549 1130 1579 1515
1145 1539 1224 1580 (Ep.
1243 1541 1317 1579 358.
1332 1550 1352 1580 5
1370 1541 1423 1582 n.)
1438 1541 1508 1572 and
1525 1544 1629 1582 spent
1645 1543 1708 1573 the

117 1585 247 1615 winter
263 1585 303 1614 in
314 1583 462 1623 helping
474 1583 642 1614 Erasmus
654 1582 746 1613 with
758 1582 821 1614 the
830 1586 960 1614 Nouum
971 1586 1233 1615 Instrumentzcm.
1271 1585 1335 1616 See
1347 1585 1405 1615 his
1418 1585 1712 1626 commendatory

118 1628 226 1659 letter
240 1627 387 1669 printed
402 1628 439 1658 at
455 1627 518 1657 the
534 1626 604 1657 end
621 1626 660 1657 of
673 1626 736 1658 the
751 1628 984 1667 Annotatimws,
1004 1626 1119 1667 Basle,
1139 1627 1288 1668 Froben,
1310 1638 1324 1658 1
1344 1629 1467 1661 March
1486 1628 1599 1670 1516]

423 1724 619 1756 IOANNES
652 1724 842 1755 SAPIDVS
874 1725 1053 1756 DOMINO
1085 1725 1266 1757 ERASMO
1298 1727 1329 1758 S.
1358 1727 1401 1757 D.

171 1806 252 1856 Qv1
278 1805 356 1845 tibi
381 1806 501 1845 hasce
527 1818 640 1844 meas
662 1805 820 1845 litteras
839 1806 983 1854 reddit,
1005 1808 1359 1857 praestantissime
1377 1808 1450 1856 vir,
1473 1809 1623 1860 dignus
1648 1811 1710 1848 est

114 1874 160 1910 vt
175 1870 354 1922 alloquio
374 1872 445 1910 tuo
463 1870 710 1921 perfruatur,
727 1871 881 1921 partim
896 1872 1004 1921 quod
1019 1871 1204 1911 moribus
1218 1874 1339 1924 atque
1359 1873 1510 1912 litteris
1530 1874 1710 1913 maxime

117 1938 173 1976 sit
192 1938 372 1984 ornatus,
395 1936 549 1986 partim
573 1936 681 1986 quod
704 1935 813 1974 nihil
836 1948 962 1986 aeque
981 1936 1122 1976 videre
1142 1938 1353 1977 contendit
1376 1950 1420 1977 ac
1443 1937 1710 1979 Erasmianos

117 2002 269 2047 vultus,
289 2002 330 2041 id
347 2002 409 2040 est
422 2000 502 2039 viri
517 2001 710 2040 omnium
731 2000 970 2040 doctissimi.
1030 2000 1142 2041 Huic
1156 2016 1309 2042 nomen
1326 2005 1388 2043 est
1404 2003 1683 2054 Icolampadio
1700 2021 1709 2053 ;

116 2081 196 2118 quo
215 2066 334 2105 facile
358 2066 403 2105 in
428 2065 610 2105 confesso
631 2068 693 2105 est
711 2078 806 2104 eum
831 2066 1082 2106 Graecorum
1107 2067 1338 2107 litteratura
1365 2082 1451 2107 non
1478 2069 1703 2109 indoctum.
1728 2084 1746 2115 5

116 2132 196 2172 Sed
223 2134 264 2171 et
292 2133 490 2182 quantam
522 2131 580 2169 rei
612 2130 867 2181 theologicae
894 2131 1087 2182 peritiam
1120 2131 1269 2172 habeat
1297 2133 1363 2172 vel
1396 2133 1492 2172 hinc
1526 2136 1709 2174 constare

115 2199 262 2248 potest,
284 2196 392 2247 quod
421 2196 728 2235 lucubrationes
757 2209 999 2247 componere
1027 2196 1175 2236 solitus
1203 2199 1267 2247 sit,
1290 2200 1338 2237 vt
1365 2199 1485 2249 longe
1514 2200 1707 2249 eruditas,

113 2263 173 2302 ita
199 2262 322 2313 plane
349 2275 373 2301 a
401 2261 488 2300 Deo
516 2274 600 2300 non
626 2261 789 2300 alienas.
848 2261 1020 2301 Accedit
1047 2264 1089 2301 et
1117 2262 1183 2301 his
1210 2263 1394 2302 hominis
1423 2264 1604 2304 Hebraei
1631 2278 1708 2304 ser·

115 2327 253 2367 monis
279 2326 459 2377 cognitio
481 2339 567 2365 non
592 2326 763 2365 omnino
789 2326 978 2366 triuialis.
1038 2328 1101 2366 Tu
1119 2341 1216 2367 eum
1238 2329 1297 2368 ita
1320 2329 1503 2380 excipere
1523 2330 1638 2379 velis,
1661 2332 1708 2369 vt

114 2393 152 2431 is
168 2392 319 2431 sentiat
332 2391 533 2442 insipidas
548 2391 688 2442 Sapidi
700 2391 860 2431 litteras
880 2392 1098 2443 quicquam
1117 2393 1310 2443 ponderis
1325 2395 1431 2445 apud
1447 2397 1487 2434 te
1501 2395 1704 2434 habuisse.
1730 2409 1768 2432 10

113 2455 458 2507 Wimphelingus
484 2458 625 2495 noster
651 2459 692 2495 te
719 2457 949 2507 plurimum
977 2458 1138 2497 salutat.
1198 2459 1254 2498 Te
1274 2472 1434 2510 quoque
1462 2472 1545 2498 non
1572 2459 1709 2509 pigeat

116 2521 365 2561 Rhenanum
395 2522 436 2558 et
464 2521 808 2560 Ammorbaohios
839 2525 881 2561 et
914 2522 1164 2562 Frobenium
1193 2537 1287 2563 meo
1315 2524 1483 2563 nomine
1515 2524 1703 2563 salutare.

116 2586 161 2626 Si
190 2585 407 2624 muliebria
434 2584 632 2633 admittis,
662 2586 814 2625 salutat
840 2589 882 2625 te
911 2600 1071 2637 quoque
1098 2590 1237 2627 nostra
1265 2588 1463 2638 Lucretia,
1494 2601 1573 2638 qua
1601 2588 1708 2628 mihi

117 2650 226 2692 nihil
245 2649 466 2699 antiquius,
526 2650 606 2688 Sed
625 2650 744 2688 video
763 2653 804 2689 te
823 2651 910 2690 risu
931 2651 1126 2691 solutum.

170 2715 271 2755 Vale
290 2728 340 2753 ex
359 2713 584 2753 Selestadio
611 2724 722 2761 1515.
751 2725 797 2764 17
820 2715 902 2754 Cal.
925 2715 1066 2754 Octob.
1729 2734 1766 2767 15

751 2821 826 2853 354.
851 2832 881 2862 3.
908 2823 989 2854 nihi
1002 2825 1070 2855 its.

161 2922 235 2953 353.
254 2931 302 2961 17.
318 2923 380 2952 tuo
396 2920 523 2962 ductu]
540 2921 579 2952 in
595 2921 656 2953 the
672 2924 715 2953 De
730 2924 873 2953 Constru-
987 2933 1038 2954 21.
1079 2922 1232 2954 Ioannes
1268 2924 1422 2966 Anglus]
1461 2925 1581 2958 Smith
1600 2937 1609 2966 ;
1654 2927 1698 2959 cf.

117 2967 230 3005 ctione;
255 2965 298 2997 cf.
315 2965 378 3005 Ep.
396 2974 470 3005 341.
944 2966 1005 3006 Ep.
1031 2968 1095 3006 276
1117 2967 1249 2999 inti-od.
