2010 3417
78 154 176 209 384]
728 158 797 197 To
836 157 944 197 LEO
985 158 1023 197 Χ
1592 157 1669 196 187

78 266 204 305 etiam
232 266 393 305 felicius
425 268 466 305 et
502 266 751 318 auspicatius
779 270 894 306 exeat
923 268 967 306 in
997 280 1145 306 manus
1174 268 1403 317 hominum,
1435 268 1469 307 si
1507 265 1668 306 duobus

78 332 207 371 totius
219 331 330 371 orbis
345 332 621 371 summatibus
636 332 732 371 viris
747 333 1022 372 communiter
1036 333 1161 371 fuerit
1176 335 1433 372 consecratus
1443 334 1464 371 ἱ)
1492 332 1669 383 quando-

78 396 247 446 quidem
279 397 361 436 aris
390 396 640 447 templisque
670 397 859 436 videmus
897 398 973 437 hoc
1011 398 1106 448 plus
1141 398 1330 437 accedere
1362 398 1589 437 maiestatis
1622 410 1667 435 ac

77 461 369 510 venerationis,
410 462 518 513 quod
555 461 747 513 pluribus
784 463 910 501 simul
949 463 1058 502 diuis
1096 463 1181 502 sint
1218 463 1413 502 dedicata.
1470 463 1558 502 Iam
1590 463 1667 501 hoc

79 526 385 576 quantumlibet
404 539 562 566 nouum
581 527 781 575 videatur,
800 528 923 566 modo
942 527 1130 578 publicae
1150 528 1351 567 conducat
1370 527 1554 567 vtilitati,
1613 527 1668 566 Et
1690 537 1751 559 110

77 602 124 627 ea
153 592 215 628 est
247 589 400 628 Leonis
431 588 633 628 modestia
669 589 936 640 facilitasque,
969 592 1015 628 vt
1046 589 1122 629 hac
1159 592 1273 640 parte
1311 603 1396 629 non
1434 591 1574 629 minus
1611 590 1667 629 sit

76 655 284 693 maximus
318 667 441 704 quam
474 667 521 692 ea
552 667 631 704 qua
663 654 870 693 maximos
901 668 1045 694 omnes
1077 655 1200 704 longo
1234 657 1399 705 superat
1432 655 1663 694 interuallo.

75 718 133 757 Et
166 732 212 758 ea
241 720 302 758 est
333 718 642 768 Archiepiscopi
679 718 724 756 in
763 719 878 757 omni
915 719 1108 758 decorum
1147 733 1295 769 genere
1328 721 1586 770 praestantia,
1620 722 1667 760 vt

75 784 257 822 Leonem
282 783 479 822 omnibus
501 783 686 822 numeris
711 796 924 822 summum
944 797 1029 822 non
1049 784 1153 823 alius
1180 784 1311 834 magis
1335 785 1471 823 deceat
1498 786 1660 835 collega.

75 846 290 885 Postremo
318 845 354 884 si
385 845 448 884 fas
477 847 538 884 est
566 845 672 895 apud
701 847 869 884 tantum
898 845 1135 895 Principem
1164 846 1357 884 nonnihil
1393 847 1616 886 Thrasonis
1643 861 1665 886 e
1688 863 1747 896 115

74 910 284 949 comoedia
311 911 472 959 referre,
495 910 766 960 quantumuis
792 911 837 949 in
859 910 1037 960 speciem
1060 910 1233 949 humilis
1252 911 1443 950 videatur
1461 911 1529 950 hic
1549 925 1666 951 meus

73 975 200 1024 labor,
242 977 380 1015 tamen
423 975 584 1014 confido
625 976 815 1015 futurum
851 977 897 1014 vt
934 977 1120 1014 attentus
1158 976 1285 1015 lector
1321 976 1533 1026 aliquanto
1570 977 1666 1027 plus

74 1041 352 1091 deprehendat
372 1041 417 1079 in
437 1053 598 1080 secessu
618 1054 741 1091 quam
760 1040 896 1091 prima
916 1041 1059 1079 statim
1078 1041 1216 1080 fronte
1235 1054 1330 1091 prae
1357 1055 1399 1080 se
1425 1042 1530 1081 ferat
1549 1055 1661 1092 opus.

128 1105 208 1144 Sed
223 1119 276 1144 ne
291 1106 584 1145 celsitudinem
598 1107 715 1145 tuam
730 1106 817 1156 iugi
832 1105 1109 1144 sollicitudine
1129 1107 1332 1145 terrarum
1349 1107 1437 1145 orbi
1452 1107 1665 1146 consulen-

73 1172 159 1209 tem
187 1170 372 1222 longiore
401 1184 592 1210 sermone
620 1183 832 1210 remorans
856 1171 900 1209 in
926 1171 1091 1221 publica
1115 1184 1280 1221 peccem
1306 1173 1531 1221 commoda,
1554 1173 1664 1223 quod
1687 1190 1747 1212 120

72 1236 280 1287 reliquum
309 1239 370 1275 est
398 1250 493 1276 cum
521 1236 678 1287 plebeio
707 1237 856 1275 lectore
875 1236 1132 1286 transigam;
1162 1237 1232 1276 sed
1252 1238 1365 1286 prius
1392 1238 1497 1276 illud
1525 1252 1663 1289 appre-

72 1304 198 1351 catus,
220 1305 266 1341 vt
294 1303 409 1341 cuius
436 1303 698 1352 prouidentia
725 1302 808 1341 Leo
835 1302 1018 1341 decimus
1047 1303 1220 1353 contigit
1247 1303 1515 1343 subleuandis
1542 1305 1663 1344 rebus

70 1369 322 1417 mortalium,
337 1369 448 1408 idem
469 1382 564 1407 eum
584 1369 706 1408 nobis
725 1371 765 1407 et
785 1382 910 1419 quam
931 1369 1112 1407 maxime
1131 1369 1379 1419 longaeuum
1400 1383 1488 1409 esse
1502 1371 1604 1410 velit
1623 1373 1663 1410 et

70 1433 368 1473 felicissimum.

124 1512 324 1538 BASILEAE
343 1512 453 1539 ANNO
474 1512 727 1539 REsm'rv'rAE
747 1512 914 1538 sALvT1s
934 1512 1111 1539 M.1).XVI.
1136 1513 1337 1539 CALENDIS
1357 1514 1616 1540 FEBRVARns.
1683 1516 1743 1548 125

465 1619 617 1661 ³82385.
679 1619 743 1660 To
773 1619 925 1660 JAMES
957 1618 1271 1662 WIMPFELING.

117 1709 226 1755 Bapt.
244 1708 447 1746 Mantuani
465 1709 568 1745 Fasti
587 1709 631 1745 f0.
651 1709 687 1744 a⁵³
704 1714 753 1744 νο.
1349 1710 1468 1746 Basle.

1211 1777 1231 1811 3
1251 1767 1438 1813 February
1460 1768 1613 1815 (1516).

114 1849 216 1890 [This
238 1848 345 1880 letter
366 1848 398 1879 is
420 1848 566 1888 printed
593 1848 632 1879 in
656 1848 820 1888 Baptista
847 1847 1039 1887 Spagnuoli
1067 1847 1105 1878 of
1131 1848 1310 1879 Mantua’s
1337 1852 1436 1889 Fasti,
1458 1850 1655 1890 Strasburg.

69 1892 235 1932 Schiirer,
260 1892 349 1931 Aug.
379 1892 471 1931 1518.
518 1892 593 1922 The
616 1891 707 1922 book
730 1892 761 1922 is
784 1891 905 1922 edited
933 1891 980 1930 by
1006 1890 1252 1932 Wimpfeling,
1273 1891 1353 1923 who
1376 1893 1415 1924 in
1440 1893 1497 1924 his
1519 1894 1658 1933 preface

69 1935 177 1967 dated
200 1935 445 1973 Schlettstadt‚
466 1944 480 1965 1
499 1936 583 1975 May
603 1936 697 1975 1518,
714 1945 925 1974 encourages
947 1935 1102 1966 Schiirer
1119 1937 1155 1966 to
1175 1936 1274 1974 print
1291 1936 1321 1966 it
1337 1946 1375 1966 as
1391 1946 1487 1967 more
1504 1938 1657 1969 suitable

69 1981 104 2010 to
120 1980 164 2011 be
180 1979 265 2010 read
281 1979 321 2009 in
334 1979 471 2010 schools
483 1979 575 2010 than
590 1978 652 2009 the
666 1988 784 2019 poems
795 1978 833 2010 of
844 1978 1021 2017 Tibullus,
1035 1978 1250 2018 Propertius,
1267 1978 1440 2019 Catullus,
1457 1980 1652 2021 Lucretius,

69 2022 243 2054 Marullus
267 2023 324 2053 ‘et
345 2023 476 2053 horum
497 2022 623 2053 lasciui
639 2022 776 2053 similes
787 2021 806 2052 ².
854 2022 927 2052 The
944 2022 1126 2062 year-date
1143 2032 1208 2053 can
1229 2023 1271 2053 be
1289 2023 1465 2054 corrected
1489 2024 1579 2056 from
1595 2025 1657 2056 the

68 2067 232 2098 mention
248 2066 286 2097 of
302 2065 364 2097 the
382 2066 469 2097 New
483 2066 689 2097 Testament
705 2065 778 2097 and
793 2065 814 2096 J
816 2065 964 2106 erome.]

186 2154 228 2186 D.
252 2152 458 2184 ERASMVS
490 2152 823 2184 ROTERODAMVS
855 2151 1022 2184 IACOBO
1051 2152 1420 2185 VVIMPHELINGIO
1452 2155 1534 2185 SVO

668 2221 874 2252 SALVTEM
905 2221 1041 2253 DICIT.

120 2301 315 2351 mevs,
340 2302 535 2352 valemus,
560 2303 623 2341 tui
642 2302 924 2351 meminimus,
947 2304 987 2341 te
1006 2315 1195 2341 amamus
1212 2316 1354 2342 omnes
1369 2306 1421 2352 et,
1440 2304 1475 2342 si
1493 2306 1564 2343 tuo
1585 2305 1657 2343 fiat

67 2368 294 2417 commodo,
320 2367 547 2407 aduentum
566 2381 728 2419 quoque
746 2370 869 2407 tuum
889 2369 1163 2418 expectamus.
1227 2368 1396 2407 Nouum
1417 2368 1653 2408 Testamen-

66 2433 158 2470 tum
176 2431 259 2471 iam
279 2433 330 2471 ad
349 2435 505 2472 metam
525 2435 725 2484 properat.
783 2432 1068 2483 Hieronymus
1087 2432 1193 2471 belle
1211 2433 1406 2483 procedit.
1465 2434 1656 2472 Demiror

65 2493 267 2533 iudicium
286 2494 437 2545 Sapidi.
506 2495 606 2535 Iuro
626 2495 811 2547 quisquis
836 2496 872 2533 is
898 2496 979 2534 fuit
1003 2495 1075 2546 qui
1103 2495 1182 2534 hoc
1211 2495 1275 2533 illi
1302 2495 1517 2545 persuasit,
1545 2496 1655 2534 nihil

65 2557 138 2596 illo
159 2559 352 2609 ineptius.
421 2560 566 2599 Malim
585 2560 900 2599 hemistichium
920 2560 1135 2599 Mantuani
1157 2574 1279 2610 quam
1299 2560 1399 2598 treis
1418 2560 1654 2600 Marullicas
1673 2574 1691 2606 5

410 2657 486 2688 384.
512 2666 586 2696 119.
610 2667 655 2688 ne
671 2658 713 2691 B:
738 2667 783 2688 ne
801 2658 830 2687 si
848 2668 878 2687 α.
1012 2666 1084 2687 120.
1111 2656 1264 2695 longiori
1280 2668 1304 2688 ε.

108 2744 184 2775 384.
205 2753 274 2774 112.
293 2743 412 2784 longo]
431 2743 480 2774 Cf.
494 2743 597 2782 Verg.
614 2746 694 2774 Aen.
709 2752 739 2782 5.
754 2753 828 2781 320.
891 2744 970 2774 into
986 2743 1082 2774 their
1098 2743 1236 2775 classes.

111 2797 183 2818 120.
208 2785 385 2826 sermone]
405 2785 456 2818 Of.
474 2786 561 2817 Hor.
578 2789 638 2824 Ep.
655 2796 685 2817 2.
703 2796 731 2818 1.
746 2796 775 2826 3,
794 2796 824 2824 4.
937 2795 968 2825 5.
1004 2786 1211 2827 Mantuani]
1250 2786 1317 2818 For
1351 2787 1529 2818 Erasmus’
1563 2788 1652 2829 high

108 2831 184 2862 385.
214 2840 245 2869 4.
288 2829 428 2870 Sapidi]
468 2830 523 2870 By
557 2830 639 2868 1518
673 2829 824 2869 sapidus
892 2830 1040 2869 opinion
1071 2829 1109 2860 of
1142 2830 1204 2861 the
1234 2840 1354 2870 poems
1385 2831 1423 2862 of
1457 2831 1652 2871 spagnuoli

63 2873 136 2905 had.
162 2874 315 2914 perhaps
338 2873 508 2904 modified
536 2873 595 2904 his
620 2872 823 2913 preference
893 2873 970 2914 (Ep.
991 2883 1043 2912 47.
1061 2883 1103 2912 79
1118 2874 1171 2913 n.)
1188 2883 1245 2904 see
1261 2875 1324 2914 Ep.
1343 2884 1394 2914 49.
1413 2875 1457 2914 96
1472 2885 1542 2915 seq.

63 2916 119 2948 for
130 2917 387 2957 Marullus3for
397 2916 631 2956 Wimpfeling
640 2917 823 2947 mentions
977 2916 1199 2958 Marullicas]
1233 2917 1384 2949 Michael
1415 2919 1651 2951 Tarchaniota

62 2959 142 2991 him
155 2961 196 2992 in
212 2960 269 2991 his
280 2960 420 3001 preface
432 2969 470 2992 as
482 2970 549 2990 one
563 2960 601 2991 of
612 2960 675 2990 the
688 2960 822 2991 school-
890 2960 1065 2991 Marullus
1072 2960 1492 3002 Constantinopolitanus
1499 2962 1649 3003 (c.1445-

62 3009 212 3036 masters
235 3003 345 3044 ready
367 3006 403 3035 to
427 3003 615 3035 introduce
642 3003 706 3035 the
734 3006 824 3035 Fasti
892 3013 929 3034 10
940 3004 1025 3044 Apr.
1042 3005 1138 3044 1500)
1149 3014 1222 3035 was
1236 3004 1322 3036 born
1333 3005 1370 3036 of
1379 3005 1495 3037 Greek
1504 3008 1650 3047 parents
