2010 3417
65 116 165 171 398]
507 119 661 159 FROM
701 120 928 160 GEORGE
968 120 1225 160 PRECELL
1581 120 1659 158 223

69 229 268 279 inscripto
296 229 550 279 promissum
577 227 747 282 [inerat]
775 230 882 269 circa
909 231 1211 281 paragraphum
1242 227 1434 283 [etenim]
1467 232 1476 250 ‘
1490 230 1661 269 Odorari

65 307 116 333 ac
135 294 294 334 similes
313 294 470 345 aliquot
489 295 752 345 metaphorae
765 296 774 312 ’
793 308 918 346 prope
934 295 1085 335 calcem
1105 295 1345 344 inseruerat,
1367 295 1427 334 ita
1445 295 1661 346 inquiens:

71 362 79 378 ‘
93 359 225 408 Quare
245 372 482 410 quanquam
501 359 737 400 istiusmodi
756 360 952 399 videntur
969 361 1021 400 ad
1041 360 1354 411 prouerbiorum
1373 361 1662 411 cognationem

69 425 290 474 pertinere,
306 427 447 464 tamen
460 438 506 464 ea
519 425 725 464 minutius
740 425 1001 476 exactiusque
1016 426 1257 476 conquirere
1269 439 1355 465 non
1367 428 1429 465 est
1444 426 1660 474 sententia,

69 490 251 529 maxime
280 491 387 540 quod
416 489 500 529 iam
529 490 636 529 hanc
666 490 922 541 prouinciam
951 491 1033 530 sibi
1063 491 1243 541 sumpsit
1273 491 1474 530 Ricardus
1506 492 1664 531 Paceus

70 555 241 594 natione
269 555 514 604 Britannus,
543 555 707 594 iuuenis
737 555 913 594 Graecae
940 556 1094 606 pariter
1127 569 1172 595 ac
1203 555 1376 595 Latinae
1405 557 1664 595 litteraturae

69 633 167 659 cum
187 619 335 670 primis
355 619 550 669 eruditus,
569 623 661 659 tum
681 620 791 659 haud
810 621 1073 659 mediocriter
1091 621 1336 660 exercitatus
1355 621 1400 660 in
1421 621 1664 660 euoluendis

68 685 316 736 omnigenae
335 685 604 735 professionis
623 685 848 724 autoribus
914 685 1008 733 Hic,
1030 686 1213 736 inquam,
1237 685 1429 730 felicibus
1448 686 1664 725 Musarum

66 750 264 800 auspiciis
283 763 386 800 opus
405 751 545 789 animo
564 750 764 800 concepit,
783 750 867 789 iam
886 751 1029 800 opinor
1048 751 1175 789 etiam
1195 764 1291 800 prae
1310 750 1507 789 manibus
1524 751 1661 799 habet,

70 829 233 866 magno,
266 816 311 854 ni
344 815 476 864 fallor,
508 816 604 855 vsui
634 816 822 854 futurum
851 815 1056 866 politioris
1084 815 1338 854 litteraturae
1368 815 1585 854 studiosis:
1619 816 1664 854 in

67 895 150 932 quo
170 880 368 932 quicquid
388 882 450 919 est
474 882 583 932 apud
607 881 821 931 vtriusque
847 880 1015 930 linguae
1037 880 1255 930 scriptores
1281 880 1511 930 insignium
1535 882 1664 919 meta-

68 947 303 997 phorarum,
329 946 524 996 quicquid
543 946 751 985 festiuiter
770 958 815 984 ac
838 947 938 985 scite
965 945 1180 994 dictorum,
1204 945 1400 995 quicquid
1424 945 1665 984 huiusmodi

69 1024 333 1061 gemmarum
362 1024 407 1050 ac
436 1011 677 1050 deliciarum
706 1011 913 1060 orationis,
945 1011 991 1050 in
1020 1024 1153 1050 vnum
1183 1011 1381 1050 volumen
1416 1010 1665 1050 concinnare

67 1077 278 1116 destinat.'

125 1143 205 1181 Fae
239 1155 398 1192 quaeso,
431 1141 784 1191 praestantissime
815 1141 892 1189 vir,
927 1141 962 1180 is
994 1141 1162 1181 libellus
1193 1142 1266 1180 diu
1300 1142 1569 1190 desyderatus
1598 1141 1665 1180 vel

69 1207 173 1246 olim
203 1207 245 1247 in
281 1219 431 1245 manus
462 1206 604 1245 veniat
633 1207 926 1246 studiosorum.
985 1207 1046 1245 Eo
1075 1207 1258 1257 profecto
1290 1206 1434 1245 libello
1464 1206 1666 1256 egerrime

70 1274 221 1311 carent.
280 1272 505 1311 Clamitant
521 1272 608 1310 dies
627 1273 750 1322 atque
770 1273 937 1311 noctes:
967 1272 976 1290 ‘
990 1272 1143 1322 Georgi
1161 1271 1355 1320 Precelle,
1375 1272 1572 1311 Erasmus
1588 1272 1662 1311 Ro.
1686 1285 1700 1305 2

68 1337 183 1388 (quia
207 1339 291 1376 tete
319 1339 458 1376 totum
480 1337 709 1385 vendicaui,
733 1350 818 1375 non
844 1338 987 1376 minus
1015 1351 1061 1376 ac
1089 1339 1303 1387 parentem
1332 1350 1473 1376 meum
1503 1339 1544 1376 et
1571 1351 1665 1376 amo

69 1405 114 1442 et
142 1402 270 1453 diligo
300 1415 346 1441 ac
374 1415 571 1450 vener0r;
615 1402 778 1452 quoties
808 1416 942 1441 sermo
971 1402 1020 1441 de
1050 1404 1090 1441 te
1121 1405 1237 1442 ortus
1265 1402 1402 1452 fuerit,
1432 1404 1516 1441 tete
1544 1415 1667 1453 super

70 1469 212 1507 ethera.
230 1466 347 1517 tollo)
367 1480 439 1506 cur
457 1467 569 1505 hunc
589 1467 823 1506 codiculum
843 1467 1074 1517 insignium
1100 1467 1439 1518 metaphorarum
1465 1468 1509 1506 in
1528 1467 1666 1507 lucem

70 1533 237 1583 prodire
252 1531 412 1571 curabit
427 1532 709 1582 negligentius
721 1534 742 1572 ‘?
754 1533 764 1549 ³
804 1533 838 1571 Ο
857 1533 894 1572 si
910 1532 1016 1571 hanc
1031 1534 1322 1583 tempestatem
1342 1533 1664 1583 superuiuerem,

72 1600 120 1637 vt
138 1598 289 1638 saltem
308 1597 502 1646 viderem,
524 1597 559 1636 si
585 1598 635 1637 ad
654 1611 777 1638 vsum
799 1597 963 1649 legendi
988 1598 1282 1638 concederetur
1304 1598 1490 1637 minime.
1548 1598 1662 1647 Vale,

71 1663 345 1702 disertissime
363 1662 527 1713 Apollo.

127 1728 284 1767 Datum
295 1727 441 1767 Vlmae
457 1741 506 1766 ex
519 1727 688 1767 aedibus
704 1728 896 1767 omnium
912 1728 1157 1767 Sanctorum
1176 1728 1355 1777 noni<s>
1370 1727 1529 1778 Aprilis
1548 1738 1617 1775 151
1627 1729 1663 1767 6.

1146 1793 1349 1843 Georgius
1368 1794 1467 1832 tuus
1486 1795 1533 1832 vt
1552 1806 1664 1832 suus.

526 1913 626 1953 399.
686 1911 721 1952 F
724 1923 817 1953 ROM
848 1912 974 1953 JOHN
1004 1912 1218 1954 SAPIDUS.

121 2003 307 2039 Deventer
324 2001 401 2037 MS.
417 2012 473 2047 91,
491 2002 516 2037 f.
538 2011 615 2048 175.
1345 2003 1604 2039 Schlettstadt.

121 2061 195 2096 LB.
212 2061 307 2106 App.
328 2062 383 2106 58.
1329 2072 1368 2097 11
1389 2061 1498 2107 April
1516 2063 1619 2107 1516.

119 2143 246 2186 [There
263 2143 294 2172 is
310 2151 357 2172 no
372 2150 500 2172 reason
511 2143 547 2173 to
564 2142 731 2181 question
748 2141 811 2172 the
827 2142 910 2172 date
925 2143 1031 2183 given
1047 2143 1096 2182 by
1110 2142 1173 2173 the
1188 2143 1422 2183 manuscript.
1469 2143 1544 2174 The
1560 2144 1670 2175 letter

75 2189 106 2219 is
129 2185 297 2217 followed
321 2186 368 2224 by
389 2195 409 2215 a
432 2195 535 2225 poem
560 2195 607 2216 on
629 2185 691 2216 the
714 2185 934 2226 nationality
956 2185 994 2217 of
1014 2186 1194 2225 Erasmus,
1215 2186 1371 2217 entitled
1397 2189 1531 2218 Ioannis
1555 2190 1668 2225 Sapidi

74 2234 224 2262 certamen
250 2231 285 2259 de
316 2231 434 2267 oriyine
456 2231 651 2260 Roterodamz·
677 2239 735 2267 quo
758 2231 841 2260 duae
862 2233 1003 2261 nationes
1026 2232 1236 2267 oollitiyanteis
1266 2233 1514 2270 introducuntur,
1545 2231 1668 2262 which

76 2276 108 2306 is
123 2272 269 2313 printed
284 2272 324 2302 in
341 2271 412 2303 LB.
460 2272 506 2302 In
522 2282 542 2303 a
558 2272 666 2303 letter
681 2274 717 2303 to
733 2272 901 2304 Boniface
916 2273 1117 2304 Amerbach
1135 2273 1255 2312 (Basle
1269 2273 1341 2305 MS.
1355 2274 1394 2305 G.
1406 2274 1457 2306 ΙΙ.
1470 2284 1522 2313 3ο.
1541 2275 1612 2313 178.
1629 2275 1667 2314 6)

74 2317 183 2348 dated
204 2326 239 2347 11
259 2315 344 2347 Nov.
365 2324 447 2354 1515
469 2316 621 2355 Sapidus
643 2325 850 2347 announces
871 2316 933 2347 the
957 2317 1174 2356 completion
1197 2319 1235 2347 of
1254 2316 1318 2348 the
1339 2327 1441 2357 poem
1466 2318 1537 2348 and
1560 2319 1668 2349 sends

76 2362 106 2392 it
121 2361 176 2392 for
190 2358 361 2391 Boniface
376 2360 413 2390 to
430 2358 517 2400 see.]

380 2445 576 2477 IOANNES
606 2446 794 2476 SAPIDVS
823 2447 1002 2477 DOMINO
1034 2446 1214 2477 ERASMO
1246 2447 1279 2478 S.
1306 2447 1348 2478 D.

133 2520 301 2559 MERrro
329 2522 382 2569 te,
404 2521 592 2560 omnium
622 2522 861 2561 doctissime
890 2522 1070 2571 Erasme,
1095 2522 1204 2561 docti
1231 2525 1395 2561 nostrae
1425 2523 1669 2562 Germaniae

77 2584 261 2635 diligunt
297 2586 420 2635 atque
456 2586 697 2636 suspiciunt,
741 2600 844 2637 quos
881 2600 966 2626 non
1003 2587 1127 2626 modo
1168 2587 1370 2636 singulari
1407 2600 1545 2626 amore
1580 2601 1668 2637 pro-

77 2651 281 2700 sequutus
309 2662 352 2688 es
379 2662 552 2701 semper,
574 2651 644 2689 sed
670 2653 711 2689 et
735 2651 821 2690 tuis
845 2651 1003 2702 vigiliis
1028 2654 1150 2701 atque
1170 2651 1357 2690 doctrina
1375 2652 1510 2691 multo
1529 2653 1670 2691 reddis

123 2735 198 2767 398.
225 2745 257 2774 5.
282 2735 425 2774 inquies
438 2738 528 2767 Ms.:
552 2746 627 2767 corr.
645 2739 709 2768 LB.
830 2738 860 2768 8.
887 2737 1040 2777 sumpsit
1054 2738 1121 2771 aB:
1144 2738 1336 2776 sumpserit
1350 2740 1419 2769 MS.
1541 2749 1572 2778 9.
1599 2741 1672 2770 Post

80 2778 278 2811 Britannus
307 2781 424 2816 aliquot
451 2781 541 2810 verba
569 2781 641 2810 add.
674 2781 707 2814 β.
856 2780 1174 2820 Graecae-pariter
1204 2782 1270 2815 αβ;
1309 2781 1440 2812 Graece
1469 2781 1570 2821 pitus
1594 2785 1665 2814 MS.

84 2833 132 2855 11.
157 2822 366 2862 omnigenae
388 2824 507 2855 MS.a:
539 2823 743 2863 omniiugae
766 2823 800 2857 Β.
933 2834 985 2856 20.
1009 2823 1126 2854 Pcelle
1150 2826 1236 2855 MS:
1269 2823 1418 2855 Pricelle
1441 2827 1508 2858 ΕΒ..
1605 2826 1666 2857 Ro.

80 2869 148 2898 MS.
164 2877 171 2897 τ
196 2867 281 2896 tuus
295 2868 358 2896 ΖΒ.
491 2875 543 2905 23.
566 2866 662 2897 hunc
677 2869 750 2898 LB:
775 2865 844 2897 huc
859 2869 926 2899 MS.
1062 2867 1139 2899 399.
1161 2876 1223 2899 Trr.
1240 2870 1389 2898 103NNES
1404 2870 1472 2899 MS.

168 2966 243 2997 398.
263 2976 293 3004 4.
311 2964 475 3006 Odorari]
500 2966 603 3004 Adaq.
622 2965 696 3005 581.
823 2975 874 2997 22.
900 2975 1004 3006 super
1019 2965 1157 3007 ethera]
1174 2965 1224 2998 Cf.
1242 2967 1345 3007 Verg.
1361 2970 1441 3000 Aen.
1460 2977 1488 3000 1.
1504 2977 1578 3008 379.

1684 630 1724 651 10
