2010 3417
127 188 224 242 583]
481 190 632 230 FROM
671 190 943 230 BUDAEUS
981 190 1052 230 ΤΟ
1090 190 1388 230 TUNSTALL
1642 189 1723 228 565

123 300 275 339 bonam
312 300 486 349 iniuisti,
523 302 615 339 tum
645 314 743 339 vero
776 301 818 339 id
847 301 1022 339 minime
1049 300 1278 350 periculum
1307 303 1380 350 est,
1407 314 1459 340 ne
1488 301 1531 340 in
1562 301 1725 340 Erasmi

125 365 398 405 offensionem
417 366 647 417 impegeris.
709 366 925 416 Siquidem
946 379 1026 416 qua
1054 368 1115 404 est
1135 366 1265 405 animi
1285 366 1491 416 aequitate
1510 367 1720 415 Erasmus,

123 430 253 470 etiam
281 444 349 469 me
377 431 457 470 sibi
484 432 649 482 aequari
680 444 763 470 non
793 431 1042 480 grauabitur,
1075 432 1121 470 vt
1150 431 1221 481 qui
1247 444 1299 469 ne
1324 431 1528 481 praeferre
1553 431 1724 482 quidem

124 494 295 534 sibimet
312 496 399 546 ipse
425 498 630 546 grauetur,
654 509 784 546 quum
812 496 861 534 ad
889 496 1138 534 Socraticam
1164 496 1338 534 ironiam
1364 509 1407 534 se
1430 496 1663 546 composuit
1683 499 1723 536 et

124 560 256 599 risum
276 561 506 610 genuinum
522 575 544 599 e
559 561 716 600 comica
730 561 866 600 fronte
879 561 1049 600 detersit
1064 575 1074 599 :
1103 574 1246 600 vereor
1259 561 1373 599 enim
1388 561 1521 600 dicere
1540 561 1722 600 frontem
1745 564 1803 606 165

124 638 221 664 eum
249 626 521 676 perh-iouisse,
542 640 672 676 quum
695 639 779 665 vno
804 627 974 665 nomine
999 627 1238 667 ἀπαιδευσίας
1263 627 1404 665 omnia
1426 639 1518 665 mea
1540 626 1723 676 epitheta

121 703 335 740 superasse
364 704 407 730 se
435 692 600 739 diceret,
629 691 672 730 id
702 693 764 730 est
790 691 967 741 ὀψιμαθῆ,
991 693 1181 742 αὖτομαθῆ
1208 693 1331 742 atque
1359 691 1485 730 etiam
1516 691 1718 742 κακομαθῆ.

123 757 263 806 Atque
282 769 357 806 ego
376 756 458 794 nisi
477 759 696 806 vtrumque
714 758 900 796 vestrum
920 757 1115 806 opinione
1135 756 1226 796 falli
1243 769 1289 795 ac
1314 757 1435 807 plane
1454 756 1562 795 nihil
1580 757 1722 796 videre

124 820 169 858 in
198 820 488 860 aestimatione
516 821 599 860 mei
620 821 822 860 libentius
847 821 1070 870 crederem,
1091 823 1256 860 tametsi
1283 821 1459 860 aliorum
1486 822 1532 860 in
1559 821 1722 871 scriptis

122 885 387 936 perspicaces,
418 886 668 926 bellissimos
695 900 769 926 vos
798 900 884 926 esse
914 887 1098 926 irrisores
1134 886 1445 937 coniuratosque
1483 886 1718 926 clamarem.
1743 898 1802 931 170

122 951 263 1000 Egone
291 953 336 989 vt
364 951 436 990 illo
465 964 561 990 cum
593 951 747 990 Milone
775 965 988 991 conserere
1018 965 1169 990 manus
1197 952 1380 1001 audeam,
1404 951 1487 990 nisi
1515 951 1720 990 confidam

121 1030 216 1056 eum
237 1018 459 1056 remissum
479 1020 540 1056 ire
566 1019 673 1056 mihi
701 1018 854 1057 multas
878 1021 1087 1068 arctasque
1114 1018 1431 1067 praehensiones
1450 1031 1526 1057 nec
1545 1019 1654 1056 totos
1674 1019 1719 1056 in

123 1095 191 1120 me
210 1083 383 1122 lacertos
402 1083 697 1133 adhibiturum,
719 1086 841 1133 atque
860 1084 905 1122 in
931 1083 1173 1122 vniuersum
1192 1083 1480 1122 ineluctabiles
1500 1083 1593 1122 illas
1611 1083 1720 1121 vires

121 1147 173 1185 ad
195 1149 362 1197 captum
383 1148 689 1187 submissurum
709 1149 1006 1188 mediocritatis
1021 1150 1184 1187 nostrae
1199 1150 1219 1187 ⁵?
1276 1154 1280 1157 “

414 1234 498 1274 Αἴθ’
529 1236 621 1275 ὅσον
648 1237 781 1285 ἥσσων
811 1236 895 1285 εἰμὶ,
925 1236 1041 1274 τόσον
1070 1236 1107 1274 ἕο
1137 1236 1313 1285 φέρτερος
1342 1236 1426 1285 εἴην,
1740 1244 1799 1278 175

119 1324 167 1360 vt
197 1323 390 1361 votorum
427 1336 638 1362 summam
676 1323 864 1362 habeam.
938 1322 1145 1372 Equidem
1185 1322 1390 1372 praeclare
1427 1324 1550 1372 atque
1581 1320 1718 1371 ample

119 1400 284 1426 mecum
313 1387 379 1438 agi
406 1390 607 1438 putarem,
639 1388 677 1427 si
704 1388 775 1426 isti
799 1387 945 1426 Miloni
971 1387 1159 1426 Submilo
1188 1400 1276 1426 esse
1303 1400 1467 1436 possem
1491 1388 1564 1425 aut
1593 1386 1717 1424 etiam

120 1451 390 1491 Miloniaster.
448 1454 548 1502 Age,
582 1465 764 1502 quonam
793 1453 961 1491 tandem
987 1452 1110 1490 modo
1132 1452 1291 1490 athleta
1317 1465 1402 1490 non
1426 1451 1605 1501 ineptus,
1631 1464 1718 1489 non

117 1517 330 1565 absurdus,
361 1530 446 1556 non
475 1517 757 1568 explodendas
785 1531 873 1556 esse
901 1518 1046 1567 potest,
1077 1518 1148 1567 qui
1173 1519 1219 1556 vt
1244 1516 1406 1556 viribus
1435 1517 1605 1555 fortasse
1633 1530 1718 1555 non

116 1583 265 1629 careat,
297 1582 538 1621 athleticam
567 1585 705 1622 tamen
740 1583 855 1621 illam
886 1582 1119 1632 palestram,
1156 1583 1258 1621 artis
1291 1584 1333 1621 et
1361 1582 1588 1621 industriae
1614 1594 1717 1620 com·
1739 1585 1800 1616 180

117 1647 435 1696 mendatricem,
464 1648 541 1686 sub
570 1647 800 1698 palestricis
828 1660 1044 1697 nunquam
1073 1646 1250 1686 didicit?
1287 1647 1330 1685 id
1359 1646 1467 1697 quod
1497 1660 1628 1696 quum
1666 1646 1717 1684 de

119 1724 186 1750 me
214 1711 360 1760 dicam,
391 1714 438 1750 tu
468 1713 594 1751 fidem
621 1713 754 1763 magis
773 1712 959 1751 moribus
979 1712 1083 1750 meis
1108 1711 1322 1762 indulgere
1347 1711 1498 1749 videris
1521 1724 1647 1761 quam
1672 1711 1715 1750 id

118 1776 256 1815 simile
274 1778 365 1815 veri
383 1789 472 1816 esse
492 1778 664 1816 credere.
725 1779 784 1816 At
804 1790 900 1816 vero
919 1777 1055 1816 libens
1079 1777 1122 1815 id
1141 1777 1214 1815 abs
1234 1779 1275 1814 te
1296 1776 1593 1825 contenderim,
1615 1778 1660 1815 vt
1680 1777 1716 1815 si

119 1842 284 1892 quando
303 1842 480 1892 publicis
493 1843 737 1881 muneribus
755 1842 997 1892 perfunctus
1009 1841 1179 1880 ludicris
1192 1841 1487 1891 aliquantisper
1501 1841 1712 1891 feriabere,

118 1910 165 1946 tu
185 1907 252 1946 cui
270 1920 381 1946 nunc
401 1909 568 1946 tantum
582 1910 701 1947 vacat
715 1909 922 1946 certamen
937 1907 1014 1945 hoc
1030 1909 1221 1946 nostrum
1239 1906 1370 1945 animi
1385 1919 1503 1945 causa
1517 1908 1710 1956 spectare,
1735 1912 1796 1953 185

117 1973 168 2010 de
188 1972 310 2022 podio
329 1973 396 2010 vel
415 1973 610 2022 gradibus
628 1973 673 2012 in
692 1986 859 2011 arenam
880 1972 1100 2011 descendas
1127 1985 1172 2011 ac
1196 1972 1404 2022 specimen
1424 1971 1487 2010 tui
1506 1971 1709 2021 praebeas.

118 2038 207 2088 Ego
226 2038 339 2076 enim
360 2051 443 2076 non
463 2040 503 2076 te
523 2040 796 2088 spectatorem
816 2040 982 2076 tantum
993 2051 1080 2077 esse
1094 2037 1269 2076 arbitror
1283 2039 1478 2087 oportere,
1503 2036 1573 2075 sed
1588 2037 1714 2075 etiam

113 2116 168 2142 ex
188 2102 272 2141 illis
292 2116 425 2141 vnum
446 2116 548 2153 quos
566 2103 768 2153 ephedros
786 2102 1046 2153 appellabant
1063 2117 1072 2150 ;
1092 2116 1176 2141 non
1195 2103 1245 2141 ad
1260 2102 1528 2151 spectandum
1548 2103 1714 2142 tantum

119 2169 230 2217 ipsos
251 2167 451 2216 sedentes,
476 2168 547 2206 sed
573 2168 623 2206 ad
651 2167 693 2206 id
719 2167 850 2207 veluti
877 2166 1145 2206 subsidiarios
1164 2168 1284 2217 atque
1313 2166 1645 2218 succenturiatos,
1667 2170 1714 2206 vt

119 2246 172 2271 ne
191 2233 393 2272 victorem
413 2233 556 2271 statim
583 2246 770 2272 securum
796 2246 883 2272 esse
908 2232 1068 2282 palmae
1093 2233 1285 2281 sinerent,
1309 2231 1498 2282 victoque
1517 2231 1712 2271 solatium
1734 2245 1796 2279 190

118 2299 311 2337 afferrent
332 2311 427 2337 cum
446 2298 602 2337 victore
621 2299 932 2348 congrediendo.

170 2364 311 2413 Atque
332 2376 426 2401 cum
447 2363 663 2412 epistolam
682 2365 798 2402 tuam
818 2363 918 2413 lego,
943 2375 1027 2401 non
1046 2363 1128 2401 iam
1149 2362 1332 2409 Erasmo,
1352 2361 1581 2412 quamlibet
1597 2362 1713 2410 graui

115 2429 274 2466 auctori
302 2428 556 2478 amplissime
583 2429 633 2466 de
659 2430 700 2467 te
730 2428 925 2476 censenti,
954 2428 1024 2466 sed
1052 2427 1157 2466 mihi
1181 2427 1261 2476 ipsi
1289 2426 1432 2473 credo;
1466 2425 1574 2464 nihil
1602 2426 1710 2475 apud

118 2495 274 2531 memet
288 2493 463 2542 gratiose
476 2493 680 2532 amicitiae
692 2495 786 2532 tuae
803 2493 958 2532 tribuo:
980 2493 1021 2531 id
1035 2493 1144 2542 quod
1156 2492 1279 2530 illum
1293 2492 1450 2540 fecisse,
1469 2504 1563 2529 cum
1578 2491 1629 2529 ad
1645 2504 1711 2529 me

116 2559 166 2596 de
181 2561 223 2596 te
239 2557 444 2606 scriberet,
461 2558 661 2608 suspicari
673 2558 766 2608 quis
786 2559 956 2607 poterat.
1027 2557 1132 2596 Mihi
1151 2557 1263 2595 enim
1285 2558 1373 2595 tute
1392 2556 1531 2595 videre
1551 2555 1710 2594 omneis
1731 2572 1792 2606 195

116 2624 242 2661 huius
262 2622 461 2672 palestrae
481 2636 675 2661 numeros
701 2623 759 2661 ita
782 2624 920 2661 tenere
940 2624 987 2661 vt
1005 2622 1083 2661 sub
1102 2621 1338 2672 paedotriba
1358 2634 1443 2659 non
1462 2620 1710 2671 poenitendo

164 2726 235 2764 164.
263 2724 406 2755 sibimet
423 2727 494 2755 add.
514 2726 547 2759 β.
707 2727 776 2764 165.
803 2725 1002 2764 genuinum
1020 2727 1070 2755 D:
1091 2723 1235 2764 αὐτοφυῆ
1251 2725 1285 2758 β.
1448 2724 1518 2754 168.
1543 2722 1657 2762 Atqui
1671 2723 1706 2756 β.

123 2779 192 2807 171.
219 2768 291 2799 nisi
307 2767 366 2798 Dl:
393 2768 432 2798 ni
447 2767 501 2800 D2.
654 2777 722 2806 172.
747 2769 862 2798 multa
876 2769 909 2802 β.
1058 2777 1133 2807 175.
1155 2766 1222 2797 Αἴθ’
1239 2790 1246 2797 .
1267 2790 1276 2798 .
1294 2790 1302 2798 .
1322 2768 1391 2805 176.
1415 2766 1565 2797 habeam
1582 2768 1655 2797 add.
1673 2766 1707 2798 Β.

121 2813 193 2844 181.
231 2810 402 2841 didicerit
427 2812 464 2846 β.
640 2812 708 2842 182.
743 2811 859 2842 dicam
881 2813 910 2842 D
924 2822 931 2841 :
962 2812 1037 2851 ipse
1064 2810 1178 2842 fatear
1199 2811 1234 2844 Β.
1412 2819 1484 2850 192.
1517 2810 1636 2848 Atque
1658 2811 1708 2839 D:

120 2856 316 2886 Enimuero
331 2855 364 2888 β.
473 2863 543 2894 193.
567 2854 636 2894 ipsi
651 2857 760 2892 scripsi
775 2866 781 2884 :
805 2854 879 2894 ipse
893 2857 931 2886 D.
1043 2863 1115 2894 194.
1139 2853 1392 2893 memetipsum
1407 2855 1441 2888 β.
1533 2853 1706 2892 gratiosae

119 2897 172 2930 D2.
263 2897 427 2928 tribuens
439 2898 474 2932 β.
578 2907 649 2937 195.
675 2899 773 2928 enim
790 2899 867 2928 tute
882 2897 1003 2928 videre
1018 2898 1040 2931 β
1056 2909 1063 2927 :
1087 2898 1148 2937 qui
1165 2896 1286 2928 videre
1303 2899 1342 2928 tu
1359 2899 1402 2927 D:
1428 2906 1511 2936 -que
1527 2896 1650 2926 videre
1666 2896 1707 2926 tu

119 2941 180 2972 ΝΒ.
273 2942 344 2980 196.
371 2950 442 2971 11011
459 2941 677 2981 poenitendo
692 2944 741 2971 D:
765 2940 993 2972 memorando
1009 2941 1042 2975 β.

597 3049 667 3078 175.
694 3037 762 3069 Αἴθ’
779 3037 872 3079 ὅσον]
898 3039 1001 3070 Hom.
1019 3041 1059 3070 Ιῖ.
1082 3039 1130 3070 16.
1151 3047 1223 3076 722.
