2010 3417
128 131 230 187 480]
585 133 656 172 ΤΟ
692 133 958 172 WILLIAM
999 132 1270 172 BUDAEUS
1643 133 1721 171 365

127 242 398 286 festiuissimo
445 242 572 281 Simul
619 245 661 281 et
715 242 958 281 doctissimo
1010 243 1266 292 συμπαίζομαι
1315 243 1374 279 καὶ
1425 244 1720 291 συμφιλοσοφῶ.

130 306 298 346 Titulus
334 307 411 345 tibi
448 307 614 346 videtur
650 320 851 358 magnum
890 306 1085 357 quiddam
1127 307 1323 358 polliceri.
1383 306 1602 346 Caeterum
1640 320 1723 345 non
1742 325 1784 355 90

130 372 282 422 probas
311 372 420 422 quod
450 385 498 411 ea
528 385 579 411 ex
608 372 711 411 locis
744 373 996 422 sumpserim
1027 372 1329 420 communibus,
1360 372 1402 410 id
1434 372 1632 420 sentiens,
1663 372 1725 411 vti

130 437 326 485 coniecto,
349 450 370 475 e
389 437 572 487 vulgatis
590 451 635 477 ac
655 437 813 488 passim
840 438 974 476 obuiis
998 437 1213 476 autoribus
1238 438 1464 487 desumpta.
1525 437 1602 476 Sed
1625 437 1724 487 quid

129 502 254 541 facias
287 503 321 541 si
355 505 564 552 praeterea
601 516 724 542 nemo
762 503 983 553 quicquam
1022 504 1072 541 de
1106 502 1234 553 Copia
1269 504 1507 553 praecepit?
1573 503 1727 542 Fabius

131 568 273 619 paucis
302 567 441 617 attigit
469 568 604 607 modo.
661 568 961 617 Trapezontius
989 567 1266 618 Hermogenis
1294 569 1539 618 compilator
1565 569 1725 618 copiose

130 633 351 683 pollicetur
377 633 427 671 de
448 633 598 683 Copia;
627 635 670 672 at
695 646 791 672 cum
816 633 1118 682 pollicitantem
1143 646 1273 683 Vsque
1298 634 1487 683 sequenti
1509 634 1616 672 mihi
1642 634 1726 673 iam
1745 651 1785 684 95

131 698 290 747 vertigo
330 698 477 747 capitis
515 698 762 745 oboriretur,
796 698 905 736 nihil
939 711 1123 748 vnquam
1156 699 1206 736 de
1240 698 1365 748 Copia
1403 699 1583 748 comperi
1620 699 1726 749 quod

130 763 302 802 alicuius
337 776 425 800 esse
459 764 663 802 momenti
695 764 919 802 videretur.
989 762 1179 802 Venetiis
1213 763 1272 800 καὶ
1303 765 1351 801 τὰ
1387 767 1452 801 τοῦ
1484 762 1729 816 Ἑρμογένους

133 827 286 877 διῆλθον
312 828 445 878 magis
471 841 598 877 quam
623 828 732 877 legi;
761 842 836 866 nec
861 828 968 877 apud
995 828 1107 866 hunc
1132 827 1291 877 repperi
1318 828 1428 878 quod
1458 842 1609 877 magno
1633 830 1729 868 vsui

132 893 323 932 futurum
356 893 577 931 videretur.
650 893 751 932 Post
785 892 943 932 editum
976 905 1079 942 opus
1109 893 1291 942 comperi
1319 893 1428 942 apud
1459 893 1729 943 Rodolphum

132 958 374 1008 Agricolam
411 958 628 997 nonnihil:
676 971 799 1008 quem
838 958 977 997 virum
1022 958 1057 996 si
1100 958 1283 996 fatorum
1321 958 1481 997 inuidia
1519 971 1730 1008 superesse
1752 975 1813 997 100

133 1023 346 1070 voluisset,
380 1023 548 1061 haberet
581 1022 803 1061 Germania
841 1036 964 1073 quem
996 1022 1117 1061 Italis
1151 1024 1386 1072 opponeret,
1418 1023 1584 1073 qualem
1618 1037 1730 1062 nunc

135 1089 260 1128 habet
290 1087 427 1126 Gallia
455 1088 684 1133 Budaeum,
705 1088 775 1126 sed
804 1101 948 1126 vnum.
1006 1087 1213 1138 Equidem
1235 1088 1426 1126 videbam
1455 1089 1656 1139 exemplis
1681 1102 1733 1127 ex

135 1153 304 1204 optimis
323 1152 540 1191 autoribus
559 1152 788 1203 allegandis
802 1154 1060 1202 permultum
1075 1153 1305 1192 maiestatis
1322 1166 1584 1192 accessurum
1605 1155 1727 1205 operi,

134 1232 285 1258 verum
303 1218 458 1268 partim
477 1218 696 1256 horrebam
722 1218 988 1257 voluminum
1015 1219 1363 1270 magnitudinem,
1386 1219 1538 1269 partim
1561 1220 1733 1270 perisset

135 1285 294 1323 vtilitas
324 1284 377 1322 iis
409 1283 558 1334 quibus
587 1283 704 1322 labor
732 1284 803 1322 ille
836 1284 1100 1334 peculiariter
1132 1284 1380 1323 desudabat:
1424 1285 1587 1335 quando
1621 1299 1733 1324 nunc
1754 1300 1811 1332 105

136 1362 297 1400 quoque
330 1349 487 1398 passim
519 1351 753 1399 queruntur
784 1350 1017 1389 literatores
1048 1350 1236 1400 argutius
1267 1363 1355 1389 esse
1388 1363 1492 1400 opus
1530 1365 1654 1401 quam
1688 1353 1734 1390 vt

136 1428 160 1454 a
187 1413 449 1452 mediocriter
478 1414 609 1453 doctis
636 1414 768 1464 possit
797 1414 990 1465 intelligi.

191 1479 284 1518 Iam
313 1492 411 1518 vero
442 1479 551 1529 quod
585 1481 628 1518 te
660 1482 802 1518 mouet
834 1480 1107 1519 mediocrium
1140 1493 1261 1519 causa
1294 1480 1444 1530 quibus
1474 1481 1583 1520 nolis
1614 1494 1733 1520 suam

136 1544 396 1595 prouinciam
414 1544 603 1594 praeripi,
619 1545 766 1583 eodem
785 1547 1029 1595 argumento
1043 1546 1249 1584 deterrere
1262 1547 1424 1595 poteras
1442 1559 1494 1584 ne
1514 1547 1733 1597 quicquam

137 1609 309 1649 omnino
339 1609 626 1648 scriberemus.
684 1610 793 1649 Nam
823 1610 859 1648 si
892 1623 1042 1660 magna
1074 1610 1335 1660 suscipimus,
1365 1624 1411 1649 ea
1437 1612 1736 1662 praeripiemus
1756 1625 1816 1648 κιο

138 1674 374 1722 maioribus,
397 1674 434 1712 si
459 1675 691 1723 mediocria,
713 1675 1001 1724 mediocribus,
1023 1675 1058 1714 si
1080 1676 1237 1724 infima,
1263 1676 1432 1715 infimis.
1493 1677 1601 1725 Quin
1629 1678 1734 1716 illud

139 1753 262 1779 nemo
295 1740 436 1787 nescit,
469 1740 665 1779 omnibus
698 1740 744 1778 in
775 1740 912 1778 medio
945 1741 1130 1790 palmam
1162 1753 1250 1779 esse
1283 1740 1463 1789 positam
1497 1742 1570 1791 qui
1602 1743 1735 1780 artem

140 1808 324 1844 tractant
365 1805 576 1844 musicam.
655 1805 850 1843 Liberum
893 1808 958 1844 est
996 1805 1129 1844 cuiuis
1167 1807 1208 1843 et
1244 1808 1338 1855 post
1375 1819 1512 1845 meam
1554 1807 1734 1847 aeditam

141 1870 314 1920 Copiam
345 1870 394 1908 de
426 1870 542 1919 copia
572 1869 813 1919 praecipere.
874 1870 983 1909 Mihi
1012 1873 1076 1909 sat
1105 1870 1241 1909 laudis
1269 1873 1332 1909 est
1364 1871 1473 1921 quod
1512 1872 1562 1910 de
1593 1886 1640 1910 ea
1667 1873 1735 1911 vel

140 1936 300 1986 primus
330 1934 582 1984 prodiderim
615 1935 771 1985 aliquid
801 1935 869 1973 vel
902 1935 1144 1984 diligentius
1173 1938 1214 1974 et
1247 1936 1428 1974 exactius
1459 1937 1652 1977 caeteris:
1693 1938 1734 1977 id
1758 1952 1816 1984 115

141 2001 250 2052 quod
270 2000 368 2050 ipse,
391 1999 436 2038 ni
456 1999 587 2047 fallor,
612 2012 699 2037 non
726 1999 887 2039 inficias
912 2000 1002 2039 ibis.
1060 2001 1151 2050 Age
1177 2013 1274 2039 vero
1300 2014 1423 2051 quam
1448 2001 1602 2040 falsum
1630 2003 1735 2042 illud

143 2066 251 2116 quod
284 2065 440 2113 scribis,
475 2065 712 2114 exemplum
744 2067 912 2104 tuarum
945 2065 1161 2104 literarum
1193 2065 1272 2104 tibi
1302 2066 1416 2104 domi
1445 2069 1658 2107 seruatum
1690 2068 1736 2107 in

142 2131 302 2178 scheda,
335 2144 386 2169 ne
421 2130 584 2180 quando
618 2132 767 2178 tecum,
798 2132 844 2168 vt
875 2131 945 2178 ais,
978 2131 1206 2181 obsignatis
1233 2131 1365 2169 literis
1391 2132 1576 2171 acerbius
1602 2147 1733 2183 agam.

142 2199 204 2237 At
229 2197 328 2247 quid
357 2197 527 2235 tandem
553 2196 633 2234 tibi
658 2196 858 2245 profuerit
885 2196 966 2235 ista
994 2198 1067 2234 tua
1091 2196 1239 2245 cautio,
1260 2199 1481 2247 postquam
1502 2198 1555 2236 ad
1582 2199 1737 2238 iudices

142 2265 319 2302 ventum
347 2262 458 2300 erit?
513 2261 575 2299 Tu
603 2261 927 2311 chirographum
952 2261 1144 2310 proferes,
1169 2275 1243 2311 ego
1270 2262 1371 2300 item
1394 2263 1643 2315 αὐτόγραφον,
1666 2265 1736 2303 sed
1758 2278 1818 2300 120

143 2330 191 2366 tu
210 2327 416 2375 schedam,
440 2339 514 2376 ego
538 2338 687 2375 puram
713 2328 857 2376 putam
880 2326 1110 2376 epistolam.
1170 2327 1328 2377 Negare
1347 2340 1432 2366 non
1457 2331 1586 2378 potes,
1609 2329 1738 2367 talem

144 2393 232 2442 ipse
251 2392 315 2430 vis
332 2392 476 2430 videri.

199 2457 278 2496 Sed
307 2457 390 2505 περὶ
416 2460 487 2494 τῶν
517 2457 860 2508 λεπτολογημάτων
888 2457 1070 2495 nimium
1098 2456 1286 2495 fortassis
1317 2456 1388 2495 diu
1421 2460 1734 2509 λεπτολογοῦμεν.

147 2522 363 2561 Caeterum
382 2523 427 2558 vt
449 2520 569 2559 seriis
587 2534 771 2571 agamus,
794 2534 969 2572 agnosco
997 2521 1201 2569 nonnihil,
1224 2521 1380 2571 optime
1406 2522 1580 2570 Budaee,
1603 2536 1738 2562 meam

190 2637 244 2666 97.
267 2626 438 2656 Venetiae
454 2627 491 2655 F.
623 2626 678 2665 98.
700 2628 736 2655 Η
747 2637 754 2656 z
779 2626 906 2664 διῆλθεν
923 2630 952 2657 C.
1045 2635 1172 2665 magno
1189 2636 1245 2656 om.
1263 2628 1303 2657 N.
1445 2634 1514 2657 121.
1540 2628 1666 2666 putam
1683 2627 1717 2658 (Ρ
1732 2639 1740 2659 2

148 2676 271 2711 putem
291 2670 335 2700 0¹.

189 2779 245 2808 93.
271 2765 418 2807 Fabius]
442 2766 564 2805 Quint.
583 2767 662 2797 Inst.
680 2767 763 2797 Orat.
783 2775 832 2796 10.
856 2775 883 2796 1.
1029 2776 1099 2798 100.
1125 2765 1345 2808 Agricolam]
1363 2767 1409 2798 In
1425 2767 1488 2798 the
1504 2770 1547 2798 De
1564 2771 1741 2800 inuentione

193 2822 246 2852 94.
284 2809 523 2849 Hermogenis
575 2808 802 2850 compilator]
857 2809 908 2840 Cf.
983 2812 1156 2847 dialectica,
1179 2809 1217 2841 ii.
1244 2819 1346 2848 19-21
1371 2811 1442 2841 and
1467 2811 1519 2843 iii.
1537 2820 1557 2850 5
1581 2812 1653 2842 and
1679 2814 1740 2851 16;

153 2854 317 2896 Legrand
334 2854 385 2892 iii,
405 2863 438 2893 p.
458 2853 529 2883 118.
982 2853 1105 2883 which
1128 2862 1201 2883 was
1228 2855 1290 2883 not
1313 2854 1502 2893 published
1524 2855 1621 2885 until
1647 2855 1741 2887 after

194 2909 248 2939 97.
301 2894 526 2937 Ἑρμογένους]
586 2895 712 2926 Aldus'
770 2898 910 2926 Rheto‘res
983 2895 1163 2926 Erasmus’
1180 2898 1223 2927 De
1247 2898 1350 2934 Copia.
1390 2897 1441 2929 Of.
1467 2898 1557 2938 Epp.
1582 2900 1647 2930 260
1669 2899 1741 2930 and

154 2944 272 2980 Graeci,
303 2940 424 2971 which
460 2938 623 2969 includes
653 2939 908 2979 Hermogenes,
983 2940 1061 2978 336.
1080 2949 1093 2969 1
1112 2949 1147 2970 n.

151 2996 225 3019 was
247 2982 439 3026 published
461 2983 502 3013 in
526 2982 613 3014 Nov.
643 2983 740 3022 1508.
1031 2992 1102 3014 112.
1128 2982 1310 3024 omnibus]
1329 2983 1379 3015 Cf.
1395 2984 1473 3016 Ter.
1490 2987 1547 3016 Ph.
1570 2987 1618 3025 16,
1637 2995 1666 3024 7.
