2010 3417
130 139 229 194 445]
612 139 764 178 FROM
803 139 1039 180 THOMAS
1079 139 1233 177 GREY
1642 140 1722 177 287

128 255 314 290 nostram
344 250 688 289 necessitudinem
725 250 967 299 neutiquam
999 250 1297 297 labefactatam,
1329 250 1609 288 valetudinem
1643 250 1719 288 tibi

125 317 316 364 faustam,
341 318 463 366 teque
480 328 505 353 a
522 314 731 365 primariis
751 314 945 353 omnibus
964 314 1164 362 venerari,
1185 328 1209 353 a
1230 314 1348 364 plebe
1374 315 1498 353 etiam
1524 317 1611 354 tota
1634 328 1720 354 non

126 381 353 432 vulgariter
379 381 510 420 amari
534 380 653 419 facile
678 379 877 430 perspexi.
939 380 1051 428 Quae
1071 380 1239 430 quidem
1259 381 1412 427 omnia,
1434 382 1720 431 praeterquam

125 447 236 498 quod
260 446 572 494 iucundissima,
593 445 720 483 etiam
746 446 787 482 et
816 445 1076 494 optatissima
1104 445 1213 483 mihi
1238 445 1362 484 fuere.
1421 446 1551 484 Taceo
1579 447 1718 485 autem
1740 459 1776 490 15

125 512 176 550 de
204 512 443 550 dulcissima
472 510 590 549 Beati
617 509 811 549 Rhenani
839 497 1014 559 epistola
1043 512 1115 549 tuo
1143 510 1365 560 plusquam
1392 512 1566 560 paterno
1595 524 1720 550 suasu

124 578 175 616 ad
195 591 262 616 me
280 577 444 626 scripta,
467 589 552 615 non
577 575 717 614 minus
742 574 956 613 salutifera
982 588 1106 625 quam
1134 575 1250 614 omni
1274 589 1324 614 ex
1343 578 1461 625 parte
1481 576 1624 624 docta;
1653 577 1719 615 cui

123 644 333 692 vtcunque
371 641 570 691 rescripsi,
610 654 693 679 non
729 640 863 678 hercle
900 642 947 679 vt
981 641 1107 679 volui.
1182 640 1301 687 Nam,
1338 642 1385 679 vt
1422 641 1560 690 inquit
1596 641 1720 680 diuus

124 707 295 754 Paulus,
318 707 422 745 bene
442 706 549 745 velle
568 706 681 744 adest
701 704 808 742 mihi
827 707 913 743 tam
934 705 979 743 in
1000 705 1075 744 hac
1094 717 1139 743 re
1159 718 1284 754 quam
1303 705 1350 742 in
1373 704 1476 750 aliis,
1498 706 1567 744 sed
1588 706 1719 744 facere

124 772 228 811 bene
256 785 341 810 non
369 771 538 822 reperio.
597 770 642 808 Si
669 769 781 808 enim
810 782 886 819 par
911 770 1086 808 facultas
1116 783 1162 808 ac
1190 769 1384 808 voluntas
1410 772 1571 819 praesto
1596 771 1713 817 esset,
1737 780 1776 800 20

123 840 165 876 et
184 837 262 876 tibi
285 836 493 886 imprimis
516 838 556 875 et
582 836 646 874 illi
671 835 848 886 gratiam
876 835 1084 874 referrem.
1144 835 1306 873 Deinde
1331 848 1417 873 non
1442 847 1612 884 possum
1631 848 1718 873 non

122 916 385 953 summopere
413 902 584 952 gaudere
614 903 654 939 et
680 900 757 940 tibi
785 900 992 950 gratulari,
1014 913 1144 950 vsque
1171 913 1218 938 eo
1246 904 1287 938 te
1314 913 1402 938 esse
1430 901 1595 950 gratum
1622 913 1718 938 cum

122 968 350 1008 reuerendo
384 968 506 1006 istius
539 967 618 1006 loci
657 966 871 1016 Episcopo,
904 968 997 1004 tum
1026 968 1099 1004 tuo
1138 978 1263 1015 quam
1296 964 1716 1004 honorificentissimo

122 1033 308 1083 Principi
345 1032 500 1072 Carolo.
576 1031 718 1071 Gloria
756 1032 885 1081 igitur
922 1031 978 1069 sit
1016 1030 1294 1080 omnipotenti
1332 1029 1419 1068 Deo
1457 1031 1499 1068 et
1535 1029 1717 1068 Domino

122 1099 265 1138 nostro
294 1098 391 1137 Iesu
420 1098 596 1145 Christo,
619 1097 692 1146 qui
721 1098 762 1135 te
784 1097 912 1135 talem
942 1096 1022 1135 sibi
1050 1096 1294 1134 ministrum
1323 1094 1485 1144 delegit,
1507 1096 1631 1144 atque
1656 1095 1716 1133 ita
1736 1106 1772 1137 25

121 1163 302 1202 armauit
320 1166 366 1202 vt
390 1176 465 1201 nec
488 1162 587 1201 vllis
612 1162 783 1200 huiusce
810 1162 958 1200 mundi
986 1160 1189 1200 illecebris
1214 1162 1287 1199 aut
1311 1160 1462 1198 fucatis
1487 1159 1716 1198 honoribus

121 1228 284 1268 auocari
317 1241 452 1278 queaS.
511 1227 606 1266 Non
639 1227 868 1276 mediocris,
904 1224 1016 1265 mihi
1046 1227 1175 1275 crede,
1210 1225 1343 1275 gratia
1378 1227 1441 1263 est
1473 1226 1563 1263 tam
1596 1224 1716 1263 facile

120 1293 221 1332 talia
249 1306 367 1344 posse
396 1292 658 1332 contemnere
686 1306 730 1331 ac
758 1295 900 1331 tantos
927 1292 1088 1330 labores
1114 1292 1223 1330 vltro
1248 1303 1422 1338 sumere,
1448 1290 1583 1339 atque,
1606 1291 1715 1340 quod

119 1359 230 1397 inter
248 1359 379 1397 cetera
402 1357 669 1407 praecipuum
694 1357 883 1407 arbitror,
905 1357 1029 1396 modo
1055 1357 1224 1407 perinde
1249 1358 1291 1395 te
1317 1355 1483 1406 ingenio
1509 1355 1645 1393 valere
1670 1368 1717 1394 ac

118 1424 156 1463 si
175 1424 222 1462 in
240 1423 385 1462 florida
404 1436 513 1461 esses
532 1422 760 1461 iuuentute.
1733 1433 1773 1463 30

174 1490 293 1538 Quod
318 1489 485 1539 quidem
507 1488 553 1526 in
580 1487 726 1526 multis
752 1489 848 1526 tuae
871 1488 1016 1527 aetatis
1045 1487 1254 1537 (quamuis
1280 1500 1415 1536 neque
1442 1487 1506 1524 tot
1535 1485 1716 1525 excubiis

119 1568 250 1605 neque
275 1556 336 1592 tot
363 1553 574 1592 laboribus
604 1553 808 1603 exhausti)
834 1554 955 1592 video
982 1566 1067 1591 non
1089 1566 1238 1602 parum
1260 1552 1501 1599 hebescere3
1535 1551 1576 1589 id
1607 1551 1714 1601 quod

119 1620 250 1658 Fabro
289 1619 526 1669 Stapulensi
563 1618 808 1657 iamdudum
846 1618 1005 1666 accidit,
1048 1618 1119 1669 qui
1155 1631 1224 1656 me
1265 1630 1340 1656 suo
1381 1617 1551 1655 nomine
1590 1629 1714 1666 quam

119 1684 437 1734 diligentissime
473 1686 515 1722 te
553 1683 730 1722 salutare
774 1684 908 1729 iussit,
948 1697 1046 1722 sane
1085 1683 1202 1721 nulla
1238 1683 1318 1721 alia
1356 1694 1476 1720 causa
1513 1681 1592 1719 tibi
1628 1694 1714 1719 non

120 1750 318 1798 rescribit,
341 1749 424 1787 nisi
443 1749 551 1799 quod
578 1749 686 1787 nihil
717 1749 936 1798 quicquam
963 1762 1006 1787 se
1033 1749 1206 1798 digntun
1233 1761 1365 1797 neque
1384 1746 1558 1785 scribere
1577 1759 1712 1796 neque
1732 1760 1770 1792 35

118 1815 273 1854 dictare
292 1814 446 1864 possit;
475 1816 518 1852 te
538 1814 709 1863 inquam
729 1827 893 1852 summo
912 1826 1052 1852 amore
1078 1813 1353 1863 prosequitur,
1376 1814 1419 1849 te
1437 1811 1545 1861 apud
1567 1824 1713 1850 omnes

117 1871 324 1930 praedicat
343 1893 425 1917 non
446 1879 582 1917 solum
597 1879 884 1917 doctissimum
899 1879 969 1917 sed
985 1881 1026 1917 et
1042 1877 1423 1928 diligentissimum,
1438 1879 1490 1924 et,
1508 1878 1712 1927 quantum

119 1946 353 1984 coniectura
372 1944 529 1994 colligo,
552 1957 720 1993 syncere
745 1946 786 1982 te
813 1943 922 1982 colit.
983 1944 1091 1982 Nam
1118 1943 1361 1981 creberrime
1380 1945 1422 1981 te
1446 1942 1492 1979 in
1511 1941 1710 1980 charitate

118 2011 313 2061 amplecti
332 2011 507 2059 exoptat,
530 2012 571 2048 et
590 2011 636 2047 vt
655 2008 874 2058 aliquoties
893 2022 917 2047 a
935 2011 977 2047 te
1003 2009 1060 2047 sit
1086 2009 1367 2058 reprehensus,
1391 2007 1711 2057 haudquaquam

119 2078 161 2116 id
182 2077 228 2115 in
246 2076 402 2114 malam
429 2075 574 2125 accipit
600 2076 773 2124 partem,
798 2076 998 2124 tanquam
1024 2073 1225 2122 carnalis;
1256 2073 1327 2112 sed
1351 2086 1442 2111 eam
1468 2072 1520 2111 ob
1547 2085 1711 2111 causam
1729 2088 1771 2118 40

118 2141 397 2181 immortalem
434 2141 512 2179 tibi
549 2140 672 2178 habet
711 2140 886 2190 gratiam
923 2153 994 2178 ceu
1032 2152 1125 2177 vere
1164 2137 1403 2188 spiritualis,
1443 2150 1630 2176 asserens
1667 2150 1710 2175 se

118 2207 323 2247 nonnulla
356 2219 498 2244 eorum
531 2205 780 2255 iampridem
815 2206 978 2244 notasse
1011 2206 1134 2254 atque
1172 2203 1453 2254 imprimenda
1489 2203 1535 2240 in
1571 2202 1710 2241 animo

118 2273 325 2320 habuisse,
360 2272 406 2310 ni
438 2273 485 2309 tu
518 2270 779 2321 prouinciam
813 2283 1061 2320 occupasseS.
1121 2269 1310 2319 Denique
1343 2282 1411 2307 me
1445 2281 1605 2318 quoque
1639 2269 1711 2305 tua

119 2351 240 2376 causa
259 2337 561 2376 humanissime
584 2336 748 2386 excipit,
769 2336 953 2374 multum
979 2334 1240 2373 familiariter
1264 2347 1427 2372 mecum
1448 2333 1684 2382 colloquens
1701 2348 1709 2379 3

119 2403 190 2441 sed
220 2404 327 2440 certe
356 2403 540 2440 multum
570 2401 813 2440 debilitatus
840 2403 928 2439 tam
955 2400 1117 2450 vulgari
1143 2413 1334 2438 sermone
1357 2412 1481 2448 quam
1510 2397 1706 2445 doctrina,
1728 2411 1768 2442 45

120 2467 348 2517 vsqueadeo
384 2469 432 2505 vt
467 2467 539 2505 vix
578 2467 791 2517 quippiam
831 2466 947 2504 dubii
984 2465 1198 2503 enucleare
1235 2464 1379 2514 possit.
1446 2462 1577 2501 Multa
1613 2475 1710 2500 eum

119 2531 271 2582 rogaui,
296 2531 366 2569 sed
385 2544 533 2580 parum
556 2532 607 2570 ad
635 2545 723 2570 rem
746 2531 971 2581 respondit,
993 2543 1038 2569 ac
1064 2530 1203 2580 sepius
1226 2528 1476 2578 discipulum
1503 2527 1709 2577 quendam

164 2629 214 2658 16.
238 2626 428 2667 plusquam
445 2630 509 2659 tuo
523 2631 592 2659 MS.
608 2641 613 2659 :
639 2631 776 2659 ordinem
790 2631 924 2659 mutazci.
1057 2636 1109 2665 43.
1136 2637 1192 2657 me
1208 2635 1349 2665 quoque
1365 2628 1496 2662 scripsi:
1521 2634 1611 2665 meq3
1636 2626 1704 2655 MS.

166 2738 215 2759 12.
263 2726 581 2768 necessitudinem]
624 2726 688 2756 See
727 2727 789 2767 Ep.
828 2727 880 2766 58,
951 2728 1087 2766 quotes,
1099 2724 1243 2764 loosely,
1260 2724 1351 2754 from
1369 2724 1549 2754 Erasmus'
1567 2722 1707 2753 version

118 2772 176 2803 &c.
951 2770 990 2800 in
1007 2770 1068 2800 the
1084 2771 1210 2798 Nouum
1225 2770 1487 2798 Instrumentum.

163 2816 213 2846 16.
239 2814 342 2845 Beati
352 2813 534 2854 Rhenani]
558 2813 625 2844 For
642 2812 881 2853 Grey'sreply
994 2822 1044 2850 23.
1072 2811 1259 2851 Episcopo]
1286 2811 1521 2850 Christopher
1545 2810 1582 2840 of
1596 2809 1708 2840 Uten-

118 2861 156 2889 to
171 2859 248 2890 this
269 2857 378 2888 letter
400 2867 455 2888 see
476 2857 540 2897 Ep.
564 2858 637 2895 460.
661 2865 710 2896 15,
729 2856 772 2895 63
807 2857 880 2887 and
948 2856 1057 2886 heim.

118 2902 174 2933 for
191 2902 252 2932 his
273 2902 530 2940 acquaintance
550 2901 640 2930 with
662 2900 793 2930 Beatus
815 2900 879 2939 Ep.
991 2909 1043 2938 33.
1073 2895 1203 2938 Fabro]
1229 2898 1279 2929 Cf.
1306 2898 1392 2937 Epp.
1417 2898 1490 2935 460.
1521 2897 1570 2936 16,
1591 2907 1608 2935 7
1633 2896 1705 2926 and

117 2946 192 2985 581.
210 2956 253 2985 24
269 2954 341 2984 seq.
949 2953 1023 2983 493.
1042 2952 1182 2981 447-50.
1231 2942 1288 2972 He
1305 2941 1377 2972 had
1393 2941 1483 2972 been
1502 2940 1543 2970 ill
1563 2941 1602 2971 in
1623 2948 1706 2979 1515

169 2999 216 3030 19.
258 2987 406 3029 Paulus]
469 2990 557 3019 Rom.
600 2998 628 3027 7.
673 2987 722 3018 18.
784 2986 879 3026 Grey
947 2988 1042 3024 also3
1066 2986 1109 3017 cf.
1130 2985 1245 3018 MHE.
1266 2985 1302 3015 ii.
1321 2994 1375 3024 35.
