2010 3417
91 146 188 201 334]
542 149 612 188 TO
651 149 942 190 DOMENICO
982 150 1235 190 GRIMANI
1631 156 1682 193 79

87 256 264 298 aliorum
302 260 364 297 est
400 259 687 309 pronunciare.
733 260 847 299 Illud
889 260 1033 309 dicam,
1071 261 1107 299 si
1138 261 1231 311 quis
1264 262 1314 301 ad
1346 263 1476 301 istum
1508 264 1680 303 modum

91 322 315 374 malignius
342 326 394 373 et,
426 327 472 364 vt
504 324 648 365 Graeci
682 325 839 374 dicunt,
874 326 1068 376 ἀποτόμως
1101 326 1280 366 excutiat
1311 327 1399 366 diui
1428 327 1682 380 Hieronymi

88 387 228 437 libros,
258 388 464 438 permulta
496 389 669 440 reperiet
702 403 726 429 a
758 392 998 430 nostrorum
1028 391 1318 442 theologorum
1353 393 1527 432 decretis
1559 394 1682 446 longe

90 452 250 504 lateque
279 454 562 505 discrepantia.
621 454 828 503 Quorsum
847 455 975 506 igitur
990 455 1206 495 'attinebat
1232 457 1371 496 virum
1394 460 1434 498 et
1464 459 1614 498 litteris
1640 463 1682 499 et

88 520 221 558 aetate
239 519 528 568 venerabilem,
556 520 608 558 ob
632 533 721 558 rem
747 520 871 559 nihili
900 521 944 559 in
972 521 1211 561 huiusmodi
1241 523 1425 572 pertrahi
1451 525 1607 574 turbas,
1635 525 1679 564 in

89 583 240 634 quibus
265 584 348 624 iam
376 584 618 634 septimum,
638 585 796 634 opinor,
818 586 954 634 perdit
976 588 1167 625 annum?
1224 588 1400 627 Vtinam
1420 588 1497 628 hoc
1519 603 1676 640 operae,

87 649 248 688 vtinam
277 649 355 688 hoc
389 649 585 699 temporis
614 649 800 688 licuisset
831 650 1078 690 adiuuandis
1109 651 1415 692 honestissimis
1446 654 1680 694 litterarum

86 714 236 753 studiis
258 714 507 764 impendere.
568 713 688 752 Nunc
718 714 915 753 omnibus
949 715 1099 764 dignus
1132 717 1337 766 praemiis,
1374 719 1681 759 molestissimis

87 779 230 818 litibus
253 778 494 827 inuoluitur,
518 791 603 817 non
626 779 824 817 mediocri
849 779 1065 818 doctorum
1089 782 1290 830 omnium,
1314 783 1399 820 imo
1426 785 1554 823 totius
1581 785 1680 825 Ger-

85 844 255 892 maniae,
292 846 334 883 et
368 844 509 883 dolore
536 846 578 883 et
606 844 831 883 stomacho.
892 844 1137 895 Quanquam
1171 845 1237 884 his
1270 847 1464 887 omnibus
1494 862 1588 899 spes
1619 853 1681 889 est

85 908 295 961 futurum·
313 911 359 949 vt
390 911 527 949 vestra
557 922 678 959 opera
711 909 776 949 vir
812 911 899 948 tam
937 909 1115 949 eximius
1155 913 1194 949 et
1233 912 1324 950 orbi
1357 913 1602 953 restituatur
1639 918 1681 954 et

83 975 246 1015 litteris.

138 1041 303 1091 Hyeme
338 1041 525 1090 proxima
562 1040 696 1079 Roma
740 1052 817 1079 nos
854 1040 1021 1090 videbit,
1062 1041 1099 1079 si
1137 1042 1259 1080 modo
1301 1042 1451 1081 fauerit
1488 1043 1682 1083 Christus

85 1106 279 1156 Optimus
307 1106 525 1154 Maximus,
557 1107 598 1144 et
627 1105 737 1155 regia
769 1105 964 1144 maiestas
992 1119 1075 1144 vna
1103 1120 1199 1145 cum
1226 1107 1549 1158 Archiepiscopo
1579 1109 1679 1148 Can-

84 1172 285 1211 tuariensi
317 1172 452 1210 denuo
481 1170 719 1210 facultatem
747 1171 990 1220 permittent
1021 1171 1223 1220 abeundi;
1254 1186 1378 1224 quam
1405 1173 1441 1212 si
1464 1187 1549 1212 non
1578 1175 1677 1225 ipse,

85 1239 192 1276 certe
211 1237 334 1277 diuus
354 1237 638 1287 Hieronymus
656 1237 707 1276 ab
726 1236 811 1274 illis
831 1236 1084 1286 impetrabit.
1144 1238 1551 1278 Reuerendissimam
1566 1240 1616 1279 D.
1631 1241 1676 1279 T.

83 1302 126 1341 in
156 1302 358 1353 plurimos
385 1315 516 1341 annos
549 1301 804 1340 incolumem
838 1314 883 1340 ac
917 1302 1136 1341 florentem
1168 1304 1299 1352 nobis,
1341 1304 1426 1342 imo
1457 1304 1610 1344 litteris
1639 1307 1681 1344 et

84 1367 185 1417 orbi,
213 1370 350 1407 seruet
374 1366 557 1417 optimus
584 1367 656 1405 ille
685 1366 910 1406 Samarites
935 1367 1154 1416 Christus;
1183 1369 1250 1407 cui
1279 1382 1345 1407 me
1372 1371 1509 1408 totum
1535 1370 1680 1409 addico

84 1432 315 1483 dedicoque.
375 1432 566 1471 Londini.
629 1429 789 1484 [Pridie
810 1432 958 1471 Kalen.
982 1431 1181 1485 Apriles]
1203 1435 1283 1472 An.
1310 1447 1395 1472 M.D.
1419 1448 1485 1474 xv.

643 1602 782 1657 335338
843 1601 906 1642 ΤΟ
938 1602 1031 1643 LEo
1063 1602 1115 1644 X.

130 1704 238 1740 Basle
258 1704 333 1740 MS.
354 1677 585 1746 Erasmiana,
606 1703 697 1739 Urk.
719 1702 785 1738 IIb.
809 1714 837 1739 1.
857 1703 917 1748 (a).
1406 1705 1572 1739 London.

128 1763 169 1797 A.
189 1762 233 1798 f0.
253 1762 303 1798 F:
333 1762 373 1797 B.
392 1762 437 1796 f0.
456 1762 512 1797 a²z
539 1762 578 1797 F.
597 1774 632 1807 p.
653 1762 718 1797 68:
746 1761 836 1797 HN:
864 1761 979 1796 Lond.
999 1761 1034 1795 ii.
1055 1771 1091 1796 1:
1119 1761 1190 1796 LB.
1212 1771 1286 1804 174.
1355 1773 1395 1797 21
1418 1762 1506 1806 May
1528 1771 1628 1808 1515.

127 1854 210 1895 [For
233 1855 296 1886 the
319 1855 543 1894 manuscript
566 1854 637 1885 and
662 1854 808 1893 printed
832 1854 993 1884 versions
1010 1853 1047 1884 of
1070 1855 1146 1885 this
1173 1854 1278 1885 letter
1295 1864 1352 1885 see
1376 1855 1441 1894 Ep.
1460 1865 1524 1895 333
1541 1856 1676 1887 introd.

82 1897 132 1928 As
145 1898 235 1929 with
251 1898 331 1929 that
347 1898 461 1937 letter,
475 1898 494 1929 I
512 1898 601 1928 have
612 1897 764 1937 adopted
781 1898 842 1928 the
852 1898 928 1928 text
942 1897 979 1927 of
991 1897 1024 1927 A
1038 1897 1110 1928 and
1128 1897 1218 1928 have
1235 1898 1320 1937 only
1335 1899 1442 1937 given
1459 1899 1676 1939 precedence

83 1944 119 1972 to
135 1952 156 1971 a
171 1942 209 1971 in
226 1943 296 1972 two
309 1941 426 1981 places
443 1940 496 1982 (ll.
518 1951 577 1980 114
590 1940 661 1972 and
678 1941 812 1981 352-7).
859 1941 878 1972 1
896 1941 986 1971 have
1003 1940 1077 1972 also
1094 1941 1319 1981 disregarded
1336 1951 1432 1973 some
1446 1943 1483 1973 of
1498 1943 1560 1974 the
1580 1953 1675 1973 more

82 1985 229 2016 obvious
245 1984 416 2016 blunders
433 1984 536 2015 made
552 1985 600 2024 by
616 1984 678 2014 the
695 1984 840 2024 copyist,
859 1983 981 2015 which
998 1994 1057 2015 are
1074 1985 1209 2024 mostly
1225 1985 1414 2016 omissione
1431 1986 1469 2016 of
1488 1996 1675 2026 necessary

83 2028 200 2059 words
215 2038 256 2059 or
271 2029 496 2068 corruptions
521 2029 568 2068 by
582 2027 645 2059 the
662 2028 828 2059 addition
844 2038 883 2058 or
903 2028 1074 2059 omission
1099 2027 1137 2058 of
1156 2037 1175 2059 a
1192 2029 1306 2069 single
1324 2028 1444 2060 stroke
1460 2040 1468 2068 ;
1492 2039 1521 2061 e.
1534 2040 1565 2070 g.
1591 2033 1676 2061 ducti

82 2071 137 2102 for
153 2074 255 2111 ductu,
275 2075 403 2103 ommeis
418 2072 471 2102 for
487 2075 615 2103 omneis.

123 2115 196 2146 The
213 2115 434 2154 manuscript
450 2115 532 2146 date
551 2115 581 2146 is
597 2115 792 2145 confirmed
813 2114 860 2154 by
876 2114 937 2146 the
953 2116 1077 2146 events
1094 2115 1313 2147 mentioned.
1360 2116 1427 2147 For
1444 2115 1541 2147 Leo’s
1558 2126 1675 2157 recep-

82 2159 158 2190 tion
180 2158 218 2190 of
228 2159 304 2190 this
319 2159 427 2190 letter
442 2168 498 2190 see
514 2158 576 2199 Ep.
596 2158 670 2198 389.
689 2158 806 2199 31-8.]

144 2257 412 2289 BEATISSIMO
444 2257 577 2287 PATRI
610 2258 744 2288 LEONI
778 2257 964 2296 DECIMO,
994 2257 1228 2288 PONTIFICI
1261 2257 1380 2287 VERE
1411 2258 1610 2298 MAXIMO,

494 2326 698 2357 ERASMVS
728 2326 1060 2357 ROTERODAMVS
1092 2327 1125 2357 S.
1160 2327 1202 2357 D.

135 2407 182 2445 S1
215 2407 474 2446 celsitudinis
510 2410 604 2446 tuae
637 2408 743 2446 ratio
776 2408 987 2457 habeatur,
1020 2408 1254 2447 beatissime
1289 2411 1415 2458 pater,
1447 2420 1572 2446 nemo
1607 2407 1673 2445 vel

82 2484 341 2510 summorum
369 2472 606 2522 principum
634 2473 874 2512 inueniatur
901 2473 971 2523 qui
996 2486 1081 2511 non
1101 2473 1309 2512 veriturus
1335 2474 1389 2512 sit
1413 2473 1462 2511 ad
1484 2472 1673 2510 sanctita-

81 2539 166 2575 tem
193 2538 311 2575 tuam
339 2537 525 2576 scribere.
586 2538 687 2586 Quis
710 2538 823 2576 enim
847 2551 931 2576 non
958 2540 1117 2576 metuat
1137 2551 1233 2576 eum
1253 2537 1500 2586 compellare
1519 2535 1673 2574 litteris

82 2602 154 2652 qui
183 2604 338 2651 quanto
366 2603 512 2641 caeteri
539 2603 737 2642 mortales
765 2603 988 2653 pecudibus
1016 2603 1279 2649 antecellunt,
1307 2604 1421 2640 tanto
1450 2601 1536 2651 ipse
1565 2614 1670 2639 mor-

1707 278 1764 310 Ι95

1701 605 1763 626 200

1702 932 1759 963 205

1700 1259 1760 1280 210

81 2667 186 2705 tales
204 2667 419 2706 vniuersos
447 2668 660 2706 maiestate
689 2670 867 2717 superat,
888 2670 928 2706 et
957 2668 1067 2706 inter
1093 2667 1284 2705 homines
1309 2678 1476 2716 prorsus
1499 2665 1669 2704 coeleste
1688 2675 1705 2706 5

82 2732 288 2782 quoddam
316 2732 402 2782 agit
429 2734 618 2770 numen‘?
664 2733 867 2771 Attamen
895 2732 1117 2782 singularis
1147 2732 1348 2781 quaedam
1378 2733 1547 2770 naturae
1575 2733 1670 2770 tuae

82 2796 244 2836 bonitas
272 2799 312 2835 et
341 2796 596 2835 incredibilis
625 2797 871 2846 humanitas,
894 2810 973 2846 qua
1001 2797 1167 2846 quidem
1198 2796 1315 2834 illam
1342 2796 1475 2845 ipsam
1503 2809 1672 2847 superas

126 2906 200 2936 334.
224 2915 296 2936 210.
321 2904 667 2936 Reuerendissimam
686 2905 726 2936 D.
737 2904 774 2935 Τ.
794 2907 824 2935 Α
843 2915 849 2934 :
876 2905 921 2935 Te
938 2907 979 2935 H.
1112 2905 1186 2935 335.
1211 2915 1241 2935 2.
1268 2905 1481 2936 inueniatur
1495 2908 1525 2935 Α
1544 2916 1550 2935 :
1575 2906 1622 2936 sit
1638 2917 1667 2935 α.

82 2950 263 2980 veriturus
278 2950 326 2980 sit
341 2952 369 2979 A
388 2959 395 2978 :
417 2949 586 2979 vereatur
600 2959 630 2978 α.
720 2949 949 2979 sanctitatem
967 2950 1066 2978 tuam
1085 2950 1115 2978 Α
1131 2959 1138 2978 :
1161 2950 1196 2979 te
1215 2949 1286 2979 Ha.
1375 2950 1406 2980 6.
1432 2949 1582 2979 naturae
1600 2971 1608 2979 .
1632 2973 1638 2979 .
1659 2973 1666 2979 .

85 3002 113 3031 7.
132 2992 277 3031 quidem
293 2995 323 3022 Α
339 3003 346 3023 :
370 2993 432 3023 tua
448 2991 655 3023 humanitas
671 2991 882 3030 bonitasque
899 3001 960 3032 per
976 3001 1082 3030 quam
1099 3003 1130 3024 a.
