2010 3417
197 748 235 769 10

192 1072 232 1104 15

189 1400 229 1422 20

255 164 335 202 426
717 165 968 203 LETTERS
1007 165 1076 203 OF
1113 165 1381 205 ERASMUS
1726 164 1850 219 [1517

255 273 554 321 amantissimo,
578 275 619 311 et
640 273 747 312 liber
772 273 824 312 ab
850 288 896 312 eo
921 273 1058 312 editus
1078 275 1149 324 qui
1174 287 1257 313 non
1284 275 1518 313 eruditione
1546 274 1683 314 solum
1712 276 1782 314 sed
1812 277 1853 314 et

254 337 436 376 amicitia
454 338 685 377 arctissima
709 339 818 389 apud
845 352 921 378 nos
946 339 1117 378 habitus
1142 342 1205 378 est
1230 340 1343 378 inter
1369 340 1537 390 primos.
1597 339 1854 390 Opusculum

254 402 442 441 nondum
470 402 564 452 legi,
593 403 765 442 obrutus
795 403 941 442 multis
969 404 1159 454 negociis,
1184 404 1301 443 breui
1330 407 1469 444 tamen
1498 405 1778 456 perlecturus3
1806 407 1854 444 vt

254 480 349 505 cum
377 468 608 517 praesentia
637 469 743 507 Mori
770 469 852 507 frui
884 469 1021 519 (non)
1053 469 1225 517 valeam,
1257 470 1404 509 saltem
1437 470 1482 508 in
1510 471 1661 520 Vtopia
1690 469 1853 509 Morum

253 546 394 571 meum
423 533 596 572 videam.
657 534 878 573 Caeterum
907 535 957 573 de
986 536 1070 574 tuis
1098 536 1282 586 negociis
1300 537 1421 575 valde
1449 549 1690 586 cognoscere
1718 536 1849 586 cupio,

252 611 356 637 1111111
375 611 419 637 es
433 598 478 638 in
498 599 674 638 fruendo
695 603 836 639 nostro
852 601 1077 650 Tunstallo,
1097 603 1170 653 qui
1188 603 1267 640 tibi
1282 602 1347 641 vir
1366 604 1430 641 est
1448 602 1642 653 plurimis
1657 601 1706 640 de
1720 602 1856 641 causis

252 663 589 712 iucundissimus,
608 665 735 704 etiam
756 668 797 704 et
815 667 1115 716 possessionem
1134 668 1390 717 praebendae
1404 681 1536 718 nuper
1550 667 1626 706 tibi
1641 679 1854 706 concessae

252 728 321 767 vel
348 729 592 779 pensionem
620 730 800 781 aliquam
826 746 849 770 a
868 732 1066 782 Principe
1092 732 1323 782 obtinuisti,
1345 746 1434 771 non
1461 732 1602 771 minus
1631 731 1853 771 consulens

252 793 424 833 vtilitati
441 808 568 844 quam
587 796 806 847 voluptati.
868 797 975 837 Nam
995 811 1090 836 cum
1109 799 1230 849 longe
1249 812 1272 837 a
1291 812 1358 837 me
1379 798 1487 837 absit
1506 800 1553 837 vt
1572 798 1711 848 aliqua
1729 798 1853 836 dona·

251 859 365 898 tione
384 861 424 898 te
444 860 571 910 digna
590 861 758 900 beatum
778 862 935 902 efficere
953 864 1124 914 possim,
1143 877 1230 902 non
1246 866 1332 902 tam
1352 864 1540 914 ingratus
1559 865 1702 902 tamen
1717 862 1851 901 videri

251 924 379 963 velim
395 927 442 964 vt
456 939 509 964 ne
528 927 580 964 ab
598 926 692 966 aliis
706 929 747 966 te
761 928 926 967 felicem
941 942 1030 967 esse
1048 942 1294 980 magnopere
1315 930 1558 979 desyderem
1574 943 1585 977 3
1613 930 1660 969 vt
1676 928 1846 967 tandem

250 991 291 1028 te
312 990 496 1029 conferre
516 992 649 1041 possis
667 993 718 1031 ad
739 994 877 1033 ocium
891 994 996 1033 illud
1015 994 1279 1044 litterarimn,
1297 995 1349 1034 ad
1369 1007 1637 1034 communem
1656 994 1851 1032 omnium

250 1055 532 1095 studiosorum
551 1057 790 1098 vtilitatem.
846 1060 911 1098 Tu
928 1060 1086 1100 interea
1104 1061 1255 1108 valeas,
1277 1063 1319 1100 et
1339 1061 1375 1099 si
1395 1061 1496 1111 quid
1516 1060 1594 1099 ocii
1614 1059 1693 1099 tibi
1711 1072 1851 1110 super-

249 1120 374 1160 fuerit
394 1124 435 1160 et
454 1135 530 1160 nos
550 1123 682 1162 visere
703 1124 896 1174 digneris,
918 1139 1007 1164 rem
1025 1127 1308 1177 gratissimam
1328 1126 1449 1166 nobis
1469 1126 1603 1165 facies.

302 1187 365 1225 De
392 1187 527 1226 reditu
556 1188 601 1226 in
630 1190 831 1240 Angliam
860 1192 1051 1230 nondum
1080 1193 1181 1231 certi
1208 1192 1365 1244 aliquid
1393 1192 1606 1231 habemus.
1665 1191 1780 1241 Rogo
1803 1192 1850 1229 vt

249 1252 525 1291 reuerendum
549 1253 767 1294 dominum
787 1256 1091 1296 Cancellarium
1116 1271 1209 1296 meo
1239 1258 1409 1296 nomine
1432 1256 1665 1307 plurimum
1689 1255 1852 1295 saluere

247 1317 400 1357 iubeas.
461 1318 622 1358 Iterum
642 1320 744 1360 vale.
805 1323 869 1361 Ex
889 1323 1075 1362 Tornaco
1095 1323 1158 1361 iiii
1178 1323 1378 1363 Ianuarii.

1074 1389 1190 1427 Tuus
1208 1402 1258 1427 ex
1277 1389 1417 1428 animo
1438 1389 1488 1428 G.
1510 1387 1790 1438 Mountioyus.

701 1510 797 1548 509.
861 1507 993 1550 FRoM
1024 1508 1212 1550 MARTIN
1244 1509 1387 1550 DORP.

293 1595 481 1631 Deventer
499 1596 575 1632 MS.
595 1607 652 1642 91,
674 1598 698 1633 f.
723 1602 798 1634 181.
1542 1600 1716 1636 Louvain.

293 1653 367 1690 LB.
386 1655 483 1700 App.
500 1659 579 1699 248.
1458 1659 1650 1707 <January
1671 1658 1797 1704 1517.)

290 1734 353 1776 [In
368 1735 390 1765 J
393 1746 452 1767 an.
471 1746 552 1776 1517
571 1737 742 1769 Erasmus
762 1740 847 1778 paid
870 1750 889 1770 a
907 1741 1006 1772 short
1023 1743 1110 1772 visit
1131 1744 1168 1773 to
1190 1742 1359 1781 Louvain,
1378 1742 1552 1782 probably
1567 1742 1615 1782 by
1632 1740 1842 1779 invitation7

243 1778 315 1809 and
337 1779 408 1809 had
431 1790 451 1810 a
472 1780 633 1821 friendly
655 1783 846 1814 interview
868 1785 959 1815 with
980 1786 1044 1816 the
1064 1786 1286 1825 theologians
1307 1786 1428 1816 whose
1449 1786 1579 1816 hostile
1600 1785 1775 1816 criticism
1797 1784 1845 1814 he

243 1822 315 1853 had
337 1832 374 1853 so
396 1823 604 1864 frequently
624 1827 888 1866 encountered3
915 1828 958 1860 cf.
981 1829 1069 1869 Epp.
1089 1839 1163 1869 510y
1185 1839 1256 1869 515,
1276 1830 1353 1869 516,
1369 1840 1442 1870 539.
1489 1830 1562 1860 The
1583 1827 1843 1866 intermediary

243 1875 315 1897 was
331 1867 511 1899 doubtless
527 1869 624 1899 their
640 1870 851 1909 spokesman
868 1872 973 1912 Dorp,
994 1874 1065 1904 and
1083 1875 1158 1904 this
1173 1873 1282 1904 letter
1303 1875 1456 1914 perhaps
1473 1873 1650 1904 indicates
1671 1873 1734 1902 the
1749 1881 1845 1902 occa·

242 1911 320 1940 sion
336 1920 382 1941 on
395 1911 516 1942 which
533 1922 637 1952 peace
653 1923 726 1944 was
743 1915 855 1946 made.
890 1916 954 1947 Mr.
969 1917 1116 1948 Nichols
1133 1917 1232 1948 dates
1249 1918 1329 1948 itin
1342 1917 1429 1957 July
1445 1927 1537 1958 1517,
1550 1917 1658 1947 when
1674 1917 1846 1947 Erasmus

242 1962 341 1984 came
352 1956 388 1985 to
399 1955 504 1986 settle
515 1956 554 1986 111
566 1957 723 1988 Louvain
738 1969 746 1996 ;
771 1960 835 1989 but
846 1959 906 1992 Dr.
925 1960 1034 1991 Reich
1050 1961 1171 2000 points
1182 1963 1244 1992 out
1261 1962 1343 1992 that
1359 1961 1422 1992 the
1437 1962 1578 1992 Jerome
1596 1960 1650 2001 (11.
1667 1961 1698 2000 8,
1715 1959 1753 2000 9)
1769 1959 1842 1989 had

242 1998 385 2028 arrived
412 1999 452 2030 in
478 1999 541 2030 the
570 2001 812 2033 Netherlands
838 2003 876 2034 in
904 2003 980 2035 Oct.
1010 2006 1093 2044 1516
1120 2005 1224 2045 (Epp.
1249 2006 1365 2045 4745)
1392 2005 1464 2036 and
1492 2005 1572 2036 that
1598 2004 1695 2044 Dorp
1723 2003 1842 2035 would

241 2040 372 2081 hardly
388 2042 431 2073 be
447 2045 680 2084 announcing
695 2046 742 2076 its
759 2047 932 2085 purchase
947 2057 985 2078 as
1001 2058 1022 2079 a
1038 2049 1185 2089 novelty
1203 2050 1241 2079 in
1259 2050 1322 2080 the
1339 2049 1522 2089 following
1537 2049 1638 2088 July.

247 2128 250 2131 Ι
285 2084 322 2114 It
339 2086 421 2116 does
436 2088 500 2116 not
515 2097 609 2118 seem
625 2089 777 2128 possible
799 2093 835 2121 to
857 2091 1057 2122 determine
1074 2093 1239 2124 whether
1261 2093 1411 2132 Sunday
1425 2104 1446 2132 4
1462 2103 1502 2123 or
1520 2102 1555 2122 11
1574 2093 1654 2124 Jan.
1673 2092 1704 2122 is
1719 2092 1841 2122 meant

242 2136 283 2157 1n
300 2127 322 2160 1.
343 2138 373 2167 5.
422 2129 630 2162 Paludanus
647 2134 658 2170 (
664 2132 687 2164 1.
706 2134 741 2172 6>
759 2143 908 2174 appears
924 2137 959 2166 to
975 2135 1066 2167 have
1084 2137 1174 2167 been
1192 2136 1372 2168 Erasmus’
1391 2136 1500 2177 host.]

534 2229 767 2262 MARTINVS
799 2233 991 2264 DORPIVS
1024 2235 1202 2265 DOMINO
1236 2235 1415 2266 ERASMO
1447 2237 1481 2265 S.
1508 2236 1546 2266 P.

290 2309 409 2358 QVOD
428 2309 629 2350 hactenus
649 2326 733 2352 non
753 2314 971 2354 inuiserim
990 2318 1041 2364 te,
1060 2317 1120 2355 mi
1136 2318 1317 2367 Erasme,
1337 2320 1385 2357 vt
1404 2320 1446 2356 et
1464 2331 1538 2368 ego
1554 2330 1648 2368 sepe
1662 2316 1778 2356 volui
1798 2318 1837 2355 et

240 2376 313 2413 tua
332 2376 537 2415 excellens
555 2378 689 2417 virtus
708 2382 903 2429 meretur,
926 2395 978 2420 ne
997 2382 1206 2431 asscribaS,
1227 2397 1388 2434 quaeso,
1409 2396 1541 2434 neque
1561 2383 1688 2422 fastui
1706 2395 1843 2432 neque

239 2440 529 2491 negligentiae,
561 2445 729 2482 tametsi
759 2445 856 2484 huic
893 2448 1044 2497 potius,
1080 2448 1152 2486 sed
1190 2449 1527 2499 occupationibus
1560 2448 1710 2500 quibus
1741 2461 1838 2487 vere

238 2519 405 2556 pressus
442 2520 536 2546 sum
575 2509 735 2560 aliquot
769 2512 867 2551 dies.
936 2513 1115 2553 Posthac
1152 2514 1189 2552 si
1226 2528 1312 2562 non
1346 2515 1424 2553 erit
1456 2527 1582 2564 graue
1618 2514 1707 2562 tibi,
1739 2526 1836 2564 sepe

239 2585 459 2612 accurram.
522 2574 644 2614 Nunc
663 2578 704 2614 te
724 2590 795 2615 oro
813 2581 860 2616 vt
881 2578 947 2617 die
967 2579 1187 2618 Dominico
1208 2580 1392 2630 digneris
1413 2580 1523 2630 apud
1544 2593 1611 2618 me
1630 2580 1772 2618 adesse
1790 2580 1835 2617 in

237 2638 420 2686 prandio,
444 2652 527 2678 vna
550 2653 646 2679 cum
676 2643 846 2681 domino
866 2644 1093 2683 Paludano.
1152 2645 1301 2684 Aderit
1328 2648 1369 2684 et
1389 2645 1592 2684 Athensis
1615 2647 1656 2683 et
1675 2644 1835 2695 aliquot

237 2702 309 2741 alii
347 2705 417 2753 qui
454 2706 495 2742 te
535 2706 731 2757 tuamque
769 2708 892 2747 istam
936 2711 1216 2749 eruditionem
1253 2724 1405 2761 magno
1443 2711 1579 2750 studio
1615 2711 1837 2761 fauoreque

280 2796 353 2828 508.
371 2799 402 2828 6.
428 2808 498 2829 non
517 2803 594 2831 aad.
611 2802 673 2831 LB.
759 2802 788 2832 8.
813 2813 850 2832 es
865 2806 997 2840 scripsi:
1020 2804 1046 2835 δε
1063 2808 1131 2835 MS.
1217 2815 1248 2843 9.
1275 2805 1546 2836 iucundissimis
1562 2807 1628 2835 MS.
1645 2816 1652 2835 :
1676 2815 1750 2835 corr.
1769 2806 1832 2834 LB.

280 2897 355 2929 508.
383 2909 432 2938 17.
465 2900 600 2942 reditu]
633 2902 684 2932 Cf.
708 2903 771 2942 Ep.
798 2913 872 2942 371.
900 2914 941 2934 10
964 2914 999 2935 11.
1070 2905 1182 2945 2825).

238 2939 423 2982 Mountjoy
447 2943 518 2974 had
542 2946 701 2976 received
726 2948 938 2985 permission
964 2950 1002 2978 to
1116 2950 1164 2979 18.
1191 2947 1470 2988 Cancellarium]
1496 2948 1543 2978 Le
1559 2948 1728 2988 Sauvage.

238 2984 364 3014 retum
376 2996 421 3016 on
437 2996 449 3015 1
464 2987 548 3017 Nov.
564 2990 657 3026 1516,
670 2990 734 3020 but
744 3000 816 3020 was
831 2990 1001 3022 detained
1111 2993 1187 3023 509.
1212 2994 1242 3023 6.
1272 2991 1462 3032 Athensis]
1485 2991 1583 3022 John
1607 2991 1735 3023 Briard
1749 3003 1758 3032 ;
1786 2990 1829 3023 cf,

237 3026 335 3056 until
352 3038 392 3057 22
408 3030 488 3060 Jan.
505 3040 585 3068 1517
598 3032 758 3066 (Brewer
771 3034 807 3064 ii.
821 3035 905 3072 2578
921 3035 993 3065 and
1062 3035 1123 3074 Ep.
1143 3037 1215 3075 496.
1234 3046 1275 3072 24
1291 3046 1324 3067 n.
