2010 3464
328 192 379 228 26
791 190 1040 229 LETTERS
1077 190 1146 227 OF
1186 190 1450 229 ERASMUS
1788 189 1925 243 [1514

288 311 304 341 5
324 300 445 338 laude
477 299 840 345 cumulatissimus,
879 311 962 336 non
994 300 1190 347 grauatus
1229 310 1338 336 esses
1371 311 1459 344 nos,
1501 298 1572 348 qui
1609 298 1719 336 nihil
1758 311 1914 338 sumus,

326 365 585 415 politissimis
610 364 742 402 literis
770 363 855 401 tuis
878 363 928 400 ad
955 362 1183 401 amicitiam
1209 375 1441 411 prouocare,
1463 364 1664 412 quantum
1693 376 1767 413 ego
1792 363 1918 402 felici-

325 431 423 468 tatis
451 443 525 467 nec
554 431 693 478 optare
714 441 899 477 vnquam
927 439 1052 465 ausus
1077 427 1250 475 fueram,
1276 441 1371 466 mox
1399 427 1528 466 altera
1557 428 1731 477 epistola
1760 428 1917 466 crimen

327 493 607 543 impudentiae
638 492 869 543 deprecaris
900 492 1009 542 quod
1039 492 1228 531 tantulus
1260 493 1311 532 ad
1343 494 1511 532 tantum
1543 493 1666 532 heroa
1694 493 1916 543 scripseris.

326 558 381 596 Vt
411 559 560 596 missas
585 558 732 596 faciam
755 557 856 596 istas
885 557 1051 596 delicias
1076 559 1227 608 quibus
1254 558 1364 608 apud
1389 558 1520 597 Italos
1544 558 1670 609 vulgo
1699 558 1808 597 docti
1833 571 1922 598 sese

270 635 308 655 10
327 623 499 661 delinire
527 625 841 671 consueuerunt,
871 625 912 661 et
943 623 1069 662 homo
1097 625 1331 663 Germanus
1361 637 1456 662 cum
1486 625 1693 663 Germano
1726 637 1922 674 germana

326 688 399 726 illa
418 690 459 726 et
478 688 659 738 simplici
677 689 849 727 veritate
869 702 998 739 agam,
1020 689 1107 739 ipse
1132 703 1199 728 me
1226 702 1328 737 meo,
1352 689 1460 739 quod
1485 690 1614 737 aiunt,
1641 690 1742 740 pede
1762 689 1919 736 metior,

326 756 365 791 et
403 754 503 792 noui
541 767 666 804 quam
704 753 757 792 sit
794 754 901 792 mihi
943 756 1058 792 curta
1102 754 1299 805 supellex,
1340 757 1508 794 tantum
1545 755 1659 794 abest
1696 757 1744 794 vt
1779 754 1923 794 laudes

327 832 547 869 agnoscam
567 832 667 869 quas
686 821 732 857 tu
752 819 855 858 mihi
877 820 1030 858 tribuis.
1091 821 1308 859 Caeterum
1326 833 1375 858 ex
1394 820 1535 859 animo
1555 824 1719 859 nostrae
1738 820 1927 870 gratulor

329 885 587 933 Germaniae,
612 898 715 935 quae
734 886 817 923 iam
837 885 937 923 olim
956 885 1125 924 bellicae
1152 886 1211 924 rei
1235 885 1363 936 gloria
1388 886 1538 924 florens
1557 899 1667 925 nunc
1686 886 1841 937 passim
1861 887 1924 924 tot

275 962 309 992 15
330 950 453 988 etiam
473 950 642 988 eximiis
661 951 706 988 in
726 951 841 988 omni
860 950 1077 989 literarum
1098 964 1243 1001 genere
1264 951 1366 989 viris
1385 950 1630 1000 illustratur,
1655 966 1735 1002 qua
1754 951 1923 1002 quidem

330 1015 461 1064 gloria
481 1029 565 1054 non
584 1015 663 1054 alia
677 1029 807 1065 neque
822 1016 956 1054 verior
970 1029 1103 1066 neque
1118 1016 1354 1055 diuturnior
1369 1030 1377 1063 3
1406 1029 1508 1066 quos
1523 1030 1758 1067 quanquam
1778 1029 1927 1056 omnes

331 1081 596 1119 vehementer
616 1081 803 1130 suspicio,
828 1081 950 1119 sicuti
976 1095 1050 1131 par
1078 1084 1149 1128 est,
1172 1083 1314 1120 tamen
1341 1081 1498 1120 nullius
1524 1082 1620 1120 stilo
1640 1081 1771 1132 magis
1790 1082 1927 1131 capior

332 1159 457 1194 quam
482 1148 565 1194 tuo,
589 1159 673 1184 non
702 1148 870 1184 tantum
897 1146 947 1184 ob
973 1146 1015 1185 id
1041 1147 1151 1196 quod
1177 1146 1433 1185 castissimus
1459 1148 1522 1186 est
1547 1149 1587 1185 et
1614 1147 1665 1186 ab
1685 1147 1800 1185 omni
1820 1160 1926 1185 neuo

332 1210 587 1259 purissimus,
610 1212 882 1249 verumetiam
909 1211 960 1249 ob
986 1211 1027 1249 id
1058 1211 1166 1261 quod
1196 1211 1488 1250 Politianicam
1513 1211 1631 1251 illam
1655 1213 1859 1251 Venerem
1882 1224 1926 1249 ac

275 1289 314 1309 20
332 1273 499 1311 delicias
536 1273 638 1312 mire
674 1274 826 1312 referre
863 1275 1036 1321 videtur,
1076 1275 1192 1313 cuius
1224 1274 1303 1313 viri
1336 1274 1502 1324 ingenio
1541 1288 1702 1325 semper
1738 1274 1797 1314 ita
1834 1286 1927 1312 sum

333 1339 557 1378 delectatus
575 1342 621 1378 vt
642 1339 800 1378 nullius
820 1353 958 1389 aeque.
1013 1340 1142 1378 Porro
1161 1353 1256 1378 cum
1277 1340 1321 1377 in
1341 1340 1552 1378 Politiano
1571 1353 1737 1378 summa
1755 1339 1928 1378 laudum

332 1405 387 1443 sit
407 1405 654 1455 eloquentia,
680 1406 834 1454 quanto
854 1406 1004 1443 rectius
1029 1407 1078 1453 te,
1101 1407 1161 1444 mi
1182 1405 1286 1453 Zasi,
1310 1406 1502 1444 conuenit
1528 1405 1749 1454 suspicere,
1768 1404 1813 1443 in
1833 1417 1928 1454 quo„

335 1471 443 1519 quod
463 1470 507 1508 in
526 1472 641 1509 tanto
656 1470 746 1509 viro
764 1484 992 1519 summum,
1010 1471 1056 1508 in
1073 1473 1112 1509 te
1127 1471 1398 1509 accessorium
1413 1472 1477 1509 est
1497 1473 1537 1510 et
1553 1470 1668 1510 velut
1683 1469 1923 1509 auctarium.

389 1536 571 1574 Proinde
598 1536 724 1574 debeo
747 1536 887 1584 Beato,
911 1536 1037 1574 debeo
1061 1536 1299 1584 Gallinario,
1323 1549 1397 1586 per
1423 1549 1525 1586 quos
1550 1538 1590 1574 te
1610 1536 1796 1586 primum
1815 1535 1930 1585 coepi

279 1616 316 1647 25
336 1614 587 1651 cognoscere,
611 1601 681 1639 sed
711 1602 842 1651 magis
870 1601 949 1640 tibi
979 1602 1115 1649 debeo,
1142 1602 1258 1640 cuius
1287 1601 1603 1640 humanissimis
1631 1601 1757 1640 simul
1786 1602 1828 1638 et
1857 1600 1932 1638 ele-

336 1665 593 1715 gantissimis
624 1666 758 1705 literis
792 1667 917 1706 etiam
947 1667 991 1705 in
1023 1667 1252 1706 amicorum
1285 1669 1454 1705 tuorum
1485 1680 1708 1705 numerum
1739 1667 1931 1716 cooptor;

336 1744 416 1781 qua
448 1744 496 1769 ⁴re
534 1732 642 1770 nihil
679 1732 786 1770 mihi
822 1732 960 1782 potuit
996 1733 1178 1771 accidere
1216 1732 1438 1771 iucundius
1474 1734 1545 1770 aut
1579 1731 1937 1770 honorificentius..

338 1796 480 1846 Neque
513 1810 610 1835 vero
645 1797 942 1836 commissurus
979 1811 1091 1836 eram
1129 1799 1174 1836 vt
1206 1800 1252 1836 tu
1290 1798 1447 1847 priores
1486 1810 1716 1847 occupares,
1751 1797 1796 1834 ni
1834 1796 1932 1835 huic

336 1862 512 1911 pistrino
533 1862 589 1900 sic
609 1875 741 1901 essem
761 1863 906 1902 affixus
926 1865 966 1901 et
986 1863 1180 1913 alligatus
1202 1865 1249 1901 vt
1269 1863 1341 1901 vix
1365 1863 1419 1901 sit
1446 1862 1583 1901 ocium
1606 1862 1803 1912 capiendo
1829 1861 1931 1900 cibo.

279 1940 317 1969 30
338 1927 598 1975 Adagiorum
626 1941 728 1977 opus
753 1928 813 1966 ita
840 1928 1117 1978 locupletatur
1137 1930 1183 1967 vt
1209 1928 1323 1966 aliud
1342 1927 1476 1966 videri
1498 1928 1640 1978 possit.
1698 1928 1935 1977 Apparatur

339 2004 436 2030 mox
455 1993 719 2030 excudendus
746 1993 1033 2043 Hieronymus
1052 2006 1147 2032 cum
1170 1993 1480 2031 annotamentis
1505 1994 1545 2031 et
1571 1992 1742 2031 scholiis
1766 1992 1932 2030 nostris.

339 2057 581 2095 Adornatur
614 2057 781 2096 Nouum
815 2058 1129 2096 Testamentum
1161 2058 1314 2096 nostris
1346 2059 1568 2108 purgatum
1605 2059 1643 2096 et
1676 2057 1935 2096 illustratum

341 2122 517 2159 scholiis.
588 2122 766 2161 Aeditur
798 2136 820 2161 a
854 2123 975 2161 nobis
1006 2123 1213 2172 recognita
1251 2123 1399 2172 Copia3
1440 2123 1609 2160 aedetur
1641 2124 1683 2160 et
1720 2121 1936 2160 Similium

340 2187 455 2225 liber.
518 2186 646 2236 Opera
673 2202 777 2237 quae
800 2190 1007 2226 verteram
1031 2201 1053 2225 e
1076 2188 1302 2226 Plutarcho
1333 2188 1416 2225 iam
1440 2187 1631 2226 formulis
1652 2199 1800 2226 excusa
1823 2189 1933 2225 sunt.

282 2265 322 2297 35
342 2252 521 2290 Paratur
540 2255 582 2291 et
602 2252 755 2291 Seneca
773 2254 949 2291 Anneus
969 2266 992 2291 a
1011 2266 1078 2291 me
1097 2253 1273 2291 summis
1293 2252 1503 2291 laboribus
1523 2251 1786 2290 emaculatus.
1829 2251 1935 2290 Cum

344 2318 491 2355 horum
513 2331 643 2356 vnum
666 2318 875 2367 quodlibet
897 2318 1137 2357 huiusmodi
1155 2318 1210 2356 sit
1230 2320 1275 2356 vt
1295 2320 1433 2356 totum
1456 2317 1681 2365 hominem,
1706 2318 1746 2355 et
1767 2317 1935 2367 quidem

344 2396 428 2421 non
461 2384 683 2422 Erasmum
721 2384 791 2421 sed
828 2383 1144 2423 adamantinum
1179 2383 1372 2433 aliquem,
1406 2383 1634 2432 desyderet,
1668 2382 1788 2421 facile
1820 2383 1937 2432 potes

346 2449 623 2488 coniecturam
662 2448 792 2487 facere
830 2462 955 2499 quam
996 2449 1102 2487 mihi
1139 2448 1248 2486 nihil
1286 2449 1341 2487 sit
1378 2448 1497 2486 vacui
1533 2447 1744 2497 temporis.
1817 2447 1940 2485 Vnde

345 2515 510 2552 veniam
548 2515 617 2552 des
655 2516 828 2564 oportet,
867 2515 1050 2564 primum
1090 2515 1257 2563 quidem
1296 2514 1404 2563 quod
1444 2513 1493 2551 ad
1533 2515 1625 2551 tuas
1665 2512 1809 2552 literas
1851 2515 1937 2551 tam

286 2592 328 2623 40
344 2579 532 2618 elimatas
551 2582 638 2618 tam
658 2579 885 2618 inconditis
906 2581 1143 2629 respondeo,
1165 2579 1287 2629 plane
1310 2580 1451 2630 χρύσεα
1475 2579 1658 2630 χαλκείων
1678 2579 1937 2629 ἀμειβόμενος·

347 2645 493 2683 deinde
521 2645 557 2683 si
585 2645 756 2696 posthac
783 2647 852 2683 aut
883 2645 1016 2683 rarius
1045 2648 1115 2684 aut
1143 2645 1403 2695 paucioribus
1428 2658 1554 2694 quam
1579 2646 1626 2683 tu
1649 2645 1776 2683 velles
1801 2646 1943 2683 tecum

347 2722 464 2759 agere
483 2710 661 2749 videbor.
720 2710 979 2760 Simulatque
1000 2710 1112 2748 hisce
1134 2724 1201 2749 me
1226 2709 1439 2748 laboribus
1459 2709 1652 2749 nonnihil
1673 2709 1936 2755 extricauero‚

347 2774 489 2813 libebit
510 2775 576 2813 vel
596 2775 717 2814 iustis
736 2775 1024 2814 voluminibus
1043 2789 1137 2814 cum
1158 2789 1248 2814 meo
1269 2775 1390 2814 Zasio
1409 2775 1612 2826 congredi.

397 2889 422 2916 7.
451 2888 556 2909 ausus
571 2890 590 2908 α
602 2882 629 2909 Ε
644 2890 651 2908 2
675 2888 827 2911 ausurus
845 2892 864 2910 α
881 2882 917 2909 in
932 2889 1031 2917 marsa.
1198 2889 1229 2918 9.
1256 2903 1264 2911 .
1280 2878 1328 2908 Vt
1346 2890 1364 2908 α
1376 2880 1430 2908 H:
1455 2901 1462 2916 ,
1482 2880 1519 2908 vt
1538 2880 1575 2908 E.
1747 2886 1796 2906 10.
1822 2899 1829 2914 ‚
1847 2877 1882 2907 et
1898 2888 1918 2905 α
1934 2888 1943 2906 :

353 2946 360 2952 .
381 2921 449 2952 Sed
466 2924 505 2952 vt
521 2925 549 2951 E
566 2933 573 2951 ε
598 2945 605 2955 ,
625 2923 686 2953 sed
704 2925 741 2953 vt
759 2926 802 2954 Η.
976 2932 1025 2962 17.
1052 2923 1175 2952 tamen
1192 2926 1239 2952 F:
1263 2924 1342 2952 tum
1360 2924 1410 2952 E:
1434 2923 1470 2952 tfi
1487 2923 1536 2952 tffi
1552 2933 1582 2951 α.
1749 2920 1801 2950 26.
1827 2920 1940 2950 etiam

352 2968 379 2995 E
395 2976 402 2995 ι
426 2967 460 2995 et
478 2976 507 2995 α.
599 2968 739 3005 cooptet
756 2969 794 2997 E.
928 2976 980 3005 29.
1005 2965 1180 3005 obligatus
1198 2968 1235 2997 F.

398 3054 447 3075 10.
467 3043 684 3082 Germanus]
702 3044 751 3075 Cf.
774 3044 836 3083 Ep.
857 3045 932 3083 269.
951 3045 1003 3082 38.
1201 3053 1248 3073 11.
1274 3041 1418 3082 metior]
1445 3041 1496 3072 Cf.
1520 3040 1605 3071 Hor.
1625 3042 1684 3076 Ep.
1705 3049 1729 3070 1.
1751 3049 1779 3077 7.
1798 3039 1850 3078 98.
