<?xml version="1.0" encoding="UTF-8"?>
<!DOCTYPE html PUBLIC "-//W3C//DTD XHTML 1.0 Transitional//EN"
    "http://www.w3.org/TR/xhtml1/DTD/xhtml1-transitional.dtd">
<html xmlns="http://www.w3.org/1999/xhtml" xml:lang="en" lang="en">
 <head>
  <title>
</title>
<meta http-equiv="Content-Type" content="text/html;charset=utf-8" />
  <meta name='ocr-system' content='tesseract 3.04.00' />
  <meta name='ocr-capabilities' content='ocr_page ocr_carea ocr_par ocr_line ocrx_word'/>
</head>
<body>
  <div class='ocr_page' id='page_1' title='image "./opusepistolarumd02erasuoft/opusepistolarumd02erasuoft_0245.png"; bbox 0 0 2010 3417; ppageno 0'>
   <div class='ocr_carea' id='block_1_1' title="bbox 75 147 1665 205">
    <p class='ocr_par' dir='ltr' id='par_1_1' title="bbox 75 147 1665 205">
     <span class='ocr_line' id='line_1_1' title="bbox 75 147 1665 205; baseline -0.002 -16"><span class='ocrx_word' id='word_1_1' title='bbox 75 150 175 205; x_wconf 83' lang='lat'><strong>396]</strong></span> <span class='ocrx_word' id='word_1_2' title='bbox 533 149 604 189; x_wconf 86' lang='lat' dir='ltr'>TO</span> <span class='ocrx_word' id='word_1_3' title='bbox 642 149 908 188; x_wconf 89' lang='lat' dir='ltr'><strong>WILLIAM</strong></span> <span class='ocrx_word' id='word_1_4' title='bbox 948 147 1218 188; x_wconf 83' lang='lat' dir='ltr'><strong>WARHAM</strong></span> <span class='ocrx_word' id='word_1_5' title='bbox 1587 149 1665 187; x_wconf 83' lang='lat'>219</span> 
     </span>
    </p>
   </div>
   <div class='ocr_carea' id='block_1_2' title="bbox 75 258 1766 2924">
    <p class='ocr_par' dir='ltr' id='par_1_2' title="bbox 75 258 1761 2272">
     <span class='ocr_line' id='line_1_2' title="bbox 131 258 1668 311; baseline -0.003 -11"><span class='ocrx_word' id='word_1_6' title='bbox 131 261 374 301; x_wconf 89' lang='lat' dir='ltr'>Adiecimus</span> <span class='ocrx_word' id='word_1_7' title='bbox 403 259 581 311; x_wconf 87' lang='lat' dir='ltr'>singulis</span> <span class='ocrx_word' id='word_1_8' title='bbox 609 259 761 300; x_wconf 84' lang='lat' dir='ltr'>libellis</span> <span class='ocrx_word' id='word_1_9' title='bbox 789 262 860 298; x_wconf 87' lang='lat' dir='ltr'>aut</span> <span class='ocrx_word' id='word_1_10' title='bbox 893 258 1080 309; x_wconf 87' lang='lat' dir='ltr'>epistolis</span> <span class='ocrx_word' id='word_1_11' title='bbox 1111 261 1368 309; x_wconf 89' lang='lat' dir='ltr'>argumenta,</span> <span class='ocrx_word' id='word_1_12' title='bbox 1400 258 1532 298; x_wconf 88' lang='lat' dir='ltr'>veluti</span> <span class='ocrx_word' id='word_1_13' title='bbox 1561 258 1668 297; x_wconf 90' lang='lat' dir='ltr'>fores</span> 
     </span>
     <span class='ocr_line' id='line_1_3' title="bbox 75 323 1670 378; baseline -0.003 -12"><span class='ocrx_word' id='word_1_14' title='bbox 75 327 306 378; x_wconf 87' lang='lat' dir='ltr'>aperientes</span> <span class='ocrx_word' id='word_1_15' title='bbox 324 326 487 376; x_wconf 83' lang='lat' dir='ltr'>ingredi</span> <span class='ocrx_word' id='word_1_16' title='bbox 506 324 755 364; x_wconf 87' lang='lat' dir='ltr'>volentibus.</span> <span class='ocrx_word' id='word_1_17' title='bbox 812 324 971 363; x_wconf 81' lang='lat' dir='ltr'>Deinde</span> <span class='ocrx_word' id='word_1_18' title='bbox 992 323 1158 374; x_wconf 88' lang='lat' dir='ltr'>quando</span> <span class='ocrx_word' id='word_1_19' title='bbox 1177 337 1261 363; x_wconf 90' lang='lat' dir='ltr'>non</span> <span class='ocrx_word' id='word_1_20' title='bbox 1282 324 1477 363; x_wconf 88' lang='lat' dir='ltr'>omnibus</span> <span class='ocrx_word' id='word_1_21' title='bbox 1497 323 1670 373; x_wconf 78' lang='lat' dir='ltr'>contigit</span> 
     </span>
     <span class='ocr_line' id='line_1_4' title="bbox 75 389 1669 443; baseline -0.002 -12"><span class='ocrx_word' id='word_1_22' title='bbox 75 395 138 432; x_wconf 90' lang='lat' dir='ltr'>tot</span> <span class='ocrx_word' id='word_1_23' title='bbox 151 391 392 443; x_wconf 88' lang='lat' dir='ltr'>linguarum</span> <span class='ocrx_word' id='word_1_24' title='bbox 407 404 452 429; x_wconf 92' lang='lat' dir='ltr'>ac</span> <span class='ocrx_word' id='word_1_25' title='bbox 467 390 702 429; x_wconf 89' lang='lat' dir='ltr'>litterarum</span> <span class='ocrx_word' id='word_1_26' title='bbox 715 390 908 439; x_wconf 77' lang='lat' dir='ltr'>cognitio,</span> <span class='ocrx_word' id='word_1_27' title='bbox 925 389 960 428; x_wconf 93' lang='lat' dir='ltr'>si</span> <span class='ocrx_word' id='word_1_28' title='bbox 978 390 1077 440; x_wconf 90' lang='lat' dir='ltr'>quid</span> <span class='ocrx_word' id='word_1_29' title='bbox 1092 390 1289 428; x_wconf 90' lang='lat' dir='ltr'>remorari</span> <span class='ocrx_word' id='word_1_30' title='bbox 1303 392 1460 440; x_wconf 88' lang='lat' dir='ltr'>poterat</span> <span class='ocrx_word' id='word_1_31' title='bbox 1475 389 1669 428; x_wconf 89' lang='lat' dir='ltr'>lectorem</span> 
     </span>
     <span class='ocr_line' id='line_1_5' title="bbox 77 454 1671 506; baseline -0.003 -10"><span class='ocrx_word' id='word_1_32' title='bbox 77 458 338 496; x_wconf 80' lang='lat' dir='ltr'>mediocriter</span> <span class='ocrx_word' id='word_1_33' title='bbox 356 456 576 504; x_wconf 90' lang='lat' dir='ltr'>eruditum,</span> <span class='ocrx_word' id='word_1_34' title='bbox 599 456 641 495; x_wconf 91' lang='lat' dir='ltr'>id</span> <span class='ocrx_word' id='word_1_35' title='bbox 662 455 831 494; x_wconf 84' lang='lat' dir='ltr'>scholiis</span> <span class='ocrx_word' id='word_1_36' title='bbox 849 454 1001 493; x_wconf 89' lang='lat' dir='ltr'>additis</span> <span class='ocrx_word' id='word_1_37' title='bbox 1019 454 1321 494; x_wconf 86' lang='lat' dir='ltr'>illustrauimus</span> <span class='ocrx_word' id='word_1_38' title='bbox 1341 468 1443 506; x_wconf 90' lang='lat' dir='ltr'>quae</span> <span class='ocrx_word' id='word_1_39' title='bbox 1461 454 1671 505; x_wconf 88' lang='lat' dir='ltr'>geminam</span> 
     </span>
     <span class='ocr_line' id='line_1_6' title="bbox 77 519 1751 571; baseline -0.005 -9"><span class='ocrx_word' id='word_1_40' title='bbox 77 522 302 562; x_wconf 86' lang='lat' dir='ltr'>vtilitatem</span> <span class='ocrx_word' id='word_1_41' title='bbox 321 521 534 560; x_wconf 76' lang='lat' dir='ltr'>adferant:</span> <span class='ocrx_word' id='word_1_42' title='bbox 564 521 736 560; x_wconf 87' lang='lat' dir='ltr'>alteram</span> <span class='ocrx_word' id='word_1_43' title='bbox 765 520 873 570; x_wconf 88' lang='lat' dir='ltr'>quod</span> <span class='ocrx_word' id='word_1_44' title='bbox 898 522 985 558; x_wconf 90' lang='lat' dir='ltr'>tam</span> <span class='ocrx_word' id='word_1_45' title='bbox 1012 519 1190 569; x_wconf 82' lang='lat' dir='ltr'>insignis</span> <span class='ocrx_word' id='word_1_46' title='bbox 1216 520 1378 569; x_wconf 85' lang='lat' dir='ltr'>author,</span> <span class='ocrx_word' id='word_1_47' title='bbox 1401 521 1473 571; x_wconf 90' lang='lat' dir='ltr'>qui</span> <span class='ocrx_word' id='word_1_48' title='bbox 1498 519 1670 559; x_wconf 87' lang='lat' dir='ltr'>antehac</span> <span class='ocrx_word' id='word_1_49' title='bbox 1691 532 1751 563; x_wconf 82' lang='lat'>290</span> 
     </span>
     <span class='ocr_line' id='line_1_7' title="bbox 79 583 1673 635; baseline -0.004 -8"><span class='ocrx_word' id='word_1_50' title='bbox 79 601 154 627; x_wconf 89' lang='lat' dir='ltr'>nec</span> <span class='ocrx_word' id='word_1_51' title='bbox 191 587 243 626; x_wconf 91' lang='lat' dir='ltr'>ab</span> <span class='ocrx_word' id='word_1_52' title='bbox 282 585 578 625; x_wconf 87' lang='lat' dir='ltr'>eruditissimis</span> <span class='ocrx_word' id='word_1_53' title='bbox 617 584 699 635; x_wconf 89' lang='lat' dir='ltr'>legi</span> <span class='ocrx_word' id='word_1_54' title='bbox 738 586 909 634; x_wconf 86' lang='lat' dir='ltr'>poterat,</span> <span class='ocrx_word' id='word_1_55' title='bbox 954 584 1125 634; x_wconf 90' lang='lat' dir='ltr'>posthac</span> <span class='ocrx_word' id='word_1_56' title='bbox 1168 599 1192 624; x_wconf 91' lang='lat' dir='ltr'>a</span> <span class='ocrx_word' id='word_1_57' title='bbox 1237 585 1474 624; x_wconf 86' lang='lat' dir='ltr'>semidoctis</span> <span class='ocrx_word' id='word_1_58' title='bbox 1519 583 1673 634; x_wconf 86' lang='lat' dir='ltr'>poterit</span> 
     </span>
     <span class='ocr_line' id='line_1_8' title="bbox 77 648 1673 702; baseline -0.004 -10"><span class='ocrx_word' id='word_1_59' title='bbox 77 652 284 702; x_wconf 88' lang='lat' dir='ltr'>intelligi;</span> <span class='ocrx_word' id='word_1_60' title='bbox 331 651 501 690; x_wconf 89' lang='lat' dir='ltr'>alteram</span> <span class='ocrx_word' id='word_1_61' title='bbox 545 650 654 700; x_wconf 92' lang='lat' dir='ltr'>quod</span> <span class='ocrx_word' id='word_1_62' title='bbox 696 649 779 688; x_wconf 88' lang='lat' dir='ltr'>iam</span> <span class='ocrx_word' id='word_1_63' title='bbox 822 662 908 687; x_wconf 91' lang='lat' dir='ltr'>non</span> <span class='ocrx_word' id='word_1_64' title='bbox 948 649 1116 699; x_wconf 87' lang='lat' dir='ltr'>perinde</span> <span class='ocrx_word' id='word_1_65' title='bbox 1158 650 1341 700; x_wconf 86' lang='lat' dir='ltr'>procliue</span> <span class='ocrx_word' id='word_1_66' title='bbox 1377 651 1502 688; x_wconf 88' lang='lat' dir='ltr'>fuerit</span> <span class='ocrx_word' id='word_1_67' title='bbox 1541 648 1673 688; x_wconf 88' lang='lat' dir='ltr'>cuiuis</span> 
     </span>
     <span class='ocr_line' id='line_1_9' title="bbox 78 714 1674 768; baseline -0.003 -12"><span class='ocrx_word' id='word_1_68' title='bbox 78 718 300 768; x_wconf 88' lang='lat' dir='ltr'>deprauare</span> <span class='ocrx_word' id='word_1_69' title='bbox 320 716 430 766; x_wconf 88' lang='lat' dir='ltr'>quod</span> <span class='ocrx_word' id='word_1_70' title='bbox 448 715 498 755; x_wconf 91' lang='lat' dir='ltr'>ab</span> <span class='ocrx_word' id='word_1_71' title='bbox 518 716 611 754; x_wconf 90' lang='lat' dir='ltr'>aliis</span> <span class='ocrx_word' id='word_1_72' title='bbox 629 717 692 754; x_wconf 88' lang='lat' dir='ltr'>est</span> <span class='ocrx_word' id='word_1_73' title='bbox 710 714 963 753; x_wconf 87' lang='lat' dir='ltr'>restitutum.</span> <span class='ocrx_word' id='word_1_74' title='bbox 1016 715 1099 753; x_wconf 87' lang='lat' dir='ltr'>Nec</span> <span class='ocrx_word' id='word_1_75' title='bbox 1119 715 1187 754; x_wconf 89' lang='lat' dir='ltr'>his</span> <span class='ocrx_word' id='word_1_76' title='bbox 1206 717 1390 754; x_wconf 83' lang='lat' dir='ltr'>contenti</span> <span class='ocrx_word' id='word_1_77' title='bbox 1410 727 1674 766; x_wconf 87' lang='lat' dir='ltr'>quaecunque</span> 
     </span>
     <span class='ocr_line' id='line_1_10' title="bbox 78 779 1674 831; baseline -0.003 -9"><span class='ocrx_word' id='word_1_78' title='bbox 78 783 183 822; x_wconf 86' lang='lat' dir='ltr'>falso</span> <span class='ocrx_word' id='word_1_79' title='bbox 200 781 452 831; x_wconf 85' lang='lat' dir='ltr'>Hieronymi</span> <span class='ocrx_word' id='word_1_80' title='bbox 471 781 595 819; x_wconf 90' lang='lat' dir='ltr'>titulo</span> <span class='ocrx_word' id='word_1_81' title='bbox 615 779 1028 827; x_wconf 85' lang='lat' dir='ltr'>circumferebantur,</span> <span class='ocrx_word' id='word_1_82' title='bbox 1048 793 1172 830; x_wconf 84' lang='lat' dir='ltr'>eaque</span> <span class='ocrx_word' id='word_1_83' title='bbox 1197 793 1348 830; x_wconf 88' lang='lat' dir='ltr'>magna</span> <span class='ocrx_word' id='word_1_84' title='bbox 1370 793 1420 819; x_wconf 85' lang='lat' dir='ltr'>ex</span> <span class='ocrx_word' id='word_1_85' title='bbox 1439 783 1554 831; x_wconf 90' lang='lat' dir='ltr'>parte</span> <span class='ocrx_word' id='word_1_86' title='bbox 1573 779 1674 819; x_wconf 87' lang='lat' dir='ltr'>talia</span> 
     </span>
     <span class='ocr_line' id='line_1_11' title="bbox 78 845 1752 897; baseline -0.004 -9"><span class='ocrx_word' id='word_1_87' title='bbox 78 851 125 889; x_wconf 87' lang='lat' dir='ltr'>vt</span> <span class='ocrx_word' id='word_1_88' title='bbox 163 861 250 887; x_wconf 91' lang='lat' dir='ltr'>non</span> <span class='ocrx_word' id='word_1_89' title='bbox 287 847 596 897; x_wconf 89' lang='lat' dir='ltr'>Hieronymum</span> <span class='ocrx_word' id='word_1_90' title='bbox 633 846 860 894; x_wconf 88' lang='lat' dir='ltr'>authorem,</span> <span class='ocrx_word' id='word_1_91' title='bbox 901 846 973 884; x_wconf 85' lang='lat' dir='ltr'>sed</span> <span class='ocrx_word' id='word_1_92' title='bbox 1009 845 1424 896; x_wconf 89' lang='lat' dir='ltr'>impudentissimum</span> <span class='ocrx_word' id='word_1_93' title='bbox 1469 845 1595 884; x_wconf 87' lang='lat' dir='ltr'>simul</span> <span class='ocrx_word' id='word_1_94' title='bbox 1633 847 1674 884; x_wconf 90' lang='lat' dir='ltr'>et</span> <span class='ocrx_word' id='word_1_95' title='bbox 1694 859 1752 891; x_wconf 79' lang='lat'>295</span> 
     </span>
     <span class='ocr_line' id='line_1_12' title="bbox 78 910 1674 961; baseline -0.003 -8"><span class='ocrx_word' id='word_1_96' title='bbox 78 913 412 953; x_wconf 88' lang='lat' dir='ltr'>insulsissimum</span> <span class='ocrx_word' id='word_1_97' title='bbox 442 911 631 951; x_wconf 89' lang='lat' dir='ltr'>rabulam</span> <span class='ocrx_word' id='word_1_98' title='bbox 664 911 853 961; x_wconf 88' lang='lat' dir='ltr'>opificem</span> <span class='ocrx_word' id='word_1_99' title='bbox 878 923 976 961; x_wconf 88' lang='lat' dir='ltr'>prae</span> <span class='ocrx_word' id='word_1_100' title='bbox 1001 923 1044 949; x_wconf 90' lang='lat' dir='ltr'>se</span> <span class='ocrx_word' id='word_1_101' title='bbox 1069 910 1236 958; x_wconf 85' lang='lat' dir='ltr'>ferrent,</span> <span class='ocrx_word' id='word_1_102' title='bbox 1259 924 1345 949; x_wconf 90' lang='lat' dir='ltr'>non</span> <span class='ocrx_word' id='word_1_103' title='bbox 1364 910 1598 958; x_wconf 85' lang='lat' dir='ltr'>recidimus,</span> <span class='ocrx_word' id='word_1_104' title='bbox 1623 924 1674 949; x_wconf 90' lang='lat' dir='ltr'>ne</span> 
     </span>
     <span class='ocr_line' id='line_1_13' title="bbox 79 975 1670 1030; baseline -0.002 -13"><span class='ocrx_word' id='word_1_105' title='bbox 79 978 180 1030; x_wconf 89' lang='lat' dir='ltr'>quid</span> <span class='ocrx_word' id='word_1_106' title='bbox 200 978 373 1017; x_wconf 84' lang='lat' dir='ltr'>omnino</span> <span class='ocrx_word' id='word_1_107' title='bbox 393 978 655 1028; x_wconf 89' lang='lat' dir='ltr'>desyderaret</span> <span class='ocrx_word' id='word_1_108' title='bbox 674 976 824 1015; x_wconf 82' lang='lat' dir='ltr'>auidus</span> <span class='ocrx_word' id='word_1_109' title='bbox 848 975 980 1027; x_wconf 86' lang='lat' dir='ltr'>magis</span> <span class='ocrx_word' id='word_1_110' title='bbox 1007 989 1132 1026; x_wconf 89' lang='lat' dir='ltr'>quam</span> <span class='ocrx_word' id='word_1_111' title='bbox 1158 976 1324 1026; x_wconf 84' lang='lat' dir='ltr'>elegans</span> <span class='ocrx_word' id='word_1_112' title='bbox 1342 976 1481 1024; x_wconf 90' lang='lat' dir='ltr'>lector,</span> <span class='ocrx_word' id='word_1_113' title='bbox 1507 976 1583 1014; x_wconf 91' lang='lat' dir='ltr'>hoc</span> <span class='ocrx_word' id='word_1_114' title='bbox 1598 978 1670 1022; x_wconf 86' lang='lat' dir='ltr'>est,</span> 
     </span>
     <span class='ocr_line' id='line_1_14' title="bbox 78 1040 1675 1092; baseline -0.003 -9"><span class='ocrx_word' id='word_1_115' title='bbox 78 1047 124 1084; x_wconf 86' lang='lat' dir='ltr'>vt</span> <span class='ocrx_word' id='word_1_116' title='bbox 145 1043 278 1083; x_wconf 88' lang='lat' dir='ltr'>dicam</span> <span class='ocrx_word' id='word_1_117' title='bbox 300 1043 487 1092; x_wconf 85' lang='lat' dir='ltr'>crassius,</span> <span class='ocrx_word' id='word_1_118' title='bbox 502 1056 554 1081; x_wconf 88' lang='lat' dir='ltr'>ne</span> <span class='ocrx_word' id='word_1_119' title='bbox 573 1055 659 1081; x_wconf 92' lang='lat' dir='ltr'>non</span> <span class='ocrx_word' id='word_1_120' title='bbox 674 1041 874 1080; x_wconf 87' lang='lat' dir='ltr'>haberent</span> <span class='ocrx_word' id='word_1_121' title='bbox 887 1040 1044 1080; x_wconf 84' lang='lat' dir='ltr'>similes</span> <span class='ocrx_word' id='word_1_122' title='bbox 1063 1040 1178 1080; x_wconf 90' lang='lat' dir='ltr'>labra</span> <span class='ocrx_word' id='word_1_123' title='bbox 1190 1041 1381 1091; x_wconf 87' lang='lat' dir='ltr'>lactucas,</span> <span class='ocrx_word' id='word_1_124' title='bbox 1398 1041 1468 1080; x_wconf 89' lang='lat' dir='ltr'>sed</span> <span class='ocrx_word' id='word_1_125' title='bbox 1489 1042 1534 1079; x_wconf 90' lang='lat' dir='ltr'>in</span> <span class='ocrx_word' id='word_1_126' title='bbox 1553 1054 1675 1079; x_wconf 91' lang='lat' dir='ltr'>suum</span> 
     </span>
     <span class='ocr_line' id='line_1_15' title="bbox 79 1106 1675 1160; baseline -0.003 -11"><span class='ocrx_word' id='word_1_127' title='bbox 79 1109 358 1160; x_wconf 87' lang='lat' dir='ltr'>relegauimus</span> <span class='ocrx_word' id='word_1_128' title='bbox 369 1107 521 1157; x_wconf 90' lang='lat' dir='ltr'>locum,</span> <span class='ocrx_word' id='word_1_129' title='bbox 539 1107 657 1146; x_wconf 90' lang='lat' dir='ltr'>nullo</span> <span class='ocrx_word' id='word_1_130' title='bbox 668 1106 822 1158; x_wconf 84' lang='lat' dir='ltr'>alioqui</span> <span class='ocrx_word' id='word_1_131' title='bbox 836 1106 961 1157; x_wconf 89' lang='lat' dir='ltr'>digna</span> <span class='ocrx_word' id='word_1_132' title='bbox 972 1106 1073 1146; x_wconf 92' lang='lat' dir='ltr'>loco.</span> <span class='ocrx_word' id='word_1_133' title='bbox 1116 1106 1304 1157; x_wconf 87' lang='lat' dir='ltr'>Denique</span> <span class='ocrx_word' id='word_1_134' title='bbox 1316 1108 1453 1146; x_wconf 90' lang='lat' dir='ltr'>totum</span> <span class='ocrx_word' id='word_1_135' title='bbox 1466 1106 1675 1157; x_wconf 91' lang='lat' dir='ltr'>opus—de</span> 
     </span>
     <span class='ocr_line' id='line_1_16' title="bbox 80 1171 1755 1226; baseline -0.006 -11"><span class='ocrx_word' id='word_1_136' title='bbox 80 1189 128 1215; x_wconf 86' lang='lat' dir='ltr'>ea</span> <span class='ocrx_word' id='word_1_137' title='bbox 146 1175 293 1226; x_wconf 89' lang='lat' dir='ltr'>loquor</span> <span class='ocrx_word' id='word_1_138' title='bbox 310 1174 503 1224; x_wconf 87' lang='lat' dir='ltr'>portione</span> <span class='ocrx_word' id='word_1_139' title='bbox 518 1186 642 1224; x_wconf 90' lang='lat' dir='ltr'>quam</span> <span class='ocrx_word' id='word_1_140' title='bbox 662 1172 780 1212; x_wconf 90' lang='lat' dir='ltr'>nobis</span> <span class='ocrx_word' id='word_1_141' title='bbox 798 1171 964 1223; x_wconf 90' lang='lat' dir='ltr'>proprie</span> <span class='ocrx_word' id='word_1_142' title='bbox 980 1172 1337 1222; x_wconf 86' lang='lat' dir='ltr'>sumpsimus—in</span> <span class='ocrx_word' id='word_1_143' title='bbox 1357 1174 1535 1222; x_wconf 88' lang='lat' dir='ltr'>quatuor</span> <span class='ocrx_word' id='word_1_144' title='bbox 1549 1171 1676 1222; x_wconf 88' lang='lat' dir='ltr'>diges-</span> <span class='ocrx_word' id='word_1_145' title='bbox 1693 1186 1755 1215; x_wconf 72' lang='lat'>300</span> 
     </span>
     <span class='ocr_line' id='line_1_17' title="bbox 81 1237 1676 1290; baseline -0.003 -11"><span class='ocrx_word' id='word_1_146' title='bbox 81 1240 215 1280; x_wconf 86' lang='lat' dir='ltr'>Simus</span> <span class='ocrx_word' id='word_1_147' title='bbox 252 1238 480 1278; x_wconf 80' lang='lat' dir='ltr'>volumina.</span> <span class='ocrx_word' id='word_1_148' title='bbox 555 1238 698 1277; x_wconf 83' lang='lat' dir='ltr'>Primo</span> <span class='ocrx_word' id='word_1_149' title='bbox 726 1239 966 1288; x_wconf 83' lang='grc' dir='ltr'>παραινετικὰ</span> <span class='ocrx_word' id='word_1_150' title='bbox 994 1237 1054 1275; x_wconf 85' lang='grc' dir='ltr'>καὶ</span> <span class='ocrx_word' id='word_1_151' title='bbox 1086 1237 1405 1290; x_wconf 81' lang='grc' dir='ltr'>παραδειγματικὰ</span> <span class='ocrx_word' id='word_1_152' title='bbox 1445 1237 1676 1288; x_wconf 73' lang='lat' dir='ltr'>complexi,</span> 
     </span>
     <span class='ocr_line' id='line_1_18' title="bbox 82 1303 1676 1356; baseline -0.002 -12"><span class='ocrx_word' id='word_1_153' title='bbox 82 1305 192 1356; x_wconf 90' lang='lat' dir='ltr'>quod</span> <span class='ocrx_word' id='word_1_154' title='bbox 211 1318 356 1344; x_wconf 87' lang='lat' dir='ltr'>eorum</span> <span class='ocrx_word' id='word_1_155' title='bbox 377 1318 482 1355; x_wconf 91' lang='lat' dir='ltr'>quae</span> <span class='ocrx_word' id='word_1_156' title='bbox 505 1304 556 1343; x_wconf 91' lang='lat' dir='ltr'>ad</span> <span class='ocrx_word' id='word_1_157' title='bbox 582 1305 713 1342; x_wconf 86' lang='lat' dir='ltr'>vitam</span> <span class='ocrx_word' id='word_1_158' title='bbox 740 1303 1040 1342; x_wconf 83' lang='lat' dir='ltr'>instituendam</span> <span class='ocrx_word' id='word_1_159' title='bbox 1063 1304 1275 1354; x_wconf 89' lang='lat' dir='ltr'>pertinent</span> <span class='ocrx_word' id='word_1_160' title='bbox 1293 1305 1478 1354; x_wconf 84' lang='lat' dir='ltr'>oporteat</span> <span class='ocrx_word' id='word_1_161' title='bbox 1497 1303 1676 1353; x_wconf 85' lang='lat' dir='ltr'>primam</span> 
     </span>
     <span class='ocr_line' id='line_1_19' title="bbox 81 1368 1678 1420; baseline -0.002 -11"><span class='ocrx_word' id='word_1_162' title='bbox 81 1383 169 1410; x_wconf 90' lang='lat' dir='ltr'>esse</span> <span class='ocrx_word' id='word_1_163' title='bbox 189 1383 342 1409; x_wconf 90' lang='lat' dir='ltr'>curam.</span> <span class='ocrx_word' id='word_1_164' title='bbox 392 1369 632 1409; x_wconf 85' lang='lat' dir='ltr'>Secundum</span> <span class='ocrx_word' id='word_1_165' title='bbox 650 1369 695 1408; x_wconf 88' lang='lat' dir='ltr'>in</span> <span class='ocrx_word' id='word_1_166' title='bbox 711 1371 796 1408; x_wconf 89' lang='lat' dir='ltr'>tres</span> <span class='ocrx_word' id='word_1_167' title='bbox 810 1368 1031 1408; x_wconf 84' lang='lat' dir='ltr'>diuisimus</span> <span class='ocrx_word' id='word_1_168' title='bbox 1050 1369 1223 1417; x_wconf 88' lang='lat' dir='ltr'>classes;</span> <span class='ocrx_word' id='word_1_169' title='bbox 1243 1369 1288 1407; x_wconf 91' lang='lat' dir='ltr'>in</span> <span class='ocrx_word' id='word_1_170' title='bbox 1308 1382 1484 1420; x_wconf 89' lang='lat' dir='ltr'>quarum</span> <span class='ocrx_word' id='word_1_171' title='bbox 1500 1369 1678 1419; x_wconf 88' lang='lat' dir='ltr'>primam</span> 
     </span>
     <span class='ocr_line' id='line_1_20' title="bbox 80 1433 1678 1487; baseline -0.001 -13"><span class='ocrx_word' id='word_1_172' title='bbox 80 1435 303 1474; x_wconf 86' lang='lat' dir='ltr'>retulimus</span> <span class='ocrx_word' id='word_1_173' title='bbox 322 1435 521 1487; x_wconf 89' lang='lat' dir='ltr'>quaedam</span> <span class='ocrx_word' id='word_1_174' title='bbox 541 1449 626 1474; x_wconf 93' lang='lat' dir='ltr'>non</span> <span class='ocrx_word' id='word_1_175' title='bbox 650 1435 863 1475; x_wconf 89' lang='lat' dir='ltr'>inerudita</span> <span class='ocrx_word' id='word_1_176' title='bbox 890 1435 1058 1485; x_wconf 87' lang='lat' dir='ltr'>quidem</span> <span class='ocrx_word' id='word_1_177' title='bbox 1083 1434 1156 1473; x_wconf 89' lang='lat' dir='ltr'>illa</span> <span class='ocrx_word' id='word_1_178' title='bbox 1175 1448 1249 1473; x_wconf 91' lang='lat' dir='ltr'>nec</span> <span class='ocrx_word' id='word_1_179' title='bbox 1269 1434 1443 1484; x_wconf 90' lang='lat' dir='ltr'>indigna</span> <span class='ocrx_word' id='word_1_180' title='bbox 1462 1433 1582 1482; x_wconf 90' lang='lat' dir='ltr'>lectu,</span> <span class='ocrx_word' id='word_1_181' title='bbox 1607 1433 1678 1472; x_wconf 88' lang='lat' dir='ltr'>sed</span> 
     </span>
     <span class='ocr_line' id='line_1_21' title="bbox 80 1500 1756 1551; baseline -0.001 -12"><span class='ocrx_word' id='word_1_182' title='bbox 80 1503 223 1540; x_wconf 88' lang='lat' dir='ltr'>tamen</span> <span class='ocrx_word' id='word_1_183' title='bbox 256 1500 359 1540; x_wconf 88' lang='lat' dir='ltr'>falso</span> <span class='ocrx_word' id='word_1_184' title='bbox 396 1501 596 1551; x_wconf 88' lang='lat' dir='ltr'>inscripta</span> <span class='ocrx_word' id='word_1_185' title='bbox 629 1500 902 1550; x_wconf 88' lang='lat' dir='ltr'>Hieronymo.</span> <span class='ocrx_word' id='word_1_186' title='bbox 960 1500 1014 1539; x_wconf 89' lang='lat' dir='ltr'>In</span> <span class='ocrx_word' id='word_1_187' title='bbox 1042 1501 1278 1551; x_wconf 83' lang='lat' dir='ltr'>proximam</span> <span class='ocrx_word' id='word_1_188' title='bbox 1307 1501 1450 1549; x_wconf 88' lang='lat' dir='ltr'>aliena,</span> <span class='ocrx_word' id='word_1_189' title='bbox 1475 1500 1545 1540; x_wconf 86' lang='lat' dir='ltr'>sed</span> <span class='ocrx_word' id='word_1_190' title='bbox 1575 1513 1677 1551; x_wconf 90' lang='lat' dir='ltr'>quae</span> <span class='ocrx_word' id='word_1_191' title='bbox 1697 1512 1756 1543; x_wconf 85' lang='lat'>305</span> 
     </span>
     <span class='ocr_line' id='line_1_22' title="bbox 82 1565 1677 1606; baseline -0.001 -1"><span class='ocrx_word' id='word_1_192' title='bbox 82 1567 170 1606; x_wconf 88' lang='lat' dir='ltr'>suis</span> <span class='ocrx_word' id='word_1_193' title='bbox 206 1566 345 1606; x_wconf 89' lang='lat' dir='ltr'>titulis</span> <span class='ocrx_word' id='word_1_194' title='bbox 382 1567 602 1606; x_wconf 89' lang='lat' dir='ltr'>authorem</span> <span class='ocrx_word' id='word_1_195' title='bbox 639 1567 858 1605; x_wconf 83' lang='lat' dir='ltr'>testentur.</span> <span class='ocrx_word' id='word_1_196' title='bbox 933 1566 986 1605; x_wconf 91' lang='lat' dir='ltr'>In</span> <span class='ocrx_word' id='word_1_197' title='bbox 1026 1565 1195 1605; x_wconf 85' lang='lat' dir='ltr'>tertiam</span> <span class='ocrx_word' id='word_1_198' title='bbox 1233 1565 1349 1605; x_wconf 88' lang='lat' dir='ltr'>velut</span> <span class='ocrx_word' id='word_1_199' title='bbox 1384 1567 1429 1604; x_wconf 92' lang='lat' dir='ltr'>in</span> <span class='ocrx_word' id='word_1_200' title='bbox 1468 1566 1677 1605; x_wconf 85' lang='lat' dir='ltr'>sentinam</span> 
     </span>
     <span class='ocr_line' id='line_1_23' title="bbox 82 1631 1678 1682; baseline -0.001 -12"><span class='ocrx_word' id='word_1_201' title='bbox 82 1632 298 1671; x_wconf 90' lang='lat' dir='ltr'>reiecimus</span> <span class='ocrx_word' id='word_1_202' title='bbox 322 1632 604 1682; x_wconf 90' lang='lat' dir='ltr'>ineptissimas</span> <span class='ocrx_word' id='word_1_203' title='bbox 628 1631 807 1682; x_wconf 90' lang='lat' dir='ltr'>ineptias</span> <span class='ocrx_word' id='word_1_204' title='bbox 832 1631 1073 1681; x_wconf 89' lang='lat' dir='ltr'>impostoris</span> <span class='ocrx_word' id='word_1_205' title='bbox 1101 1631 1211 1670; x_wconf 87' lang='lat' dir='ltr'>haud</span> <span class='ocrx_word' id='word_1_206' title='bbox 1239 1631 1324 1671; x_wconf 88' lang='lat' dir='ltr'>scio</span> <span class='ocrx_word' id='word_1_207' title='bbox 1353 1632 1471 1670; x_wconf 89' lang='lat' dir='ltr'>cuius</span> <span class='ocrx_word' id='word_1_208' title='bbox 1490 1646 1499 1679; x_wconf 88' lang='lat'>;</span> <span class='ocrx_word' id='word_1_209' title='bbox 1528 1631 1579 1669; x_wconf 87' lang='lat' dir='ltr'>de</span> <span class='ocrx_word' id='word_1_210' title='bbox 1598 1644 1678 1680; x_wconf 86' lang='lat' dir='ltr'>quo</span> 
     </span>
     <span class='ocr_line' id='line_1_24' title="bbox 83 1695 1680 1747; baseline -0.002 -11"><span class='ocrx_word' id='word_1_211' title='bbox 83 1698 233 1737; x_wconf 87' lang='lat' dir='ltr'>merito</span> <span class='ocrx_word' id='word_1_212' title='bbox 253 1698 416 1736; x_wconf 89' lang='lat' dir='ltr'>dubites</span> <span class='ocrx_word' id='word_1_213' title='bbox 434 1698 691 1736; x_wconf 89' lang='lat' dir='ltr'>infantiorne</span> <span class='ocrx_word' id='word_1_214' title='bbox 711 1697 766 1736; x_wconf 91' lang='lat' dir='ltr'>sit</span> <span class='ocrx_word' id='word_1_215' title='bbox 783 1710 837 1736; x_wconf 90' lang='lat' dir='ltr'>an</span> <span class='ocrx_word' id='word_1_216' title='bbox 856 1697 1062 1736; x_wconf 92' lang='lat' dir='ltr'>indoctior</span> <span class='ocrx_word' id='word_1_217' title='bbox 1082 1710 1135 1735; x_wconf 89' lang='lat' dir='ltr'>an</span> <span class='ocrx_word' id='word_1_218' title='bbox 1156 1696 1449 1747; x_wconf 89' lang='lat' dir='ltr'>impudentior.</span> <span class='ocrx_word' id='word_1_219' title='bbox 1508 1697 1553 1735; x_wconf 90' lang='lat' dir='ltr'>Is</span> <span class='ocrx_word' id='word_1_220' title='bbox 1572 1695 1680 1735; x_wconf 90' lang='lat' dir='ltr'>mihi</span> 
     </span>
     <span class='ocr_line' id='line_1_25' title="bbox 84 1762 1680 1814; baseline -0.001 -12"><span class='ocrx_word' id='word_1_221' title='bbox 84 1765 204 1812; x_wconf 88' lang='lat' dir='ltr'>certe,</span> <span class='ocrx_word' id='word_1_222' title='bbox 228 1764 415 1814; x_wconf 89' lang='lat' dir='ltr'>quisquis</span> <span class='ocrx_word' id='word_1_223' title='bbox 440 1764 532 1811; x_wconf 83' lang='lat' dir='ltr'>fuit,</span> <span class='ocrx_word' id='word_1_224' title='bbox 553 1764 720 1802; x_wconf 87' lang='lat' dir='ltr'>videtur</span> <span class='ocrx_word' id='word_1_225' title='bbox 746 1763 1019 1812; x_wconf 89' lang='lat' dir='ltr'>dignissimus</span> <span class='ocrx_word' id='word_1_226' title='bbox 1045 1776 1169 1812; x_wconf 90' lang='lat' dir='ltr'>quem</span> <span class='ocrx_word' id='word_1_227' title='bbox 1198 1763 1375 1812; x_wconf 87' lang='lat' dir='ltr'>publicis</span> <span class='ocrx_word' id='word_1_228' title='bbox 1406 1762 1514 1801; x_wconf 89' lang='lat' dir='ltr'>odiis</span> <span class='ocrx_word' id='word_1_229' title='bbox 1547 1774 1680 1812; x_wconf 89' lang='lat' dir='ltr'>prose-</span> 
     </span>
     <span class='ocr_line' id='line_1_26' title="bbox 85 1827 1761 1880; baseline -0.002 -12"><span class='ocrx_word' id='word_1_230' title='bbox 85 1831 265 1880; x_wconf 85' lang='lat' dir='ltr'>quantur</span> <span class='ocrx_word' id='word_1_231' title='bbox 284 1830 425 1868; x_wconf 85' lang='lat' dir='ltr'>omnia</span> <span class='ocrx_word' id='word_1_232' title='bbox 443 1829 604 1868; x_wconf 88' lang='lat' dir='ltr'>saecula</span> <span class='ocrx_word' id='word_1_233' title='bbox 622 1844 631 1877; x_wconf 90' lang='lat'>;</span> <span class='ocrx_word' id='word_1_234' title='bbox 662 1829 734 1879; x_wconf 89' lang='lat' dir='ltr'>qui</span> <span class='ocrx_word' id='word_1_235' title='bbox 761 1829 811 1866; x_wconf 89' lang='lat' dir='ltr'>de</span> <span class='ocrx_word' id='word_1_236' title='bbox 836 1828 1027 1867; x_wconf 89' lang='lat' dir='ltr'>omnium</span> <span class='ocrx_word' id='word_1_237' title='bbox 1052 1830 1236 1867; x_wconf 88' lang='lat' dir='ltr'>aetatum</span> <span class='ocrx_word' id='word_1_238' title='bbox 1259 1828 1438 1878; x_wconf 86' lang='lat' dir='ltr'>ingeniis</span> <span class='ocrx_word' id='word_1_239' title='bbox 1464 1831 1552 1866; x_wconf 88' lang='lat' dir='ltr'>tam</span> <span class='ocrx_word' id='word_1_240' title='bbox 1572 1827 1679 1866; x_wconf 87' lang='lat' dir='ltr'>male</span> <span class='ocrx_word' id='word_1_241' title='bbox 1699 1839 1761 1869; x_wconf 78' lang='lat'>310</span> 
     </span>
     <span class='ocr_line' id='line_1_27' title="bbox 85 1892 1682 1945; baseline -0.003 -11"><span class='ocrx_word' id='word_1_242' title='bbox 85 1893 259 1934; x_wconf 88' lang='lat' dir='ltr'>senserit</span> <span class='ocrx_word' id='word_1_243' title='bbox 295 1897 343 1934; x_wconf 84' lang='lat' dir='ltr'>vt</span> <span class='ocrx_word' id='word_1_244' title='bbox 379 1896 557 1945; x_wconf 89' lang='lat' dir='ltr'>sperarit</span> <span class='ocrx_word' id='word_1_245' title='bbox 593 1894 808 1933; x_wconf 90' lang='lat' dir='ltr'>neminem</span> <span class='ocrx_word' id='word_1_246' title='bbox 844 1894 1035 1932; x_wconf 88' lang='lat' dir='ltr'>futurum</span> <span class='ocrx_word' id='word_1_247' title='bbox 1072 1894 1144 1944; x_wconf 85' lang='lat' dir='ltr'>qui</span> <span class='ocrx_word' id='word_1_248' title='bbox 1175 1893 1305 1943; x_wconf 87' lang='lat' dir='ltr'>possit</span> <span class='ocrx_word' id='word_1_249' title='bbox 1342 1893 1478 1931; x_wconf 89' lang='lat' dir='ltr'>insani</span> <span class='ocrx_word' id='word_1_250' title='bbox 1516 1892 1682 1931; x_wconf 87' lang='lat' dir='ltr'>rabulae</span> 
     </span>
     <span class='ocr_line' id='line_1_28' title="bbox 84 1957 1681 2011; baseline -0.003 -12"><span class='ocrx_word' id='word_1_251' title='bbox 84 1960 253 1999; x_wconf 89' lang='lat' dir='ltr'>naenias</span> <span class='ocrx_word' id='word_1_252' title='bbox 272 1960 324 1999; x_wconf 92' lang='lat' dir='ltr'>ab</span> <span class='ocrx_word' id='word_1_253' title='bbox 344 1959 686 2011; x_wconf 89' lang='lat' dir='ltr'>eloquentissimi,</span> <span class='ocrx_word' id='word_1_254' title='bbox 704 1958 933 1998; x_wconf 86' lang='lat' dir='ltr'>doctissimi</span> <span class='ocrx_word' id='word_1_255' title='bbox 951 1958 1286 2009; x_wconf 86' lang='lat' dir='ltr'>sanctissimique</span> <span class='ocrx_word' id='word_1_256' title='bbox 1306 1958 1385 1997; x_wconf 86' lang='lat' dir='ltr'>viri</span> <span class='ocrx_word' id='word_1_257' title='bbox 1403 1957 1523 1996; x_wconf 88' lang='lat' dir='ltr'>libris</span> <span class='ocrx_word' id='word_1_258' title='bbox 1540 1957 1681 2008; x_wconf 88' lang='lat' dir='ltr'>digno-</span> 
     </span>
     <span class='ocr_line' id='line_1_29' title="bbox 86 2023 1682 2075; baseline -0.002 -10"><span class='ocrx_word' id='word_1_259' title='bbox 86 2039 207 2065; x_wconf 87' lang='lat' dir='ltr'>scere.</span> <span class='ocrx_word' id='word_1_260' title='bbox 285 2024 474 2064; x_wconf 85' lang='lat' dir='ltr'>Tertium</span> <span class='ocrx_word' id='word_1_261' title='bbox 528 2024 727 2063; x_wconf 90' lang='lat' dir='ltr'>volumen</span> <span class='ocrx_word' id='word_1_262' title='bbox 782 2024 971 2063; x_wconf 89' lang='lat' dir='ltr'>dedimus</span> <span class='ocrx_word' id='word_1_263' title='bbox 1024 2026 1249 2075; x_wconf 83' lang='grc' dir='ltr'>ἐλεγκτικοῖς</span> <span class='ocrx_word' id='word_1_264' title='bbox 1294 2025 1337 2062; x_wconf 89' lang='lat' dir='ltr'>et</span> <span class='ocrx_word' id='word_1_265' title='bbox 1385 2023 1682 2075; x_wconf 79' lang='grc' dir='ltr'>ἀπολογετικοῖς,</span> 
     </span>
     <span class='ocr_line' id='line_1_30' title="bbox 85 2087 1681 2140; baseline -0.003 -10"><span class='ocrx_word' id='word_1_266' title='bbox 85 2090 288 2130; x_wconf 88' lang='lat' dir='ltr'>nimirum</span> <span class='ocrx_word' id='word_1_267' title='bbox 321 2089 387 2129; x_wconf 84' lang='lat' dir='ltr'>his</span> <span class='ocrx_word' id='word_1_268' title='bbox 421 2103 526 2140; x_wconf 89' lang='lat' dir='ltr'>quae</span> <span class='ocrx_word' id='word_1_269' title='bbox 558 2090 609 2128; x_wconf 88' lang='lat' dir='ltr'>ad</span> <span class='ocrx_word' id='word_1_270' title='bbox 643 2089 888 2128; x_wconf 89' lang='lat' dir='ltr'>refellendos</span> <span class='ocrx_word' id='word_1_271' title='bbox 916 2089 1219 2127; x_wconf 87' lang='lat' dir='ltr'>haereticorum</span> <span class='ocrx_word' id='word_1_272' title='bbox 1251 2101 1407 2127; x_wconf 89' lang='lat' dir='ltr'>errores</span> <span class='ocrx_word' id='word_1_273' title='bbox 1435 2090 1475 2126; x_wconf 90' lang='lat' dir='ltr'>et</span> <span class='ocrx_word' id='word_1_274' title='bbox 1505 2087 1681 2126; x_wconf 85' lang='lat' dir='ltr'>maleuo·</span> 
     </span>
     <span class='ocr_line' id='line_1_31' title="bbox 85 2152 1761 2206; baseline -0.005 -11"><span class='ocrx_word' id='word_1_275' title='bbox 85 2155 223 2195; x_wconf 89' lang='lat' dir='ltr'>lorum</span> <span class='ocrx_word' id='word_1_276' title='bbox 244 2155 473 2194; x_wconf 85' lang='lat' dir='ltr'>calumnias</span> <span class='ocrx_word' id='word_1_277' title='bbox 500 2155 728 2205; x_wconf 88' lang='lat' dir='ltr'>pertinent.</span> <span class='ocrx_word' id='word_1_278' title='bbox 787 2154 992 2203; x_wconf 81' lang='lat' dir='ltr'>Quartum</span> <span class='ocrx_word' id='word_1_279' title='bbox 1012 2154 1238 2192; x_wconf 88' lang='lat' dir='ltr'>tribuimus</span> <span class='ocrx_word' id='word_1_280' title='bbox 1258 2154 1552 2206; x_wconf 80' lang='grc' dir='ltr'>ἐξηγηματικοῖς,</span> <span class='ocrx_word' id='word_1_281' title='bbox 1573 2152 1682 2191; x_wconf 87' lang='lat' dir='ltr'>vide·</span> <span class='ocrx_word' id='word_1_282' title='bbox 1702 2166 1761 2197; x_wconf 79' lang='lat'>315</span> 
     </span>
     <span class='ocr_line' id='line_1_32' title="bbox 86 2219 1330 2272; baseline -0.002 -12"><span class='ocrx_word' id='word_1_283' title='bbox 86 2221 182 2260; x_wconf 89' lang='lat' dir='ltr'>licet</span> <span class='ocrx_word' id='word_1_284' title='bbox 201 2235 305 2272; x_wconf 89' lang='lat' dir='ltr'>quae</span> <span class='ocrx_word' id='word_1_285' title='bbox 324 2233 534 2260; x_wconf 89' lang='lat' dir='ltr'>sacrorum</span> <span class='ocrx_word' id='word_1_286' title='bbox 554 2220 818 2259; x_wconf 88' lang='lat' dir='ltr'>voluminum</span> <span class='ocrx_word' id='word_1_287' title='bbox 838 2219 992 2258; x_wconf 89' lang='lat' dir='ltr'>habent</span> <span class='ocrx_word' id='word_1_288' title='bbox 1013 2219 1330 2258; x_wconf 85' lang='lat' dir='ltr'>enarrationem.</span> 
     </span>
    </p>

    <p class='ocr_par' dir='ltr' id='par_1_3' title="bbox 87 2282 1766 2924">
     <span class='ocr_line' id='line_1_33' title="bbox 141 2282 1685 2335; baseline -0.003 -10"><span class='ocrx_word' id='word_1_289' title='bbox 141 2286 238 2325; x_wconf 85' lang='lat' dir='ltr'>Non</span> <span class='ocrx_word' id='word_1_290' title='bbox 257 2286 453 2325; x_wconf 88' lang='lat' dir='ltr'>dissimili</span> <span class='ocrx_word' id='word_1_291' title='bbox 471 2285 608 2324; x_wconf 89' lang='lat' dir='ltr'>studio</span> <span class='ocrx_word' id='word_1_292' title='bbox 624 2298 755 2335; x_wconf 88' lang='lat' dir='ltr'>nuper</span> <span class='ocrx_word' id='word_1_293' title='bbox 774 2285 964 2324; x_wconf 90' lang='lat' dir='ltr'>dedimus</span> <span class='ocrx_word' id='word_1_294' title='bbox 979 2284 1147 2323; x_wconf 89' lang='lat' dir='ltr'>Nouum</span> <span class='ocrx_word' id='word_1_295' title='bbox 1162 2284 1497 2323; x_wconf 88' lang='lat' dir='ltr'>Instrumentum</span> <span class='ocrx_word' id='word_1_296' title='bbox 1515 2282 1685 2322; x_wconf 89' lang='lat' dir='ltr'>adiectis</span> 
     </span>
     <span class='ocr_line' id='line_1_34' title="bbox 88 2348 1684 2399; baseline -0.003 -9"><span class='ocrx_word' id='word_1_297' title='bbox 88 2351 428 2390; x_wconf 87' lang='lat' dir='ltr'>annotationibus</span> <span class='ocrx_word' id='word_1_298' title='bbox 464 2352 646 2391; x_wconf 88' lang='lat' dir='ltr'>nostris:</span> <span class='ocrx_word' id='word_1_299' title='bbox 687 2350 804 2390; x_wconf 83' lang='lat' dir='ltr'>cuius</span> <span class='ocrx_word' id='word_1_300' title='bbox 836 2350 1135 2388; x_wconf 90' lang='lat' dir='ltr'>lucubrationis</span> <span class='ocrx_word' id='word_1_301' title='bbox 1168 2349 1523 2399; x_wconf 88' lang='lat' dir='ltr'>nuncupationem</span> <span class='ocrx_word' id='word_1_302' title='bbox 1556 2348 1684 2386; x_wconf 87' lang='lat' dir='ltr'>Leoni</span> 
     </span>
     <span class='ocr_line' id='line_1_35' title="bbox 89 2414 1684 2466; baseline -0.004 -11"><span class='ocrx_word' id='word_1_303' title='bbox 89 2417 212 2455; x_wconf 87' lang='lat' dir='ltr'>Pont.</span> <span class='ocrx_word' id='word_1_304' title='bbox 249 2416 357 2454; x_wconf 84' lang='lat' dir='ltr'>Max.</span> <span class='ocrx_word' id='word_1_305' title='bbox 389 2418 566 2466; x_wconf 90' lang='lat' dir='ltr'>tuaeque</span> <span class='ocrx_word' id='word_1_306' title='bbox 596 2415 836 2454; x_wconf 85' lang='lat' dir='ltr'>celsitudini</span> <span class='ocrx_word' id='word_1_307' title='bbox 865 2428 1132 2454; x_wconf 90' lang='lat' dir='ltr'>communem</span> <span class='ocrx_word' id='word_1_308' title='bbox 1157 2415 1292 2453; x_wconf 84' lang='lat' dir='ltr'>facere</span> <span class='ocrx_word' id='word_1_309' title='bbox 1322 2414 1461 2453; x_wconf 89' lang='lat' dir='ltr'>visum</span> <span class='ocrx_word' id='word_1_310' title='bbox 1496 2415 1568 2461; x_wconf 90' lang='lat' dir='ltr'>est,</span> <span class='ocrx_word' id='word_1_311' title='bbox 1605 2425 1684 2461; x_wconf 91' lang='lat' dir='ltr'>quo</span> 
     </span>
     <span class='ocr_line' id='line_1_36' title="bbox 90 2477 1766 2531; baseline -0.005 -10"><span class='ocrx_word' id='word_1_312' title='bbox 90 2494 249 2520; x_wconf 92' lang='lat' dir='ltr'>nouum</span> <span class='ocrx_word' id='word_1_313' title='bbox 274 2494 377 2531; x_wconf 89' lang='lat' dir='ltr'>opus</span> <span class='ocrx_word' id='word_1_314' title='bbox 403 2480 580 2520; x_wconf 91' lang='lat' dir='ltr'>duorum</span> <span class='ocrx_word' id='word_1_315' title='bbox 606 2480 735 2519; x_wconf 91' lang='lat' dir='ltr'>totius</span> <span class='ocrx_word' id='word_1_316' title='bbox 758 2480 870 2518; x_wconf 87' lang='lat' dir='ltr'>orbis</span> <span class='ocrx_word' id='word_1_317' title='bbox 899 2482 1160 2518; x_wconf 89' lang='lat' dir='ltr'>summatum</span> <span class='ocrx_word' id='word_1_318' title='bbox 1179 2478 1349 2517; x_wconf 90' lang='lat' dir='ltr'>nomine</span> <span class='ocrx_word' id='word_1_319' title='bbox 1369 2481 1460 2516; x_wconf 90' lang='lat' dir='ltr'>tum</span> <span class='ocrx_word' id='word_1_320' title='bbox 1478 2477 1684 2516; x_wconf 90' lang='lat' dir='ltr'>munitius</span> <span class='ocrx_word' id='word_1_321' title='bbox 1704 2493 1766 2524; x_wconf 80' lang='lat'>320</span> 
     </span>
     <span class='ocr_line' id='line_1_37' title="bbox 87 2542 1684 2591; baseline -0.003 -6"><span class='ocrx_word' id='word_1_322' title='bbox 87 2549 181 2585; x_wconf 91' lang='lat' dir='ltr'>tum</span> <span class='ocrx_word' id='word_1_323' title='bbox 218 2546 550 2584; x_wconf 89' lang='lat' dir='ltr'>commendatius</span> <span class='ocrx_word' id='word_1_324' title='bbox 587 2546 717 2583; x_wconf 81' lang='lat' dir='ltr'>exiret</span> <span class='ocrx_word' id='word_1_325' title='bbox 749 2545 795 2583; x_wconf 90' lang='lat' dir='ltr'>in</span> <span class='ocrx_word' id='word_1_326' title='bbox 827 2557 979 2584; x_wconf 87' lang='lat' dir='ltr'>manus</span> <span class='ocrx_word' id='word_1_327' title='bbox 1016 2544 1220 2583; x_wconf 90' lang='lat' dir='ltr'>omnium.</span> <span class='ocrx_word' id='word_1_328' title='bbox 1277 2544 1337 2581; x_wconf 92' lang='lat' dir='ltr'>At</span> <span class='ocrx_word' id='word_1_329' title='bbox 1375 2542 1684 2591; x_wconf 86' lang='lat' dir='ltr'>Hieronymum</span> 
     </span>
     <span class='ocr_line' id='line_1_38' title="bbox 90 2606 1685 2659; baseline -0.004 -9"><span class='ocrx_word' id='word_1_330' title='bbox 90 2612 208 2650; x_wconf 88' lang='lat' dir='ltr'>velut</span> <span class='ocrx_word' id='word_1_331' title='bbox 225 2611 276 2650; x_wconf 89' lang='lat' dir='ltr'>ab</span> <span class='ocrx_word' id='word_1_332' title='bbox 295 2610 440 2649; x_wconf 88' lang='lat' dir='ltr'>inferis</span> <span class='ocrx_word' id='word_1_333' title='bbox 459 2611 504 2649; x_wconf 90' lang='lat' dir='ltr'>in</span> <span class='ocrx_word' id='word_1_334' title='bbox 524 2611 660 2649; x_wconf 89' lang='lat' dir='ltr'>lucem</span> <span class='ocrx_word' id='word_1_335' title='bbox 688 2612 928 2648; x_wconf 90' lang='lat' dir='ltr'>reuocatum</span> <span class='ocrx_word' id='word_1_336' title='bbox 955 2608 1036 2647; x_wconf 92' lang='lat' dir='ltr'>tibi</span> <span class='ocrx_word' id='word_1_337' title='bbox 1063 2608 1226 2659; x_wconf 87' lang='lat' dir='ltr'>proprie</span> <span class='ocrx_word' id='word_1_338' title='bbox 1253 2608 1434 2646; x_wconf 85' lang='lat' dir='ltr'>dicatum</span> <span class='ocrx_word' id='word_1_339' title='bbox 1459 2619 1548 2645; x_wconf 88' lang='lat' dir='ltr'>esse</span> <span class='ocrx_word' id='word_1_340' title='bbox 1573 2606 1685 2645; x_wconf 81' lang='lat' dir='ltr'>volu-</span> 
     </span>
     <span class='ocr_line' id='line_1_39' title="bbox 91 2671 1684 2725; baseline -0.004 -10"><span class='ocrx_word' id='word_1_341' title='bbox 91 2689 211 2724; x_wconf 90' lang='lat' dir='ltr'>mus;</span> <span class='ocrx_word' id='word_1_342' title='bbox 239 2675 307 2714; x_wconf 85' lang='lat' dir='ltr'>vel</span> <span class='ocrx_word' id='word_1_343' title='bbox 333 2675 440 2725; x_wconf 88' lang='lat' dir='ltr'>quod</span> <span class='ocrx_word' id='word_1_344' title='bbox 467 2675 570 2713; x_wconf 91' lang='lat' dir='ltr'>citra</span> <span class='ocrx_word' id='word_1_345' title='bbox 597 2674 881 2724; x_wconf 85' lang='lat' dir='ltr'>exceptionem</span> <span class='ocrx_word' id='word_1_346' title='bbox 912 2673 988 2711; x_wconf 85' lang='lat' dir='ltr'>vni</span> <span class='ocrx_word' id='word_1_347' title='bbox 1018 2673 1095 2711; x_wconf 90' lang='lat' dir='ltr'>tibi</span> <span class='ocrx_word' id='word_1_348' title='bbox 1126 2686 1217 2711; x_wconf 89' lang='lat' dir='ltr'>mea</span> <span class='ocrx_word' id='word_1_349' title='bbox 1245 2672 1415 2710; x_wconf 89' lang='lat' dir='ltr'>debeam</span> <span class='ocrx_word' id='word_1_350' title='bbox 1446 2671 1596 2716; x_wconf 88' lang='lat' dir='ltr'>omnia,</span> <span class='ocrx_word' id='word_1_351' title='bbox 1616 2671 1684 2709; x_wconf 88' lang='lat' dir='ltr'>vel</span> 
     </span>
     <span class='ocr_line' id='line_1_40' title="bbox 92 2736 1684 2793; baseline -0.004 -13"><span class='ocrx_word' id='word_1_352' title='bbox 92 2742 203 2793; x_wconf 92' lang='lat' dir='ltr'>quod</span> <span class='ocrx_word' id='word_1_353' title='bbox 221 2743 268 2779; x_wconf 92' lang='lat' dir='ltr'>tu</span> <span class='ocrx_word' id='word_1_354' title='bbox 288 2739 542 2789; x_wconf 90' lang='lat' dir='ltr'>Hieronymi</span> <span class='ocrx_word' id='word_1_355' title='bbox 567 2739 720 2789; x_wconf 90' lang='lat' dir='ltr'>gloriae</span> <span class='ocrx_word' id='word_1_356' title='bbox 748 2739 879 2777; x_wconf 90' lang='lat' dir='ltr'>soleas</span> <span class='ocrx_word' id='word_1_357' title='bbox 904 2738 1023 2776; x_wconf 86' lang='lat' dir='ltr'>vnice</span> <span class='ocrx_word' id='word_1_358' title='bbox 1047 2738 1210 2784; x_wconf 84' lang='lat' dir='ltr'>fauere;</span> <span class='ocrx_word' id='word_1_359' title='bbox 1240 2737 1441 2775; x_wconf 88' lang='lat' dir='ltr'>nimirum</span> <span class='ocrx_word' id='word_1_360' title='bbox 1460 2736 1684 2786; x_wconf 89' lang='lat' dir='ltr'>prudenter</span> 
     </span>
     <span class='ocr_line' id='line_1_41' title="bbox 92 2801 1765 2856; baseline -0.004 -10"><span class='ocrx_word' id='word_1_361' title='bbox 92 2806 334 2856; x_wconf 88' lang='lat' dir='ltr'>intelligens</span> <span class='ocrx_word' id='word_1_362' title='bbox 361 2804 468 2843; x_wconf 91' lang='lat' dir='ltr'>nihil</span> <span class='ocrx_word' id='word_1_363' title='bbox 495 2817 583 2843; x_wconf 86' lang='lat' dir='ltr'>esse</span> <span class='ocrx_word' id='word_1_364' title='bbox 612 2803 839 2842; x_wconf 88' lang='lat' dir='ltr'>secundum</span> <span class='ocrx_word' id='word_1_365' title='bbox 867 2802 1138 2853; x_wconf 88' lang='lat' dir='ltr'>Euangelicas</span> <span class='ocrx_word' id='word_1_366' title='bbox 1167 2804 1207 2840; x_wconf 89' lang='lat' dir='ltr'>et</span> <span class='ocrx_word' id='word_1_367' title='bbox 1236 2801 1496 2852; x_wconf 88' lang='lat' dir='ltr'>Apostolicas</span> <span class='ocrx_word' id='word_1_368' title='bbox 1524 2802 1686 2842; x_wconf 89' lang='lat' dir='ltr'>litteras</span> <span class='ocrx_word' id='word_1_369' title='bbox 1705 2819 1765 2850; x_wconf 80' lang='lat'>525</span> 
     </span>
     <span class='ocr_line' id='line_1_42' title="bbox 92 2866 1685 2924; baseline -0.003 -12"><span class='ocrx_word' id='word_1_370' title='bbox 92 2872 260 2924; x_wconf 84' lang='lat' dir='ltr'>dignius</span> <span class='ocrx_word' id='word_1_371' title='bbox 301 2870 409 2921; x_wconf 88' lang='lat' dir='ltr'>quod</span> <span class='ocrx_word' id='word_1_372' title='bbox 451 2870 611 2919; x_wconf 88' lang='lat' dir='ltr'>legatur</span> <span class='ocrx_word' id='word_1_373' title='bbox 649 2882 674 2907; x_wconf 91' lang='lat' dir='ltr'>a</span> <span class='ocrx_word' id='word_1_374' title='bbox 706 2867 964 2908; x_wconf 87' lang='lat' dir='ltr'>Christianis.</span> <span class='ocrx_word' id='word_1_375' title='bbox 1036 2866 1240 2917; x_wconf 88' lang='lat' dir='ltr'>Equidem</span> <span class='ocrx_word' id='word_1_376' title='bbox 1270 2867 1516 2906; x_wconf 87' lang='lat' dir='ltr'>crediderim</span> <span class='ocrx_word' id='word_1_377' title='bbox 1547 2867 1685 2918; x_wconf 90' lang='lat' dir='ltr'>ipsum</span> 
     </span>
    </p>
   </div>
   <div class='ocr_carea' id='block_1_3' title="bbox 398 2996 1363 3040">
    <p class='ocr_par' dir='ltr' id='par_1_4' title="bbox 398 2996 1363 3040">
     <span class='ocr_line' id='line_1_43' title="bbox 398 2996 1363 3040; baseline -0.003 -10"><span class='ocrx_word' id='word_1_378' title='bbox 398 3011 471 3040; x_wconf 88' lang='lat'><strong>319.</strong></span> <span class='ocrx_word' id='word_1_379' title='bbox 496 2998 741 3040; x_wconf 89' lang='lat' dir='ltr'>communem]</span> <span class='ocrx_word' id='word_1_380' title='bbox 767 2999 818 3030; x_wconf 83' lang='lat' dir='ltr'>Cf.</span> <span class='ocrx_word' id='word_1_381' title='bbox 838 2998 900 3038; x_wconf 84' lang='lat' dir='ltr'>Ep.</span> <span class='ocrx_word' id='word_1_382' title='bbox 918 3007 982 3038; x_wconf 84' lang='lat'>333</span> <span class='ocrx_word' id='word_1_383' title='bbox 1000 2996 1128 3028; x_wconf 85' lang='lat' dir='ltr'>introd.</span> <span class='ocrx_word' id='word_1_384' title='bbox 1146 2996 1217 3028; x_wconf 78' lang='lat' dir='ltr'>and</span> <span class='ocrx_word' id='word_1_385' title='bbox 1235 2997 1277 3036; x_wconf 88' lang='lat'>89</span> <span class='ocrx_word' id='word_1_386' title='bbox 1294 3006 1363 3036; x_wconf 86' lang='lat' dir='ltr'>seq.</span> 
     </span>
    </p>
   </div>
  </div>
 </body>
</html>
