2010 3417
98 135 197 191 388]
1617 137 1693 175 193

527 191 666 248 388412
727 190 860 232 FROM
891 189 1085 231 THoMAs
1117 189 1264 233 Momz.

141 290 311 337 Epistole
328 291 376 326 ad
394 288 590 326 Erasmum
607 290 651 325 f0.
668 290 709 325 h⁸
726 294 777 326 νο.
1300 287 1515 336 (Leimon.)

141 348 194 385 0¹.
211 349 256 384 f0.
275 361 318 394 q:
344 347 398 384 0².
416 360 451 394 p.
471 351 559 395 258:
586 348 624 383 F.
642 360 678 394 p.
697 359 768 394 93:
794 347 886 383 HN:
1175 345 1228 394 (c.
1251 357 1291 392 17
1311 347 1499 393 February
1519 346 1645 394 1516.)

190 406 306 443 Lond.
325 406 364 442 ii.
390 408 454 442 16.
446 417 454 426 ·
484 406 558 441 LB.
577 417 658 451 227.

139 496 297 538 [Perhap
298 497 448 528 srather
459 496 588 527 earlier
603 496 693 528 than
711 496 773 536 Ep.
787 496 863 535 389,
877 505 915 526 as
932 495 1063 527 there·
1054 505 1086 526 is
1099 505 1146 526 no
1158 495 1314 526 allusion
1331 496 1368 525 to
1384 495 1447 526 the
1463 495 1563 526 birth
1580 495 1617 526 of
1630 495 1693 526 the

95 539 260 571 Princess
277 540 390 579 Mary.
434 539 508 570 The
525 539 607 570 date
622 539 661 570 of
671 537 849 570 Tunstall'
851 549 868 570 s
883 539 1137 579 appointment
1153 538 1278 578 (l.1o6
1292 548 1328 569 n.
1333 538 1346 577 )
1363 538 1455 569 need
1471 540 1535 569 not
1551 539 1695 570 confliet

95 583 188 615 with
202 583 278 614 this
290 583 527 634 supposition,
541 592 578 613 as
590 582 636 613 he
647 592 720 613 was
732 582 906 623 probably
918 581 1100 613 informed
1114 582 1152 613 of
1164 582 1195 613 it
1211 582 1329 614 before
1340 582 1403 612 the
1414 581 1534 613 actual
1551 582 1696 623 signing

96 627 134 658 of
146 627 209 658 the
225 627 466 658 commission.

139 670 206 702 Mr.
225 669 387 708 Nichols,
402 668 579 708 although
603 668 649 699 he
666 668 777 699 refers
800 669 839 699 in
862 678 882 699 a
903 670 987 699 note
1011 670 1047 700 to
1070 668 1246 699 Tunstall'
1249 678 1265 699 s
1281 679 1362 699 new
1378 669 1630 709 appointment
1652 671 1695 700 in

95 713 288 754 February,
305 713 404 744 dates
419 713 494 744 this
514 713 623 743 letter
637 712 678 742 in
698 712 790 752 May,
808 712 956 743 because
971 712 1063 743 then
1079 711 1154 742 also
1175 711 1339 743 Tunstall
1354 721 1428 743 was
1444 713 1529 753 only
1543 712 1695 744 allowed

94 768 115 789 a
131 758 199 788 few
214 757 303 797 days
319 758 359 787 in
380 756 548 796 England
572 766 617 787 on
646 755 704 786 his
719 757 846 786 return
870 755 962 786 from
985 765 1032 786 an
1049 755 1222 795 embassy.
1270 755 1343 786 But
1367 756 1431 786 the
1447 757 1644 797 similarity
1661 756 1700 788 of

95 801 169 832 this
184 800 256 832 and
272 801 336 840 Ep.
353 801 417 840 389
432 800 555 831 makes
571 800 600 830 it
618 809 715 830 more
730 798 896 839 probable
912 799 994 830 that
1014 799 1103 838 they
1119 797 1249 829 should
1264 799 1308 830 be
1324 799 1639 841 contemporary}

481 906 666 937 THOMAS
695 906 847 936 MORVS
879 905 1060 936 ERASMO
1091 905 1174 936 SVO
1205 907 1237 937 S.
1264 906 1305 936 D.

149 997 429 1042 Pos'rEAQVAM
462 1010 485 1035 a
505 995 627 1035 nobis
646 996 854 1045 digressus
877 1008 932 1044 es,
956 995 1127 1034 Erasme
1154 995 1405 1042 charissime,
1430 997 1495 1034 ter
1525 995 1696 1035 omnino

93 1061 236 1100 literas
255 1061 328 1100 abs
347 1063 389 1100 te
409 1061 552 1111 recepi.
591 1061 636 1100 Si
654 1061 780 1100 toties
799 1061 936 1099 dicam
956 1059 1227 1110 rescripsisse,
1247 1059 1373 1099 fidem
1394 1060 1569 1100 fortasse
1590 1061 1695 1100 mihi

95 1140 181 1165 non
201 1140 245 1166 es
263 1127 492 1175 habiturus,
515 1126 641 1165 etiam
661 1126 697 1164 si
716 1125 976 1165 sanctissime
990 1125 1168 1164 mentiar
1187 1139 1198 1172 ;
1226 1125 1444 1176 presertim
1464 1140 1594 1177 quum
1608 1128 1696 1177 ipse

95 1206 163 1231 me
181 1194 268 1231 tam
290 1192 419 1242 probe
443 1205 590 1231 noscas
614 1194 656 1230 et
683 1191 734 1231 ad
762 1190 1000 1230 scribendas
1027 1190 1220 1241 epistolas
1243 1191 1422 1241 pigrum,
1449 1205 1583 1241 neque
1608 1194 1697 1231 tam

95 1257 379 1308 superstitiose
411 1270 598 1296 veracem
632 1258 680 1295 vt
710 1256 1018 1295 mendaciolum
1051 1269 1343 1306 vsquequaque
1380 1256 1497 1295 velut
1533 1257 1696 1308 parrici-
1715 1270 1732 1301 5

95 1323 211 1362 dium
230 1322 456 1361 abominer.
516 1322 672 1361 Paceus
692 1323 832 1361 noster
850 1321 974 1360 isthic
1001 1321 1208 1372 legatione
1234 1321 1436 1372 fungitur,
1459 1335 1696 1373 quanquam

95 1401 180 1427 non
199 1401 367 1439 prorsus
386 1387 535 1435 isthic;
574 1388 634 1426 ita
652 1386 765 1426 enim
785 1387 902 1426 abest
927 1400 951 1426 a
982 1386 1104 1425 nobis
1123 1389 1170 1425 vt
1193 1388 1335 1426 tamen
1361 1401 1448 1426 non
1472 1388 1579 1427 adsit
1602 1388 1692 1427 tibi.

95 1453 177 1492 Per
196 1453 339 1492 literas
358 1454 470 1492 enim
493 1452 715 1491 nobiscum
743 1452 781 1491 ei
808 1451 905 1490 licet
932 1451 1059 1502 loqui,
1082 1453 1288 1502 praesenti
1306 1466 1404 1491 vero
1431 1467 1506 1492 nec
1535 1455 1696 1493 tecum:

94 1518 259 1558 vtinam
292 1531 336 1557 re
365 1519 470 1557 bene
498 1520 613 1568 gesta
640 1517 758 1556 breui
785 1517 923 1556 redeat
951 1518 1137 1566 domum,
1158 1520 1204 1557 vt
1233 1517 1407 1557 dimidia
1434 1518 1583 1557 saltem
1612 1520 1694 1557 mei

94 1596 188 1634 pars
206 1597 372 1622 mecum
392 1583 519 1622 viuat.
581 1583 691 1622 Nam
719 1584 760 1622 te
790 1583 956 1633 quando
976 1582 1095 1622 liceat
1118 1585 1333 1634 expectare
1362 1597 1449 1622 non
1477 1583 1608 1632 video,
1630 1585 1696 1623 cui
1718 1598 1755 1619 10

95 1649 261 1689 animus
280 1651 343 1688 est
361 1648 532 1688 Italiam
555 1651 694 1699 petere
716 1663 725 1696 3
753 1648 825 1687 vbi
851 1648 895 1686 in
922 1661 991 1687 eos
1017 1648 1174 1687 incides
1201 1648 1274 1699 qui
1300 1662 1442 1687 vereor
1460 1651 1507 1688 vt
1531 1651 1573 1688 te
1596 1650 1697 1700 pati-

95 1716 220 1753 antur
248 1713 382 1753 auelli.
455 1714 544 1763 Ego
578 1713 749 1752 interim
780 1713 923 1752 videor
951 1713 1060 1752 mihi
1093 1713 1267 1752 dimidio
1297 1714 1380 1752 mei
1411 1727 1558 1761 carere,
1595 1714 1696 1753 dum

96 1779 211 1818 abest
230 1779 301 1817 ille
317 1793 327 1827 ;
355 1778 484 1817 altero
504 1779 680 1818 dimidio
701 1779 803 1817 dum
824 1779 880 1817 tu.
932 1779 1060 1828 Spero
1079 1779 1316 1829 propediem
1336 1779 1422 1817 fore
1441 1781 1486 1817 vt
1506 1779 1570 1817 illi
1590 1792 1697 1829 egre-

96 1843 162 1894 gia
181 1844 320 1894 aliqua
339 1843 548 1894 dignaque
567 1843 641 1883 illo
660 1843 752 1883 viro
774 1844 942 1882 fortuna
961 1844 1188 1894 contingat.
1247 1843 1315 1882 Ita
1342 1844 1464 1894 plane
1494 1845 1628 1884 sentio
1655 1846 1697 1884 et

98 1909 224 1960 Regis
249 1909 440 1947 animum
458 1911 500 1947 et
512 1908 744 1947 Cardinalis
754 1909 1017 1948 voluntatem
1037 1911 1078 1947 et
1097 1909 1302 1947 bonorum
1321 1922 1489 1959 prorsus
1506 1911 1696 1949 omnium
1717 1926 1754 1958 15

97 1975 235 2014 studia
253 1974 297 2014 in
318 1988 415 2013 eum
434 1975 669 2013 ornandum
688 1974 1034 2025 euehendumque
1053 1975 1317 2025 propendere.

151 2041 212 2080 De
232 2042 274 2079 te
296 2053 405 2085 vero,
426 2039 509 2078 nisi
526 2053 595 2077 me
614 2052 707 2078 mea
729 2052 824 2089 spes
851 2041 939 2078 tam
965 2052 1083 2090 saepe
1110 2040 1391 2089 frustraretur,
1415 2040 1541 2079 etiam
1561 2040 1697 2079 multo

96 2107 256 2146 maiora
275 2119 495 2156 sperarem,
518 2118 756 2156 quanquam
776 2118 888 2144 nunc
909 2119 1070 2156 quoque
1096 2105 1205 2145 bene
1231 2119 1397 2156 sperare
1424 2107 1523 2157 quid
1551 2108 1699 2146 vetat?

96 2172 237 2223 Neque
266 2171 382 2211 enim
411 2172 508 2221 quia
526 2184 676 2222 parum
696 2171 897 2221 processit
915 2171 1128 2221 hactenus,
1146 2172 1240 2211 ideo
1263 2171 1397 2211 futuri
1425 2186 1587 2223 quoque
1605 2185 1699 2223 spes

97 2237 290 2288 adempta
322 2238 397 2286 est,
428 2237 514 2274 imo
546 2249 660 2275 nunc
689 2236 873 2275 maxime
904 2236 1081 2276 confido.
1151 2237 1295 2288 Neque
1324 2237 1469 2277 eadem
1499 2240 1698 2288 perpetuo
1717 2254 1756 2275 20

97 2303 289 2353 cuiquam
319 2304 384 2341 est
413 2303 594 2349 fortuna,
631 2315 764 2352 neque
793 2301 951 2341 diutius
979 2304 1118 2352 potest
1149 2316 1238 2342 esse
1281 2303 1468 2353 maligna
1501 2303 1592 2350 tibi,
1631 2304 1698 2342 cui

97 2367 306 2414 Pontifex,
327 2381 453 2418 reges,
478 2368 672 2418 episcopi,
695 2381 839 2406 omnes
857 2381 984 2418 prope
1003 2369 1215 2417 mortales,
1240 2382 1404 2420 quaqua
1421 2383 1567 2409 versus
1588 2370 1698 2408 orbis

99 2434 212 2482 patet
233 2432 507 2483 Christianus,
530 2433 743 2485 impendio
763 2433 908 2472 fauent
927 2446 973 2472 ac
993 2434 1264 2474 demirantur.
1306 2435 1434 2484 Apud
1454 2448 1533 2473 nos
1554 2448 1634 2484 quo
1653 2434 1698 2472 in

98 2499 140 2536 te
154 2497 294 2536 animo
307 2499 393 2537 sint
408 2499 588 2549 episcopi
601 2502 643 2538 et
658 2512 844 2538 seorsum
858 2499 1180 2547 cantuariensis,
1195 2502 1288 2538 tum
1304 2499 1503 2550 Princeps
1518 2501 1606 2550 ipse
1619 2514 1697 2551 quo

98 2564 140 2600 te
158 2562 298 2601 fauore
317 2564 617 2613 complectitur,
635 2576 987 2614 superuacaneum
1006 2565 1112 2603 foret
1132 2577 1470 2603 commemorare.
1516 2566 1575 2603 At
1589 2566 1695 2616 quod
1718 2581 1731 2602 2

99 2627 301 2666 hactenus
319 2628 486 2666 nullum
506 2629 551 2667 in
569 2630 611 2666 'ce
629 2628 877 2667 beneficium
897 2630 968 2667 aut
988 2631 1029 2667 te
1049 2629 1226 2678 dignum
1245 2631 1318 2668 aut
1336 2631 1426 2668 tam
1444 2643 1595 2679 magno
1610 2633 1697 2669 tan·

100 2694 239 2731 torum
261 2706 400 2731 amore
419 2693 608 2732 virorum
634 2693 881 2743 prouenerit,
901 2694 1057 2743 partim
1077 2695 1167 2732 tute
1188 2693 1259 2743 qui
1282 2695 1511 2744 neglexeris
1530 2708 1576 2734 ea
1596 2709 1697 2746 quae

100 2757 292 2796 ambiunt
314 2757 395 2806 alii,
418 2758 572 2808 partim
592 2758 729 2797 nescio
749 2771 852 2807 quae
878 2758 1047 2796 fortuna
1066 2759 1149 2797 fuit
1176 2758 1222 2797 in
1246 2772 1392 2808 causa;
1435 2759 1565 2799 veluti
1585 2773 1697 2800 nunc

757 2864 804 2885 12.
834 2856 905 2886 mei
922 2865 979 2886 om.
998 2858 1033 2887 F.

145 2949 219 2980 388.
257 2959 283 2980 1.
314 2951 420 2981 ter..
441 2960 496 2980 ..2
524 2948 662 2990 literas]
691 2949 868 2988 Probably
935 2949 1015 2991 (Ep.
1036 2950 1108 2990 389.
1127 2961 1145 2980 2
1162 2960 1197 2982 n.
1203 2950 1228 2989 ).

102 2988 374 3033 contemporary
385 2993 476 3024 with
487 2994 589 3025 those
602 2995 638 3024 to
650 2993 867 3024 Ammonius
979 2994 1008 3025 8.
1028 3003 1092 3025 nec
1108 2994 1243 3035 tecum]
1270 2993 1319 3025 cf.
1341 2995 1403 3036 Ep.
1422 2996 1496 3034 378.
1516 3006 1544 3035 7,
1565 2998 1594 3027 8.

168 3058 278 3078 annm«
297 3059 326 3078 11
884 3061 907 3086 O
