2010 3417
159 151 256 206 518]
765 153 917 192 FROM
955 154 1064 193 LEo
1103 153 1143 192 x
1671 151 1751 189 437

154 262 220 301 vel
241 276 361 303 causa
380 262 488 312 latis,
513 264 548 302 si
569 263 718 314 quibus
737 263 1047 314 quomodolibet
1066 262 1291 302 innodatus
1309 262 1464 309 existis,
1487 261 1536 299 ad
1557 261 1751 299 effectum
1773 272 1811 294 10

154 328 410 378 presentium
448 329 649 368 duntaxat
686 329 1034 378 consequendum,
1071 328 1221 366 harum
1260 327 1364 366 serie
1409 326 1674 365 absoluentes
1711 329 1752 363 et

153 393 391 432 absolutum
428 394 515 432 fore
554 396 771 433 censentes
785 408 795 441 ;
843 395 992 442 tecum,
1029 395 1076 432 vt
1114 405 1365 443 quecunque,
1405 393 1672 441 quotcunque
1710 393 1751 429 et

154 457 456 509 qualiacunque
480 473 573 497 cum
601 471 697 498 cura
724 460 762 497 et
791 459 881 497 sine
909 472 1006 498 cura
1030 458 1228 497 beneficia
1253 457 1537 504 ecclesiastica,
1561 457 1689 495 etiam
1716 456 1751 494 si

154 523 257 562 duae
285 523 561 574 parrochiales
589 524 780 564 ecclesiae
812 523 878 562 vel
907 536 1049 562 earum
1078 525 1295 573 perpetuae
1324 521 1507 570 vicariae,
1529 521 1744 568 cantoriae,

153 587 284 626 libere
307 588 495 638 capellae,
521 589 744 638 hospitalia
769 590 836 628 vel
860 589 1026 628 annalia
1054 587 1225 626 seruitia
1250 586 1409 625 clericis
1432 586 1684 624 secularibus
1703 585 1747 624 in
1771 598 1807 629 15

152 652 325 692 titulum
345 654 533 703 perpetui
551 654 742 693 beneficii
761 653 1027 694 ecclesiastici
1046 653 1247 703 assignari
1266 652 1394 699 solita,
1419 654 1490 690 aut
1513 651 1748 701 dignitates,

150 719 402 767 personatus,
420 719 802 758 administrationes
820 720 887 758 vel
907 718 1037 758 officia
1056 719 1101 756 in
1119 717 1435 763 cathedralibus,
1451 717 1580 754 etiam
1599 718 1748 754 metro-

151 782 347 833 politanis
384 783 452 822 vel
491 784 720 834 collegiatis
750 785 944 832 ecclesiis,
980 783 1105 822 etiam
1141 782 1316 820 maiores
1347 783 1389 819 et
1423 780 1671 830 principales
1702 793 1747 819 ac

151 850 296 886 curata
333 851 372 886 et
411 849 587 889 electiua
623 850 792 896 fuerint,
813 851 848 888 si
882 849 962 888 tibi
994 848 1095 887 alias
1133 846 1325 885 canonice
1358 845 1634 892 conferantur,
1675 847 1747 883 aut

151 912 328 962 eligaris,
352 914 601 963 presenteris
624 915 690 952 vel
718 915 819 953 alias
847 913 1073 953 assumaris
1101 912 1152 952 ad
1182 912 1255 950 illa
1283 914 1324 950 et
1352 910 1584 949 instituaris
1605 910 1650 947 in
1673 910 1742 957 eis,
1768 924 1808 946 20

152 978 331 1028 recipere
359 980 401 1016 et
429 979 756 1028 incompatibilia
783 979 970 1026 insimul,
1003 978 1136 1028 quoad
1165 976 1328 1024 vixeris,
1366 976 1557 1024 retinere,
1594 974 1747 1025 illaque

150 1043 277 1081 simul
294 1043 364 1083 vel
383 1044 622 1092 successiue,
646 1044 891 1094 simpliciter
910 1043 975 1082 vel
997 1057 1046 1081 ex
1066 1056 1186 1082 causa
1204 1040 1531 1092 permutationis,
1556 1039 1746 1090 quotiens

148 1107 228 1145 tibi
246 1107 460 1157 placuerit,
480 1109 703 1157 dimittere,
728 1112 768 1148 et
784 1110 872 1147 loco
889 1108 1052 1147 dimissi
1065 1108 1134 1147 vel
1147 1107 1417 1145 dimissorum
1437 1105 1546 1144 aliud
1566 1105 1634 1144 vel
1652 1105 1743 1154 alia,

149 1172 287 1211 simile
299 1173 368 1211 vel
381 1173 586 1211 dissimile
601 1175 673 1211 aut
692 1174 846 1212 similia
860 1173 927 1211 vel
940 1172 1172 1220 dissimilia,
1189 1171 1437 1210 beneficium
1450 1184 1521 1209 seu
1536 1170 1742 1217 beneficia,

148 1238 476 1277 ecclesiasticum
506 1238 574 1276 vel
605 1239 892 1286 ecclesiastica,
921 1250 1201 1288 quaecunque,
1233 1239 1496 1286 quotcunque
1525 1238 1565 1274 et
1594 1235 1745 1285 qualia·
1765 1247 1802 1279 ²5

148 1315 310 1353 cunque
329 1303 497 1349 fuerint,
521 1316 651 1353 vsque
677 1304 728 1342 ad
755 1316 965 1342 summam
986 1303 1103 1341 mille
1123 1303 1368 1340 ducatorum
1389 1300 1479 1339 auri
1500 1301 1548 1338 de
1568 1313 1742 1348 camera,

145 1359 372 1406 dummodo
390 1368 502 1406 inter
522 1368 853 1418 incompatibilia
867 1368 975 1407 vltra
993 1380 1117 1418 quam
1137 1367 1240 1405 duae
1259 1365 1534 1416 parrochiales
1553 1365 1744 1404 ecclesiae

145 1432 212 1471 vel
241 1446 383 1472 earum
410 1435 631 1483 perpetuae
660 1434 838 1473 vicariae
868 1447 952 1472 non
984 1433 1174 1480 existant,
1199 1431 1396 1470 similiter
1421 1430 1599 1480 recipere
1622 1432 1664 1468 et
1683 1430 1742 1468 in-

143 1497 280 1542 simul,
303 1499 437 1548 quoad
456 1498 621 1547 vixeris,
640 1499 820 1537 retinere
835 1499 963 1537 libere
977 1500 1017 1536 et
1032 1497 1144 1536 licite
1160 1497 1296 1535 valeas
1313 1511 1322 1543 ;
1350 1496 1555 1545 generalis
1567 1495 1741 1541 concilii,

143 1576 304 1602 necnon
342 1563 562 1614 quibusuis
599 1564 692 1603 aliis
729 1564 980 1614 apostolicis,
1018 1577 1063 1602 ac
1094 1563 1200 1601 bone
1230 1562 1430 1600 memorie
1467 1561 1665 1600 Otthonis
1701 1563 1742 1599 et
1761 1573 1803 1605 30

146 1627 376 1668 Otthoboni
404 1629 507 1668 olim
536 1630 582 1667 in
605 1643 732 1679 regno
758 1629 936 1679 Angliae
961 1627 1209 1679 apostolicae
1232 1628 1342 1666 sedis
1365 1626 1606 1676 legatorum,
1628 1638 1674 1664 ac
1696 1625 1739 1663 in

143 1694 471 1744 prouincialibus
490 1696 532 1733 et
552 1694 808 1733 sinodalibus
837 1693 1023 1733 conciliis
1048 1693 1172 1732 editis
1197 1691 1460 1742 generalibus
1478 1691 1544 1729 vel
1563 1690 1740 1740 speciali-

143 1758 222 1797 bus
246 1759 621 1798 constitutionibus
644 1762 684 1798 et
708 1759 1053 1807 ordinationibus,
1078 1758 1246 1797 statutis
1270 1770 1432 1807 quoque
1460 1757 1501 1794 et
1527 1758 1739 1794 consuetu—

144 1824 318 1870 dinibus>
347 1824 624 1872 ecclesiarum,
657 1824 703 1863 in
731 1826 882 1875 quibus
912 1823 1242 1874 incompatibilia
1271 1821 1469 1861 beneficia
1499 1821 1740 1860 huiusmodi

144 1889 284 1927 forsan
303 1889 472 1937 fuerint,
497 1889 743 1938 iuramento,
773 1889 1089 1928 confirmatione
1115 1888 1337 1938 apostolica
1355 1887 1424 1926 vel
1444 1886 1590 1937 quauis
1609 1886 1737 1924 firmi—
1756 1899 1795 1930 35

143 1956 229 1993 tate
261 1953 342 1992 alia
373 1954 587 2002 roboratis,
623 1955 873 2005 caeterisque
906 1954 1123 1993 contrariis
1160 1965 1422 2003 nequaquam
1460 1951 1738 1998 obstantibus,

142 2019 383 2058 auctoritate
416 2019 642 2069 apostolica
679 2022 820 2058 tenore
853 2019 1110 2070 presentium
1142 2019 1191 2057 de
1222 2018 1408 2068 specialis
1440 2017 1548 2056 dono
1582 2016 1737 2066 gratiae

142 2083 451 2134 dispensamus:
507 2084 676 2134 prouiso
723 2085 830 2134 quod
878 2083 1208 2134 incompatibilia
1253 2083 1451 2121 beneficia
1496 2082 1736 2121 huiusmodi

140 2148 290 2188 debitis
308 2150 524 2199 propterea
544 2163 631 2188 non
650 2150 895 2189 fraudentur
924 2149 1143 2200 obsequiis,
1166 2151 1207 2187 et
1226 2148 1462 2187 animarum
1482 2160 1578 2186 cura
1597 2147 1641 2186 in
1662 2147 1732 2195 eis,

140 2214 176 2253 si
195 2227 275 2265 qua
293 2214 378 2252 illis
397 2214 628 2263 immineat,
652 2215 894 2254 nullatenus
913 2215 1156 2266 negligatur.
1753 2214 1794 2244 40

193 2279 350 2318 Datum
377 2279 532 2318 Romae
565 2279 675 2330 apud
709 2282 900 2319 sanctum
932 2280 1107 2318 Petrum
1139 2278 1216 2317 sub
1243 2278 1398 2317 annulo
1426 2277 1641 2327 piscatoris
1669 2276 1734 2314 die

144 2356 273 2382 .xxvx.
297 2344 491 2382 Ianuarii.
516 2357 710 2383 M.D.xvn.
770 2345 1045 2384 Pontificatus
1064 2344 1197 2383 nostri
1216 2344 1343 2383 Anno
1363 2343 1527 2390 Quarto.

1368 2408 1425 2446 Ia.
1447 2406 1674 2445 Sadoletus.

195 2495 358 2534 Dilecto
383 2494 471 2534 filio
489 2496 665 2536 Erasmo
686 2497 850 2548 Rogerii
871 2494 1243 2547 Roterodamen<si>
1263 2495 1408 2533 clerico
1427 2490 1734 2543 Traiecten<sis)
1750 2535 1789 2566 4·

139 2559 321 2599 diocesis.
1773 2545 1791 2566 ³

650 2635 703 2663 27.
726 2635 833 2664 quam
850 2628 918 2656 MS.
941 2629 981 2662 Q:
1006 2635 1088 2664 -que
1109 2627 1243 2654 Vischer.

185 2734 235 2756 12.
261 2723 317 2765 vt]
342 2723 364 2756 1.
382 2734 435 2763 29,
455 2723 584 2754 valeas.
967 2724 1082 2761 breve,
1115 2722 1180 2752 che
1218 2721 1252 2751 lo
1286 2720 1452 2760 dispensa
1486 2719 1596 2749 haver
1629 2717 1730 2749 mille

183 2769 236 2799 26.
263 2767 362 2797 mille
389 2766 614 2808 ducatorum]
646 2767 771 2806 Gigli’s
793 2766 901 2797 letter
967 2763 1166 2807 duc<ati>’.

137 2814 174 2841 to
196 2811 412 2841 Ammonius
436 2811 475 2841 of
493 2820 514 2848 9
536 2810 618 2841 Feb.
640 2819 720 2849 1517
744 2810 902 2849 fflrewer
1054 2806 1209 2847 camera]
1233 2817 1274 2838 sc.
1291 2805 1496 2846 apostolica.

140 2854 178 2886 ii.
197 2855 296 2895 2895)
314 2854 440 2894 speaks
459 2853 498 2884 of
516 2853 669 2893 sending
692 2855 700 2870 ‘
713 2851 902 2895 (u)naltro
1010 2862 1062 2890 44.
1086 2849 1242 2891 Rogerii]
1267 2850 1331 2880 See
1346 2850 1436 2889 App.
1456 2859 1484 2889 1,
1504 2858 1561 2888 pp.
1580 2850 1691 2887 577‚8.
