2010 3417
87 164 189 220 338]
694 167 846 207 FROM
884 168 994 207 LEO
1032 168 1074 207 x
1603 167 1681 206 115

83 276 262 316 alterum
295 277 524 326 effecturos,
557 279 604 316 vt
642 276 840 316 virtutem
879 279 921 316 et
958 276 1292 316 beneuolentiam
1325 280 1442 316 tuam
1473 289 1570 327 erga
1604 289 1680 316 nos

87 340 370 392 singularibus
396 344 560 382 nostrae
586 344 781 392 paternae
807 341 991 382 caritatis
1020 342 1233 381 occasione
1262 342 1400 381 oblata
1426 341 1682 391 excipiamus
1704 351 1743 376 10

87 406 254 455 offitiis;
283 407 329 446 in
354 407 482 447 altero
506 410 726 447 conaturos
748 410 795 446 vt
818 407 904 446 tuis
928 407 1103 457 egregiis
1131 407 1182 446 de
1206 407 1327 447 nobis
1358 407 1518 446 inditiis
1540 407 1682 446 studia

89 474 231 512 nostra
267 472 539 512 consentiant.
616 472 789 512 Vtinam
833 474 975 511 auctor
1017 471 1088 511 ille
1125 485 1316 512 summus
1353 473 1557 511 bonarum
1595 484 1681 510 non

84 537 298 577 actionum
327 538 465 576 solum
494 550 640 576 verum
668 536 795 576 etiam
826 537 1042 584 mentium,
1074 537 1146 587 qui
1180 551 1254 576 nos
1285 537 1415 576 nullis
1445 537 1682 587 insignibus

88 602 251 641 meritis
266 604 432 642 ornatos
443 601 531 641 sola
545 615 619 640 sua
632 601 878 640 liberalitate
892 603 932 640 et
951 601 1214 651 prouidentia
1227 603 1278 641 ad
1298 603 1410 641 hunc
1429 602 1681 641 altissimum

84 668 260 717 gradum
300 666 495 717 produxit
531 666 748 716 dignitatis
784 666 1051 716 amplissime,
1085 667 1437 716 quemadmodum
1466 680 1513 706 ea
1541 669 1682 718 optare
1702 677 1741 712 15

86 745 164 771 nos
181 731 314 772 voluit
332 744 436 781 quae
455 731 504 770 ad
526 732 731 780 optimum
747 731 1003 770 Christianae
1022 731 1271 781 reipublicae
1290 733 1446 770 statum
1465 732 1622 771 faciunt
1641 734 1682 771 et

85 799 188 837 sunt
224 797 381 843 idonea,
420 796 478 835 ita
515 796 627 835 viam
665 796 831 835 muniat
859 809 940 846 qua
975 795 1030 834 sit
1061 795 1180 834 nobis
1211 796 1428 846 expeditus
1457 809 1602 835 cursus
1629 797 1681 835 ad

86 875 228 901 veram
256 861 455 910 pietatem
488 863 611 911 atque
643 860 844 899 virtutem
873 861 983 899 inter
1016 861 1208 900 homines
1239 861 1564 900 instaurandam.
1626 861 1682 900 Et

85 929 186 967 sunt
204 926 338 966 adhuc
363 926 530 976 quidem
555 926 689 976 aliqua
711 926 904 965 incohata
929 939 1001 975 per
1025 939 1111 973 nos,
1135 939 1239 976 quae
1259 928 1306 965 tu
1326 928 1514 965 amanter
1533 926 1579 965 in
1598 927 1682 965 tuis

82 992 237 1032 litteris
265 991 447 1042 attingis.
507 991 587 1031 Sed
621 993 779 1030 restant
807 990 963 1029 maiora
995 990 1130 1030 multo
1161 994 1203 1030 et
1236 991 1478 1040 difficiliora,
1511 991 1562 1030 ad
1602 1005 1681 1041 que
1703 1004 1742 1026 20

81 1058 229 1097 diuino
255 1057 435 1096 maxime
462 1070 564 1107 opus
592 1058 655 1095 est
684 1055 839 1094 auxilio
855 1071 865 1104 3
894 1056 1003 1106 quod
1033 1056 1068 1094 si
1097 1056 1272 1104 affuerit,
1296 1057 1485 1095 dabimus
1515 1069 1681 1107 operam

84 1125 130 1162 vt
150 1123 221 1173 qui
239 1123 345 1161 bene
364 1123 414 1161 de
440 1121 560 1161 nobis
582 1123 624 1160 et
650 1122 799 1160 natura
818 1123 961 1160 nostra
980 1121 1177 1171 sentiunt,
1200 1121 1242 1160 id
1264 1135 1360 1161 vero
1381 1122 1530 1161 iuditio
1549 1122 1682 1161 facere

83 1188 313 1227 videantur.

137 1254 298 1293 Verum
327 1252 427 1291 haec
457 1252 571 1291 Deus
599 1251 879 1290 misericordie
911 1251 1074 1290 viderit.
1153 1251 1238 1290 Nos
1270 1253 1311 1290 et
1348 1252 1566 1291 volumina
1592 1251 1680 1290 diui

86 1318 337 1369 Hieronymi
357 1320 428 1356 tua
446 1330 544 1356 cura
571 1316 779 1356 elaborata
802 1317 981 1356 iucunda
1006 1317 1183 1367 quadam
1207 1317 1431 1367 cupiditate
1455 1316 1680 1367 expectabi·
1701 1328 1738 1361 25

85 1397 190 1433 mus,
214 1385 254 1422 et
274 1382 525 1433 promissum
544 1384 665 1421 tuum
686 1396 766 1432 quo
787 1382 979 1421 omnium
1006 1381 1240 1421 studiorum
1266 1384 1434 1420 tuorum
1459 1382 1619 1420 fructus
1637 1384 1680 1420 te

84 1449 205 1488 nobis
225 1448 462 1487 delaturum
481 1448 669 1495 affirmas,
692 1447 737 1486 in
758 1447 932 1486 maximi
952 1447 1139 1486 muneris
1159 1447 1248 1486 loco
1269 1448 1469 1486 ducemus
1488 1448 1533 1486 in
1552 1460 1680 1497 eoque

80 1515 260 1565 gratiam
284 1513 364 1552 tibi
390 1526 536 1551 sumus
560 1512 754 1552 habituri.
812 1514 1021 1551 Amamus
1046 1514 1185 1551 autem
1206 1513 1391 1551 multum
1410 1512 1488 1551 hoc
1511 1512 1681 1551 nomine

84 1578 366 1619 venerabilem
397 1578 570 1617 fratrem
598 1577 971 1628 Archiepiscopum
1004 1578 1357 1627 cantuariensem,
1392 1578 1500 1628 quod
1531 1577 1577 1616 in
1607 1579 1681 1616 tua

84 1645 243 1684 virtute
261 1643 410 1682 studiis
430 1643 518 1682 suis
538 1643 797 1682 confouenda
815 1643 916 1682 satis
936 1643 1023 1693 ipse
1044 1643 1258 1693 egregium
1278 1643 1571 1682 testimonium
1590 1655 1680 1693 per·
1699 1653 1740 1684 30

84 1708 201 1748 hibet
220 1710 260 1747 et
278 1707 450 1747 virtutis
469 1710 511 1747 et
535 1708 750 1758 dignitatis
770 1721 877 1746 suae.
937 1708 991 1746 Et
1012 1707 1209 1758 quoniam
1229 1707 1326 1747 abes
1345 1708 1470 1758 longe
1489 1708 1680 1758 gentium

83 1775 208 1823 atque
227 1774 272 1812 in
292 1785 340 1811 ea
359 1786 402 1812 es
421 1773 556 1812 insula
576 1773 620 1812 in
642 1787 723 1822 qua
741 1785 919 1822 regnum
939 1773 1098 1811 obtinet
1118 1773 1207 1811 Rex
1228 1773 1482 1811 clarissimus
1499 1775 1540 1811 et
1561 1772 1681 1810 nobis

80 1851 130 1878 ac
157 1838 254 1877 Sedi
281 1838 544 1887 Apostolicae
578 1838 694 1877 omni
722 1838 883 1876 ratione
911 1837 1276 1876 coniunctissimus
1308 1837 1431 1886 filius,
1460 1837 1681 1876 scribimus

86 1903 136 1942 ad
156 1916 251 1941 eum
270 1901 431 1942 litteras
453 1903 497 1941 in
523 1903 931 1941 commendationem
953 1903 1039 1941 tui:
1069 1915 1170 1952 quas
1195 1903 1307 1952 ipsas
1328 1904 1368 1941 et
1387 1916 1528 1941 earum
1546 1915 1681 1941 exem-

82 1968 205 2018 plum
223 1968 303 2007 tibi
325 1968 441 2006 mitti
466 1967 677 2015 iussimus,
702 1967 737 2006 si
763 1967 1004 2006 viderentur
1029 1967 1244 2016 reddende‚
1267 1970 1312 2006 vt
1337 1968 1535 2006 redderes.
1596 1967 1681 2006 Nos
1700 1979 1738 2010 35

82 2037 176 2072 tum
196 2033 409 2072 communi
432 2033 570 2071 studio
597 2034 739 2071 nostro
767 2035 807 2071 et
827 2045 964 2071 amore
988 2046 1084 2083 erga
1109 2033 1239 2072 bonas
1258 2032 1430 2081 litteras,
1452 2035 1544 2071 tum
1569 2046 1680 2083 prae-

82 2098 205 2147 eipua
251 2098 428 2148 quadam
475 2097 668 2148 opinione
712 2097 882 2136 virtutis
923 2099 965 2136 et
1011 2098 1222 2136 doctrinae
1262 2100 1357 2137 tuae
1400 2098 1681 2137 desideramus

82 2162 309 2202 admodum
348 2163 433 2201 tuis
472 2163 728 2201 ornamentis
765 2165 808 2201 et
847 2163 1075 2202 commodis
1115 2164 1255 2212 patere
1295 2163 1434 2213 aliqua
1471 2163 1679 2202 occasione

83 2227 374 2268 liberalitatem
389 2230 586 2276 nostram,
606 2228 713 2267 sicut
732 2230 775 2267 et
794 2231 937 2267 nostra
956 2228 1000 2266 in
1016 2230 1056 2267 te
1071 2227 1266 2267 voluntas
1284 2228 1467 2278 postulat
1486 2231 1527 2267 et
1545 2228 1681 2267 virtus

82 2295 154 2331 tua
171 2295 368 2331 meretur.
1697 2304 1740 2335 40

138 2358 294 2397 Datum
316 2358 445 2396 Rome
467 2358 577 2407 apud
603 2360 794 2397 sanctum
815 2357 998 2406 Petrum,
1022 2358 1099 2398 sub
1125 2359 1280 2397 annulo
1304 2358 1518 2408 piscatoris
1539 2358 1616 2396 Die
1637 2371 1676 2397 x.

85 2422 184 2462 Iulii
203 2436 362 2461 M.D.xv.
388 2422 664 2462 Pontificatus
684 2423 817 2463 nostri
836 2437 944 2462 anno
964 2424 1097 2463 tertio.
1166 2424 1224 2463 Ia.
1250 2423 1475 2462 Sadoletus.

138 2497 297 2537 Dilecto
317 2497 405 2536 filio
424 2498 598 2537 Erasmo
618 2499 909 2538 Roterodamo.

131 2603 180 2626 11.
206 2594 245 2624 vt
272 2591 333 2627 3⁸:
360 2603 404 2624 ne
428 2597 530 2625 verius
554 2605 648 2632 quam
666 2597 706 2626 vt
728 2594 777 2633 βῙ,
793 2598 846 2626 sed
862 2598 996 2633 sonasse
1016 2599 1120 2633 postea
1144 2597 1351 2626 emendatum.
1488 2604 1536 2633 13.
1568 2596 1678 2626 etiam

84 2636 178 2672 βῙΒε
203 2639 238 2668 et
256 2636 304 2671 13³.
436 2646 487 2676 25.
518 2639 554 2668 et
578 2638 672 2668 Noui
694 2638 915 2670 Testamenti
940 2641 1014 2670 add.
1038 2641 1066 2669 B
1084 2642 1153 2676 post
1178 2637 1406 2678 Hieronymi.
1547 2647 1600 2677 31.
1631 2639 1678 2670 Et

81 2680 254 2720 quoniam
272 2703 280 2712 .
298 2703 305 2710 .
321 2702 329 2710 .
348 2689 399 2719 35.
419 2679 583 2711 redderes
598 2691 655 2712 om.
672 2683 710 2712 Β.

128 2810 178 2840 25.
210 2798 440 2840 Hieronymi]
458 2799 532 2831 The
548 2800 725 2831 insertion
741 2800 845 2832 made
958 2810 1010 2839 31.
1035 2801 1080 2832 Et
1093 2802 1262 2840 quoniam
1276 2825 1283 2833 .
1301 2824 1327 2832 ..
1344 2810 1396 2840 35.
1413 2802 1594 2844 redderes]
1628 2802 1676 2835 In

83 2845 124 2875 in
167 2844 196 2876 B
237 2853 310 2874 was
354 2843 529 2874 rendered
571 2853 760 2883 necessary
797 2845 846 2883 by
914 2844 1085 2884 omitting
1115 2843 1190 2875 this
1219 2854 1363 2884 passage
1395 2844 1565 2877 Erasmus
1591 2856 1675 2887 may

81 2887 145 2918 the
169 2887 304 2926 change
327 2886 430 2917 made
458 2886 497 2917 in
522 2886 584 2917 the
611 2886 844 2918 dedieations.
913 2887 1002 2918 have
1018 2887 1157 2918 wished
1182 2888 1210 2918 it
1227 2890 1262 2918 to
1278 2888 1320 2919 be
1338 2888 1491 2928 thought
1514 2889 1595 2921 that
1611 2890 1674 2921 the

84 2931 130 2962 In
163 2930 225 2969 Ep.
259 2939 322 2969 335
353 2930 456 2960 there
487 2930 517 2961 is
547 2939 593 2961 no
624 2929 777 2961 allusion
808 2932 844 2961 to
912 2930 1063 2962 letterto
1080 2930 1205 2970 Hem-y
1219 2931 1296 2971 (Ep.
1311 2932 1390 2972 339)
1408 2931 1476 2963 had
1493 2933 1579 2965 been
1591 2935 1674 2965 sent

81 2974 144 3005 the
161 2973 246 3005 New
262 2973 476 3005 Testament.
911 2974 1043 3014 direct;
1066 2975 1130 3005 but
1147 2974 1190 3006 cf.
1207 2974 1268 3014 Ep.
1286 2975 1358 3015 389.
1377 2984 1472 3015 27—9.

846 3071 909 3098 12
