2010 3417
150 177 198 214 59
211 163 248 218 1]
500 166 651 205 FROM
689 167 832 206 sEBA
839 167 1009 206 STIAN
1047 167 1391 207 GIUSTINIAN
1661 168 1741 206 597

149 277 254 324 dam,
272 276 308 315 si
327 276 581 326 labefactata,
599 290 683 316 non
705 277 969 316 dissuendam
988 279 1059 316 aut
1077 277 1453 328 praescindendam,
1477 278 1547 316 sed
1568 277 1740 317 sarcien-

149 341 256 389 dam,
279 341 593 391 restituendam,
615 342 958 382 'reconciliandam
977 343 1311 394 fulciendamque
1329 343 1495 382 voluere
1515 343 1734 393 sapientes.

203 406 296 444 Non
329 419 499 457 possum
533 407 722 458 equidem
761 421 844 446 non
883 408 1133 447 commoneri
1166 408 1271 446 tanti
1299 408 1383 446 viri
1427 407 1740 447 consuetudinis

145 471 387 521 desyderio;
428 472 473 511 in
507 486 589 523 quo
607 486 691 512 vno
726 475 824 511 sunt
854 473 993 512 omnia
1021 487 1126 523 quae
1156 475 1309 512 rectam
1333 474 1527 513 muniant
1553 473 1664 513 viam
1685 473 1736 512 ad

148 536 359 584 virtutem,
382 550 484 587 quae
509 537 589 576 iter
612 538 801 588 expediat
825 539 875 577 ad
905 538 1155 577 felicitatem.
1214 539 1264 577 In
1292 552 1339 577 eo
1365 541 1463 578 sunt
1487 538 1737 589 lepidissimi
1759 552 1820 574 110

147 613 296 650 mores,
319 602 544 652 singularis
571 603 818 651 innocentia,
841 604 1070 642 veneranda
1099 617 1192 642 cum
1222 603 1383 642 decenti
1413 604 1590 654 quadam
1616 603 1737 642 comi·

147 668 230 704 tate
251 666 430 717 grauitas
448 680 493 705 ac
513 668 662 706 festiua
681 680 776 707 cum
796 668 999 718 grauitate
1018 668 1251 717 affabilitas,
1274 670 1414 708 exacta
1433 668 1737 719 multiplexque

145 730 354 780 doctrina;
383 734 429 770 vt
448 745 532 771 non
553 732 849 783 philosophiae,
872 747 955 773 non
975 733 1076 773 iuris
1096 732 1231 772 ciuilis
1250 733 1531 784 pontificiique
1551 734 1733 782 scientia,

148 809 234 834 non
268 797 444 836 Graecae
474 797 726 848 Latinaeque
762 798 1019 838 litteraturae
1056 799 1224 848 perinde
1253 812 1299 838 ac
1331 800 1375 838 in
1408 802 1578 850 vtraque
1612 800 1735 837 natus

144 861 273 900 fuerit
306 862 496 911 eruditio,
518 876 602 902 non
635 864 850 914 theologia,
882 863 1148 903 scientiarum
1181 864 1278 903 finis
1311 877 1356 903 ac
1388 867 1500 904 meta
1527 864 1731 912 omnium,
1755 877 1814 908 115

145 925 453 976 desyderantur.
514 928 586 966 Nil
605 928 690 979 agit
709 929 870 978 vspiam
891 928 999 979 quod
1020 942 1104 967 non
1123 929 1272 968 rationi
1292 929 1475 979 quadret,
1498 929 1559 967 nil
1579 942 1665 967 non
1683 928 1733 967 ad

142 992 425 1042 perpendiculi
461 993 648 1042 regulam
686 993 839 1044 dirigit.
901 993 1054 1033 Nullus
1091 993 1263 1033 omnino
1301 996 1440 1033 motus
1487 993 1734 1044 habitusque

143 1057 326 1107 corporis
357 1071 441 1097 non
472 1059 655 1107 decorus,
679 1072 764 1097 non
797 1061 1010 1108 venustus,
1041 1072 1125 1098 non
1156 1059 1326 1109 ingenui
1363 1059 1532 1109 pudoris
1569 1059 1729 1109 plenus,

145 1123 288 1162 nullus
315 1137 450 1163 sermo
481 1125 554 1174 qui
582 1137 668 1163 non
698 1124 888 1163 concinat
915 1124 1097 1164 auribus.
1157 1124 1276 1163 Adde
1307 1125 1416 1175 quod
1438 1137 1524 1163 non
1543 1124 1598 1163 sit
1617 1124 1732 1174 quasi

144 1189 248 1227 illud
267 1202 318 1227 ex
336 1202 459 1228 aureo
478 1190 646 1228 Amasis
666 1202 761 1228 vase
781 1190 893 1239 turpi
907 1189 1001 1229 vsui
1020 1191 1182 1228 seruato
1203 1190 1426 1228 conflatum
1445 1189 1728 1238 simulacrum,
1754 1203 1814 1224 120

142 1256 185 1292 at
217 1254 322 1293 atria
359 1255 396 1293 ei
433 1256 570 1294 nitent
609 1258 750 1294 omnia
784 1255 1073 1294 stemmatibus
1110 1255 1259 1294 referta
1297 1255 1498 1305 clarisque
1535 1255 1734 1294 adornata

140 1332 311 1358 suorum
345 1320 606 1371 imaginibus,
637 1322 683 1359 vt
715 1333 839 1358 nemo
869 1320 1042 1359 miretur
1070 1321 1106 1358 si
1135 1320 1376 1359 huiusmodi
1403 1333 1489 1359 non
1509 1320 1645 1359 sinam
1664 1320 1732 1359 vel

142 1385 304 1423 incuria
340 1386 406 1424 vel
453 1386 760 1425 intermissione
805 1385 1042 1424 labefactari
1079 1385 1267 1435 soluique
1305 1385 1542 1425 amicitiam.
1604 1386 1731 1423 Hunc

140 1449 246 1488 mihi
275 1450 488 1500 praecipue
518 1451 747 1501 delegeram
776 1463 900 1500 quem
929 1450 1117 1497 colerem,
1140 1463 1262 1500 quem
1291 1449 1493 1488 aemulari
1518 1450 1730 1488 contende-

141 1528 255 1563 rem3
284 1529 482 1566 magnum
503 1515 707 1554 nimirum
727 1517 815 1554 erat
840 1515 945 1554 mihi
973 1515 1103 1554 calcar
1127 1514 1178 1554 ad
1199 1515 1409 1554 virtutem.
1471 1515 1616 1554 Certus
1636 1527 1729 1553 sum
1751 1528 1787 1549 12
1793 1530 1810 1560 5

141 1581 314 1630 proinde
333 1581 564 1632 impensius
582 1581 679 1619 talis
703 1581 825 1619 amici
851 1580 1032 1619 iacturae
1057 1580 1305 1630 reparandae
1323 1579 1570 1627 incumbere,
1595 1579 1730 1618 illum·

141 1658 220 1694 que
248 1647 366 1696 quasi
393 1646 584 1685 luxatum
613 1645 849 1684 membrum
878 1645 1102 1683 restituere.
1162 1644 1206 1682 Si
1232 1645 1321 1683 fieri
1344 1644 1464 1693 sinat,
1487 1644 1730 1694 perpulchre

138 1711 246 1749 mihi
273 1711 511 1750 consultum
549 1711 700 1758 fuerit3
740 1711 807 1749 sin
845 1710 986 1749 minus
1025 1722 1190 1748 mecum
1220 1710 1263 1747 in
1292 1722 1431 1748 amore
1463 1709 1725 1758 consenserit,

138 1776 351 1826 praebebit
390 1778 499 1814 certe
536 1776 586 1814 ad
633 1776 833 1815 iacturam
869 1788 1013 1813 ansam
1058 1774 1324 1825 gladiumque
1374 1774 1426 1812 ad
1470 1774 1729 1824 deploratum

141 1841 376 1880 membrum
396 1854 482 1880 non
502 1841 590 1879 sine
609 1854 700 1879 meo
720 1840 869 1889 dolore,
892 1840 1046 1890 absque
1072 1842 1214 1878 tamen
1236 1852 1329 1878 mea
1347 1852 1476 1888 causa,
1500 1839 1729 1878 rescinden-
1749 1855 1811 1886 130

143 1907 256 1945 dum.
314 1907 403 1955 Quo
436 1906 508 1945 fiet
526 1909 572 1945 vt
601 1907 642 1944 et
661 1906 794 1945 vicem
823 1918 958 1943 meam
988 1905 1160 1953 doleam,
1184 1903 1302 1954 eique
1330 1917 1403 1954 pro
1430 1905 1570 1943 nostra
1593 1906 1728 1954 spreta

140 1985 401 2011 succenseam
435 1971 626 2010 amicitia.
689 1970 819 2018 Nosti,
858 1970 917 2008 mi
950 1969 1130 2017 Erasme,
1164 1971 1355 2008 nostrum
1386 1970 1430 2007 in
1462 1982 1569 2017 eum,
1603 1982 1726 2020 quem

140 2037 242 2076 satis
269 2049 469 2087 superque
497 2036 780 2086 explicuimus,
805 2035 1004 2074 animum.
1065 2034 1139 2083 Da,
1160 2047 1312 2084 precor,
1335 2047 1498 2084 operam
1515 2036 1564 2072 vt
1590 2034 1628 2073 ei
1655 2048 1728 2084 per

140 2105 181 2140 te
217 2102 364 2150 clarus,
389 2114 603 2151 expressus
640 2104 764 2151 atque
801 2100 1045 2149 conspicuus
1081 2099 1146 2139 sit.
1206 2099 1270 2137 Tu
1303 2099 1472 2137 interim
1506 2112 1582 2138 nos
1618 2112 1722 2148 ama,

141 2167 423 2217 redamarique
443 2166 556 2205 scias.
596 2166 708 2214 Vale,
732 2166 1013 2204 litteratorum
1034 2163 1279 2214 reipublicae
1296 2163 1561 2213 praesidium,
1584 2158 1724 2203 meum
1747 2179 1805 2212 135

138 2234 260 2272 decus
279 2235 402 2283 atque
420 2232 582 2271 animae
601 2231 822 2271 dimidium
843 2243 969 2269 meae.

190 2297 370 2337 Londini
389 2297 514 2335 tercio
539 2297 621 2336 Cal.
644 2296 744 2334 Iulii
770 2306 881 2343 1517.

184 2405 254 2435 119.
279 2395 445 2427 concinat
460 2397 593 2432 scripsi:
616 2394 780 2425 concinet
795 2397 862 2424 ΜΞ.
1083 2401 1152 2430 127.
1180 2391 1332 2423 lixatum
1349 2393 1416 2423 MS.
1435 2402 1442 2422 :
1465 2401 1539 2422 corr.
1556 2393 1618 2423 LB.

641 2499 710 2521 120.
735 2486 896 2528 Amasis]
921 2487 971 2519 Cf.
990 2486 1076 2518 Hdt.
1096 2497 1124 2517 2.
1148 2497 1216 2526 172.
