2010 3417
88 139 188 194 493]
502 140 656 180 FROM
693 139 961 180 WILLIAM
999 139 1274 179 BUDAEUS
1602 139 1681 176 399

88 251 293 302 quaedam
313 251 439 290 etiam
463 262 549 289 esse
569 252 610 289 et
627 250 789 289 lumina
808 249 972 289 obscuri
990 263 1063 300 per
1081 262 1124 288 se
1151 251 1361 298 tractatus,
1384 262 1479 288 cum
1498 248 1684 299 alioquin

89 316 324 367 ponderum
358 318 400 355 et
429 316 688 355 nummariae
721 315 782 354 rei
810 314 1028 365 explicatio
1056 318 1097 354 et
1126 327 1416 354 mensurarum
1443 314 1684 364 scrupulosa

90 381 357 432 inuestigatio
387 381 664 420 refractariam
696 380 917 420 lectionem
949 380 1130 419 haberet.
1190 380 1316 419 quat
1348 382 1458 420 certe
1489 381 1598 430 apud
1627 383 1680 429 te,

90 447 151 486 mi
177 447 359 495 Erasme,
382 458 547 485 causam
573 445 721 493 dicere,
739 445 858 484 velut
883 459 976 485 reus
1002 446 1136 485 factus
1162 445 1242 484 sim
1267 446 1376 496 apud
1401 448 1443 484 te
1471 446 1685 486 literarum

91 525 306 552 censorem
338 511 407 550 vel
438 511 528 562 ipse
557 510 647 549 iure
679 512 750 549 tuo
780 524 934 549 nomen
965 524 1107 550 meum
1138 511 1336 550 detuleris
1366 511 1418 550 ob
1446 511 1684 561 exemplum
1703 523 1763 555 305

89 591 115 616 a
134 591 201 616 me
225 576 440 627 proditum
464 575 702 625 praelautae
727 575 941 614 cuiusdam
968 576 1321 626 praenitentisque
1346 577 1484 627 copiae
1511 591 1556 616 ac
1581 577 1684 616 luxu

94 641 389 689 redundantis3
418 642 559 679 contra
583 653 744 679 morem
771 640 1098 692 institutumque
1123 641 1340 690 maiorum,
1369 655 1545 692 quorum
1572 642 1684 681 haud

94 707 218 747 dubie
237 705 400 757 placitis
418 719 494 755 pro
513 705 675 756 legibus
694 706 1029 745 doctissimorum
1055 706 1154 745 ordo
1172 707 1315 745 vtitur.
1374 707 1579 757 Equidem
1600 721 1684 746 non

89 773 192 812 adeo
211 771 330 811 viciis
356 771 462 810 meis
484 771 602 810 faueo
621 773 683 819 vt,
703 770 737 809 si
763 770 821 810 ita
838 771 906 810 vel
932 771 1089 822 ingenii
1114 771 1198 810 mei
1214 771 1283 810 vel
1309 772 1554 811 eruditionis
1580 773 1685 812 ratio

89 837 267 884 tulisset,
285 850 372 875 non
393 836 513 886 culpa
528 849 663 875 carere
677 836 847 874 mallem
863 850 986 886 quam
1007 837 1169 886 culpam
1187 837 1394 886 deprecari
1412 839 1454 875 et
1468 849 1684 877 excusare:
1703 849 1765 881 310

90 915 236 942 verum
256 914 350 940 cum
370 901 412 939 id
431 901 538 939 mihi
564 914 648 940 non
672 902 893 951 contigerit
913 902 1022 952 quod
1048 902 1092 940 in
1117 901 1265 951 primis
1291 903 1495 951 optabam,
1520 903 1686 952 δεύτερόν

90 973 189 1017 φασι
214 970 334 1005 πλοῦν
360 967 588 1016 προειλόμην
604 981 615 1015 ,²
654 967 878 1005 secundam
907 968 1020 1006 enim
1045 980 1133 1006 esse
1162 969 1317 1005 sortem
1340 970 1440 1017 puto
1469 968 1513 1006 in
1542 968 1686 1006 libera-

94 1034 241 1073 liorem
270 1034 431 1083 partem
460 1045 639 1082 peccare.
697 1032 798 1080 Quis
824 1033 938 1071 enim
966 1046 1050 1071 non
1079 1032 1200 1071 malit
1228 1033 1354 1071 luxus
1381 1046 1426 1072 ac
1454 1033 1687 1072 munditiae

90 1099 262 1149 profuse
292 1111 418 1147 quam
447 1097 633 1136 sordium
661 1099 733 1136 aut
763 1097 1015 1147 frugalitatis
1045 1098 1204 1136 ieiunae
1229 1098 1463 1148 postulari?
1534 1098 1685 1149 Scripsi

93 1163 315 1215 aliquando
330 1163 407 1202 tibi
427 1162 655 1201 iocabunde
671 1162 790 1201 villas
809 1176 875 1201 me
895 1164 1236 1202 Lucullianarum
1252 1164 1437 1204 aemulas
1457 1164 1681 1204 aedificare.
1704 1176 1765 1208 315

90 1231 155 1270 Tu
179 1242 247 1268 me
276 1228 401 1267 etiam
431 1241 526 1268 cum
554 1228 800 1267 Luculliano
829 1229 1008 1278 quodam
1031 1229 1331 1279 patrefamilias
1360 1230 1584 1280 componis,
1615 1231 1686 1269 sed

89 1295 164 1346 qui
200 1307 318 1334 suam
356 1293 657 1343 supellectilem
689 1294 801 1332 norit
834 1296 874 1331 et
907 1307 1094 1343 promere
1126 1295 1176 1332 ad
1209 1307 1308 1333 vsus
1342 1308 1549 1345 quamque
1590 1308 1687 1335 suos

92 1359 294 1400 didicerit.
353 1358 476 1397 Hanc
495 1371 582 1397 esse
606 1372 692 1397 non
718 1359 926 1397 minorem
953 1359 1118 1398 laudem
1144 1361 1246 1409 puto
1273 1373 1398 1409 quam
1418 1361 1454 1399 si
1471 1360 1686 1400 licentiore

92 1428 170 1466 hac
206 1426 339 1464 aetate
376 1424 574 1463 Pisonem
611 1424 818 1474 quendam
851 1424 961 1474 frugi
993 1438 1059 1463 me
1092 1438 1180 1464 esse
1216 1425 1404 1464 dixisses.
1475 1425 1592 1464 Nihil
1624 1427 1686 1465 est

94 1492 267 1532 omnino
290 1490 397 1540 quod
423 1489 503 1528 tibi
526 1502 791 1528 succenseam
812 1490 896 1542 ὅνγε
920 1490 1108 1540 διαιτητὴν
1133 1492 1291 1540 εὑρόμην
1316 1494 1479 1530 πλεῖστα
1504 1493 1571 1541 μὲν
1596 1493 1687 1541 πρὸς
1706 1505 1767 1536 320

92 1559 201 1610 χάριν
220 1556 324 1595 οὐδὲν
342 1555 381 1594 δὲ
404 1556 496 1605 πρὸς
523 1556 694 1605 ἐπήρειαν
720 1556 1017 1606 ἀποφηνάμενον,
1039 1556 1201 1606 οὐδαμοῦ
1227 1556 1265 1595 δὲ
1291 1557 1584 1609 παρεγκλίνοντα
1610 1558 1683 1595 ἀπὸ

91 1626 158 1662 τοῦ
179 1623 414 1673 καθήκοντος,
435 1621 491 1659 ἀεὶ
511 1621 549 1659 δὲ
567 1623 633 1670 τῆς
652 1620 828 1670 ἀληθείας
844 1621 960 1673 λόγον
979 1621 1121 1672 ἔχοντα.
1173 1620 1281 1668 Ἐξὸν
1299 1623 1373 1673 γάρ
1393 1639 1455 1660 σοι
1473 1623 1683 1672 προστίμου

91 1689 188 1729 τινὸς
206 1687 391 1738 τιμᾶσθαί
404 1704 480 1736 μοι,
501 1689 530 1725 εἷ
557 1689 720 1733 κριτικῶς
738 1703 782 1738 γε
807 1689 883 1727 τοῖς
909 1689 1009 1736 ἐμοῖς
1035 1687 1308 1739 συγγράμμασι
1328 1688 1388 1725 καὶ
1414 1690 1686 1737 ἐπηρεαστικῶς

93 1752 354 1804 προσενήνεξο,
385 1753 505 1791 πάντα
531 1752 575 1801 δὴ
602 1752 651 1790 σὺ
675 1753 722 1790 τὰ
747 1753 987 1802 ἡμαρτημένα
1011 1769 1075 1802 μοι
1101 1753 1148 1802 τῇ
1167 1752 1278 1803 φιλίᾳ
1305 1753 1546 1803 κατεχαρίσω.
1608 1753 1685 1791 Καὶ
1742 1801 1753 1808 ἐ

91 1820 167 1870 μὴν
195 1818 310 1858 οὐδεὶς
336 1817 381 1856 ἂν
406 1817 508 1867 οἶμαι
533 1820 604 1855 τῶν
631 1817 841 1855 σπουδαίων
861 1819 1005 1855 ἀντεῖπε
1030 1817 1082 1866 μὴ
1103 1817 1185 1868 οὐχὶ
1212 1817 1285 1855 δεῖν
1309 1821 1359 1870 τῷ
1386 1821 1441 1869 σῷ
1467 1818 1685 1868 ψηφίσματι
1708 1831 1768 1862 325

92 1878 312 1923 ἀκολουθεῖν
332 1882 391 1921 καὶ
409 1882 656 1932 προσθέσθαι,
681 1884 711 1920 εἷ
730 1884 796 1920 σοί
811 1900 855 1934 γε
879 1885 989 1920 τοῦτο
1015 1883 1142 1927 ἐδόκει,
1162 1885 1459 1935 τρυφερολογίαν
1478 1885 1559 1922 τινὰ
1577 1886 1686 1935 ὑπερ-

92 1951 271 2000 μαζῶσαν
298 1951 388 1999 ε’μοῦ
414 1948 710 2001 καταγινώσκειν.
770 1951 851 1986 Νῦν
874 1948 912 1986 δὲ
939 1950 986 1999 τῇ
1015 1950 1067 1999 σῇ
1095 1949 1343 2000 κεχαρισμένῃ
1371 1950 1485 1999 ψήφῳ
1515 1950 1595 1987 ἀντὶ
1622 1953 1688 1988 τοῦ

93 2016 219 2054 δοῦναι
238 2015 342 2064 δίκην
360 2017 426 2052 τοῦ
444 2014 684 2064 τολμήματος
710 2014 769 2051 καὶ
794 2013 903 2058 δόξαν
928 2013 972 2062 δὴ
999 2014 1151 2063 οἴσομαι
1170 2015 1271 2063 παρὰ
1296 2017 1372 2054 τοῖς
1394 2014 1462 2063 τὴν
1481 2015 1687 2064 ἐπιστολὴν

92 2081 161 2130 τὴν
179 2081 254 2129 σὴν
272 2080 601 2131 ἀναγνωσομένοις.

154 2146 378 2193 Hactenus,
416 2146 463 2183 Vt
498 2144 626 2193 Vides,
662 2145 708 2182 τὰ
748 2145 840 2182 κατὰ
878 2144 944 2193 τὴν
982 2145 1201 2196 ἀπολογίαν·
1250 2144 1321 2194 ἤδη
1353 2147 1427 2196 γὰρ
1465 2143 1590 2189 ἐξίσου
1621 2163 1684 2184 σοι
1706 2157 1769 2189 350

94 2213 390 2262 κοινολογοῦμαι.
436 2209 661 2249 Custodem
675 2210 867 2259 equidem
887 2209 993 2248 mihi
1011 2223 1078 2247 me
1092 2211 1216 2260 atque
1231 2210 1360 2248 etiam
1380 2210 1687 2250 criminatorem

93 2288 298 2326 apponere
324 2275 464 2325 ipsum
492 2275 614 2323 soleo,
647 2276 688 2313 et
719 2274 768 2313 ad
796 2274 951 2324 scripta
978 2288 1069 2313 mea
1102 2275 1219 2325 quasi
1251 2274 1383 2314 aliena
1414 2276 1603 2315 accedere
1635 2289 1686 2315 ex

94 2340 328 2379 interuallo.
387 2340 513 2378 Haud
535 2340 636 2378 dum
654 2341 797 2379 tamen
815 2340 1024 2390 poenitere
1044 2340 1151 2378 mihi
1174 2340 1366 2390 contigit,
1387 2340 1495 2390 quod
1514 2343 1686 2380 naturae

94 2405 310 2444 seruierim
329 2407 371 2444 et
394 2405 562 2455 ingenio
590 2404 808 2444 obsecutus
830 2405 921 2444 sim.
981 2405 1087 2444 Mihi
1112 2406 1227 2444 enim
1253 2419 1415 2455 quoque
1434 2405 1580 2454 scribo,
1601 2418 1685 2444 non

95 2471 265 2508 tantum
294 2480 438 2508 scenae
470 2470 605 2508 Seruio
639 2471 679 2508 et
709 2470 871 2520 populo,
904 2483 1143 2520 quanquam
1177 2470 1228 2508 ab
1263 2470 1473 2509 orchestra
1505 2470 1684 2510 maxime
1705 2483 1767 2516 335

96 2536 290 2586 plausum
317 2536 423 2584 peto,
451 2535 495 2573 in
524 2548 603 2585 qua
630 2537 677 2574 tu
704 2535 949 2584 primarium
977 2535 1117 2573 locum
1146 2534 1329 2574 obtines:
1364 2537 1406 2573 et
1435 2535 1589 2574 isthaec
1618 2549 1685 2575 me

96 2599 230 2650 magis
257 2599 440 2649 capiunt,
467 2613 570 2649 quae
598 2613 694 2638 cum
720 2602 864 2650 argute
893 2603 986 2638 tum
1014 2600 1231 2649 splendide
1261 2600 1467 2647 dicuntur,
1501 2613 1686 2650 quaeque

140 2739 213 2768 301.
241 2729 351 2760 etiam
367 2738 426 2760 om.
443 2729 476 2762 β.
611 2737 686 2768 303.
714 2729 842 2760 habeat
857 2731 890 2763 β.
981 2732 1076 2760 certe
1093 2733 1166 2760 add.
1183 2731 1217 2764 β.
1350 2739 1425 2771 305.
1451 2729 1507 2760 vel
1528 2731 1602 2770 ipse
1619 2755 1626 2762 .
1648 2757 1655 2763 .
1673 2756 1682 2764 .

98 2772 272 2805 detuleris
287 2774 360 2803 add.
376 2773 410 2806 β.
556 2780 632 2811 309.
657 2772 744 2803 meis
761 2775 803 2803 C:
826 2773 882 2803 vel
898 2773 988 2803 meis
1004 2773 1061 2803 vel
1078 2773 1288 2812 cuiusquam
1304 2774 1338 2807 β.
1487 2783 1561 2812 311.
1587 2776 1685 2814 quod

94 2840 106 2848 .
127 2840 134 2847 .
155 2840 162 2847 .
180 2825 254 2855 312.
272 2813 466 2854 προειλόμην
480 2815 553 2845 add.
569 2815 602 2848 β.
746 2824 820 2854 312.
847 2816 946 2846 enim
963 2819 1037 2847 add.
1056 2816 1089 2850 β.
1241 2824 1316 2855 315.
1342 2816 1540 2848 iocabunde
1556 2820 1631 2850 add.
1647 2820 1682 2853 β.

97 2869 173 2900 317.
199 2856 405 2898 quamq30⁴²=
428 2858 523 2898 quai
540 2855 583 2889 0¹.
715 2867 788 2897 320,
814 2869 853 2899 γε
872 2859 942 2893 CB:
968 2870 1003 2889 τε
1019 2861 1059 2890 Ν.
1187 2856 1261 2898 321.
1289 2861 1354 2894 CB:
1384 2859 1627 2900 ἀποφῃνάμενον
1642 2865 1682 2894 F.

97 2913 175 2942 322.
198 2913 248 2932 σοι
264 2903 287 2936 β
302 2913 310 2932 z
328 2912 379 2932 τοι
397 2903 426 2932 C.
566 2910 640 2940 324.
668 2900 725 2935 0¹13
739 2914 745 2932 z
769 2901 1003 2942 προσενήνεγξο
1021 2902 1064 2933 0².
1222 2912 1296 2942 331.
1318 2905 1355 2933 Η
1367 2914 1374 2933 :
1398 2904 1633 2944 κανολογοῦμαι
1653 2909 1682 2938 C.

98 2948 206 2985 atque
223 2945 334 2976 etiam
350 2945 620 2976 criminatorem
638 2947 712 2977 add.
729 2946 763 2979 β.
954 2955 1028 2985 334.
1052 2947 1087 2977 et
1103 2946 1247 2986 ingenio
1265 2948 1287 2977 G
1297 2958 1302 2977 :
1328 2946 1438 2979 simul
1456 2949 1492 2979 et
1507 2948 1630 2980 animo
1645 2950 1680 2984 β.

95 2991 175 3030 336.
202 2988 338 3021 isthaec
353 2989 397 3024 B:
421 2989 492 3020 ista
506 2988 595 3020 haec
616 2990 645 3020 C'.
