2010 3417
321 137 402 175 236
783 133 1034 172 LETTERS
1073 131 1143 170 OF
1181 132 1444 172 ERASMUS
1786 131 1912 185 [1516

319 243 525 296 purgandi
544 242 831 280 necessitatem
856 240 962 278 mihi
988 239 1226 288 impositam
1258 239 1422 279 inueni:
1451 240 1624 290 proinde
1650 241 1913 280 occultiorem

321 309 437 348 illam
463 310 580 346 tuam
608 308 739 344 artem
762 305 875 356 (quid
905 305 1018 344 enim
1046 307 1168 342 tuum
1196 306 1259 343 est
1287 305 1396 354 quod
1426 316 1511 343 non
1538 304 1638 343 artis
1665 306 1915 346 faetissimae

266 388 301 419 25
321 374 374 412 sit
386 373 422 422 ‘?)
455 372 537 410 nisi
570 372 875 421 persensissem,
910 383 1056 419 parum
1094 369 1231 408 aberat
1262 369 1363 419 quin
1400 369 1650 419 gloriosulus
1682 370 1788 409 mihi
1820 372 1915 409 tuae

320 440 462 477 contra
489 436 689 486 singulari
716 435 940 474 eruditioni
972 435 1232 485 improuidus
1259 434 1496 484 patuissem.
1553 435 1614 474 De
1652 448 1793 474 morsu
1823 449 1914 486 quo-

321 503 498 541 rundam
525 502 633 552 quod
666 500 822 548 scribis,
856 500 944 539 noli
975 500 1183 547 laborare;
1225 498 1411 549 gloriam,
1443 501 1547 538 teste
1581 500 1737 539 Emilio
1765 500 1912 549 Probo,

321 567 508 617 sequitur
544 566 703 605 inuidia
741 578 887 604 comes.
946 565 1037 604 Hoc
1070 577 1156 603 esse
1186 577 1307 603 verae
1338 566 1378 603 et
1409 564 1566 614 primae
1597 565 1844 604 eruditionis
1876 567 1916 604 et

321 631 579 671 admirabilis
605 631 815 670 doctrinae
843 632 1137 680 argumentum
1165 643 1217 668 ne
1243 629 1395 673 dubita,
1419 629 1455 667 si
1481 629 1525 668 in
1551 630 1762 680 popularis
1786 630 1917 669 litera-

264 711 304 741 30
321 697 447 736 tionis
475 696 618 735 dentes
645 696 813 735 incidas.
874 695 986 735 Haec
1015 698 1114 734 tuus
1140 698 1182 734 te
1210 694 1281 732 ille
1308 694 1605 745 Hieronymus,
1627 696 1672 733 vt
1690 709 1775 734 vno
1793 694 1919 734 verbo

320 775 453 812 agam,
476 762 617 800 docere
635 762 797 812 poterit.

376 827 559 865 Tandem
594 830 635 865 te
665 839 737 877 per
765 838 878 865 sacra
908 824 1118 863 amiciciae
1147 839 1246 875 rogo
1272 825 1323 863 ad
1354 838 1430 863 nos
1457 824 1610 864 venias.
1668 825 1822 865 Venies
1855 837 1920 863 ex·

321 893 506 942 pectatus
526 892 649 930 bonis
666 891 780 939 viris,
802 904 904 941 quos
927 904 1012 928 non
1037 903 1184 940 parum
1210 890 1367 928 multos
1392 890 1460 928 hic
1484 890 1676 928 offendes.
1732 890 1821 941 Ego
1841 890 1919 928 tibi

323 957 472 1006 hospes
499 970 568 995 ero
599 958 640 995 et
673 956 940 1006 desyderatus
971 957 1011 993 et
1040 968 1234 1005 praesens
1268 957 1308 993 et
1335 954 1387 993 ad
1418 968 1553 993 assem
1580 955 1919 1002 volentissimus3

265 1036 305 1069 35
323 1021 557 1071 nostrisque
576 1023 618 1060 et
636 1020 844 1070 gymnasii
862 1020 1017 1070 pluteis
1034 1020 1281 1058 inscribetur
1300 1020 1367 1058 hic
1387 1019 1514 1058 fuisse
1529 1020 1766 1058 Erasmum.
1815 1019 1919 1058 Vale

324 1089 366 1126 et
394 1089 585 1126 nostrum
614 1087 878 1125 Bonifacium
908 1099 1011 1134 ama,
1043 1085 1114 1136 qui
1141 1087 1182 1123 te
1210 1098 1284 1135 pro
1313 1085 1486 1124 numine
1516 1086 1637 1123 colit:
1672 1085 1835 1124 vtinam
1863 1084 1921 1123 ita

325 1151 478 1199 diuina,
503 1151 562 1190 ita
587 1165 757 1201 superos
782 1153 828 1189 vt
848 1151 1072 1189 Erasmum
1101 1151 1217 1200 colat,
1240 1152 1279 1188 et
1309 1151 1392 1189 iam
1420 1150 1625 1189 calculum
1650 1148 1921 1189 beatitudinis

325 1216 507 1255 melioris
526 1216 570 1254 in
589 1230 737 1255 vrnam
758 1217 925 1255 conieci.
983 1216 1096 1264 Vale,
1120 1218 1415 1255 ornamentum
1436 1216 1558 1255 orbis.

379 1281 444 1320 Ex
464 1281 679 1331 Friburgo.
701 1281 761 1320 vii
780 1282 873 1320 idus
892 1281 1004 1319 Maii.
1060 1282 1143 1320 An.
1163 1294 1343 1320 M.D.XV1.

266 1363 308 1393 40
380 1347 506 1385 Parce
525 1346 620 1385 rudi
635 1346 815 1393 calan103
845 1345 1084 1385 tabellarius
1102 1346 1296 1385 humeros
1315 1347 1476 1396 pressit.

1307 1412 1421 1450 Tuus
1439 1412 1490 1450 ad
1511 1411 1634 1462 pedes
1655 1409 1811 1449 zasius.

678 1567 773 1606 407.
833 1565 898 1606 To
929 1565 1201 1606 ‘WILLIBALD
1232 1564 1573 1607 PIRCKHEIMER.

376 1659 651 1696 Pirckheimeri
669 1660 789 1705 Opera
806 1673 841 1705 p.
864 1662 941 1705 267.
1674 1658 1796 1695 Basle.

377 1718 433 1754 02.
451 1730 487 1763 p.
509 1727 596 1763 154:
622 1718 736 1754 Lond.
754 1730 840 1754 xxx.
860 1728 925 1754 22:
952 1718 1025 1755 LB.
1040 1718 1137 1764 App.
1152 1720 1207 1755 62.
1604 1727 1646 1753 12
1665 1717 1754 1763 May
1774 1717 1874 1763 1516.

375 1799 462 1840 [The
484 1799 564 1830 date
586 1800 617 1830 is
638 1799 833 1830 confirmed
851 1800 897 1839 by
913 1800 975 1830 the
996 1800 1237 1839 publications
1257 1798 1479 1830 mentioned.
1527 1799 1574 1829 In
1596 1799 1624 1829 P
1639 1799 1703 1829 the
1724 1798 1869 1829 address
1889 1798 1921 1828 is

327 1842 485 1883 prefixed
509 1844 544 1874 to
572 1843 635 1873 the
658 1843 824 1882 heading.
872 1844 924 1874 Its
946 1843 1105 1874 survival
1127 1843 1298 1883 probably
1321 1843 1464 1882 implies
1486 1842 1569 1873 that
1592 1843 1654 1873 the
1678 1842 1811 1874 editors
1836 1841 1874 1872 of
1893 1841 1922 1872 P

327 1896 420 1917 were
436 1887 602 1926 printing
614 1886 705 1917 from
720 1887 783 1917 the
800 1885 1026 1927 autograph.]

762 1978 968 2009 ERASMVS
999 1978 1247 2009 BILIBALDO
1279 1979 1361 2009 SVO
1393 1979 1427 2011 S.
1454 1979 1497 2010 D.

384 2059 472 2098 NEC
492 2063 577 2098 erat
597 2062 891 2109 argumentum
912 2060 963 2099 ad
978 2062 1020 2098 te
1038 2060 1246 2099 scribendi
1259 2073 1333 2099 nec
1349 2060 1497 2108 otium,
1512 2061 1655 2110 vtpote
1672 2059 1756 2098 iam
1775 2058 1826 2098 ad
1845 2059 1924 2097 iter

328 2125 534 2172 accincto;
574 2127 614 2163 et
638 2127 700 2163 tot
726 2125 810 2164 iam
828 2126 913 2164 iam
937 2126 1144 2164 mensium
1173 2125 1384 2164 laboribus
1410 2126 1575 2164 tantum
1604 2138 1689 2163 non
1716 2124 1924 2163 extinctus

330 2203 454 2228 eram.
514 2190 570 2228 Et
599 2192 741 2228 tamen
774 2193 921 2229 nactus
949 2191 1020 2240 qui
1050 2191 1261 2241 perferret,
1293 2204 1377 2229 non
1406 2189 1523 2240 potui
1555 2203 1639 2228 non
1667 2188 1845 2228 scribere
1872 2189 1922 2227 ad

331 2268 470 2294 meum
491 2254 759 2294 Bilibaldum.
819 2256 985 2294 Nouum
1006 2257 1320 2294 Testamentum
1348 2257 1555 2305 vtcunque
1584 2257 1645 2293 est
1672 2254 1919 2293 absolutum.

294 2341 310 2371 5
331 2320 615 2370 Hieronymus
633 2319 718 2358 iam
737 2321 788 2358 ad
807 2322 963 2359 metam
985 2321 1166 2369 anhelat,
1188 2321 1487 2371 propemodum
1505 2320 1693 2358 exiturus
1711 2319 1756 2357 in
1775 2332 1924 2358 manus

331 2386 562 2425 hominum.
619 2385 851 2425 Excuditur
878 2400 990 2425 nunc
1017 2387 1184 2425 libellus
1214 2388 1274 2426 De
1304 2387 1575 2425 Institutione
1602 2386 1813 2435 Principis
1839 2398 1923 2424 vna

332 2466 427 2491 cum
445 2451 538 2490 aliis
557 2451 729 2501 aliquot.
786 2452 872 2490 Nos
896 2452 1076 2490 humiles
1097 2452 1205 2502 quod
1224 2451 1320 2490 licet
1345 2452 1545 2490 molimur
1563 2454 1604 2490 et
1624 2451 1683 2490 rei
1701 2451 1923 2490 litterariae

332 2517 610 2556 succurrimus
629 2530 703 2567 pro
722 2517 846 2556 virili.
905 2518 967 2556 Tu
987 2531 1067 2567 quo
1086 2517 1242 2555 felicior
1259 2530 1313 2564 es,
1335 2517 1412 2555 hoc
1432 2519 1548 2566 potes
1570 2517 1738 2556 maiora.
1799 2517 1924 2564 Quae-

332 2595 494 2631 cunque
522 2582 634 2632 regio
666 2595 743 2621 nos
772 2583 966 2621 habitura
995 2585 1068 2630 est,
1102 2595 1263 2631 semper
1293 2582 1549 2621 Bilibaldum
1582 2582 1723 2620 animo
1757 2582 1925 2620 circum-

277 2661 314 2684 ιο
333 2648 521 2686 feremus.
580 2646 720 2686 Etiam
750 2649 872 2697 atque
909 2647 1037 2686 etiam
1066 2649 1107 2686 te
1140 2660 1236 2697 rogo
1268 2649 1313 2686 vt
1344 2648 1650 2686 Annotationes
1681 2647 1728 2685 in
1759 2647 1926 2686 Nouum
1968 2662 1971 2664 ·

378 2744 454 2774 406.
477 2754 529 2782 30.
554 2744 616 2774 ille
632 2747 686 2774 H:
711 2744 773 2774 ille
791 2745 853 2775 ille
864 2747 904 2776 B.
991 2754 1045 2783 35.
1072 2745 1159 2775 Vale
1176 2744 1263 2775 ΒΝ2
1279 2757 1287 2776 :
1303 2745 1416 2777 Valde
1432 2744 1480 2776 Νι
1495 2747 1593 2776 Loml.
1685 2755 1736 2785 41.
1759 2744 1856 2776 Tuus
1868 2766 1877 2774 .
1892 2768 1900 2775 .
1912 2766 1921 2774 .

336 2787 458 2818 Zasius
474 2798 531 2817 om.
549 2790 592 2819 H.
680 2788 755 2819 407.
781 2789 811 2818 8.
836 2789 934 2828 potes
949 2790 1056 2818 PLB:
1080 2790 1179 2828 optes
1196 2791 1294 2820 Lond.

379 2887 454 2917 406.
478 2898 527 2925 27.
554 2887 720 2927 gloriam]
747 2888 832 2927 Nep.
854 2891 961 2919 Chabr.
980 2898 1011 2927 3.
1053 2888 1097 2918 In
1209 2898 1263 2927 32.
1286 2888 1434 2928 Venies]
1460 2888 1513 2919 Of.
1531 2888 1634 2927 Verg.
1651 2889 1731 2918 Aen.
1749 2896 1779 2917 2.
1797 2886 1872 2925 283.

338 2929 399 2959 the
424 2931 522 2968 early
543 2931 698 2961 editions
722 2931 784 2961 the
806 2934 891 2962 Vitae
913 2941 972 2962 are
996 2932 1099 2962 attri-
1210 2931 1286 2963 407.
1312 2942 1339 2970 7.
1377 2941 1458 2962 cum
1485 2931 1567 2962 aliis
1593 2929 1746 2970 aliquot]
1778 2929 1830 2961 Cf.
1856 2929 1921 2970 Ep.

340 2972 449 3002 buted
466 2974 502 3002 to
519 2973 697 3003 Aemilius
714 2974 857 3005 Probus.
1166 2984 1230 3013 393
1254 2974 1384 3006 introd.
