2010 3417
153 129 250 183 520]
571 132 725 171 FROM
761 132 1028 172 WILLIAM
1066 132 1324 172 LATIMER
1663 135 1742 173 439

152 252 315 279 menses
334 241 384 280 ad
404 254 471 280 me
491 243 724 292 scripseras.
783 242 864 281 Sed
883 255 950 281 eas
976 255 1050 292 ego
1069 243 1209 282 literas
1227 243 1362 293 primo
1382 243 1488 282 forte
1508 256 1555 282 eo
1574 243 1641 282 die
1660 244 1741 295 legi

152 318 232 355 quo
271 305 435 345 Morum
467 308 644 346 conueni
663 322 671 354 ;
713 321 763 346 ex
801 307 953 358 quibus
989 307 1058 346 ille
1092 308 1238 346 nactus
1275 307 1541 356 occasionem,
1575 309 1659 358 egit
1693 310 1742 347 de

151 372 325 422 vtraque
351 385 393 410 re
419 385 584 411 mecum
606 376 804 412 accurate.
865 373 1021 412 Verum
1050 386 1151 423 qum
1180 385 1254 422 ego
1283 374 1493 423 vtrunque
1518 373 1582 411 illi
1603 387 1742 423 perne·
1763 387 1800 418 157

151 448 323 485 gassem,
363 437 471 487 quod
504 438 709 489 Episcopo
738 439 846 481 nihil
880 439 925 477 in
962 438 1131 477 tantillo
1168 440 1352 488 tempore
1390 439 1592 488 (mensem
1628 440 1742 478 enim

151 502 331 551 petebat)
360 515 428 540 me
457 503 723 552 profuturum
755 503 948 551 sciebam,
971 504 1016 542 in
1045 503 1174 543 altero
1207 503 1330 554 plane
1360 503 1646 554 intelligebam
1674 517 1741 543 me

151 566 305 606 frustra
318 567 614 615 laboraturum,
634 569 684 607 de
700 569 902 619 Episcopo
923 569 1089 619 quidem
1102 569 1210 607 mihi
1224 582 1311 608 rem
1326 569 1534 619 integram
1550 569 1716 620 reliquit
1732 585 1740 616 ;

150 631 201 670 de
221 634 264 670 te
281 645 380 671 vero
401 634 535 682 coepit
554 634 687 683 magis
706 634 922 684 magisque
942 634 1095 672 instare
1119 636 1175 681 vt,
1197 634 1233 673 si
1257 647 1337 684 quo
1357 634 1480 673 modo
1501 647 1675 684 possem,
1699 637 1740 674 te

150 696 348 746 iuuarem,
372 697 532 748 tibique
551 699 596 736 in
616 699 876 737 retractando
895 699 974 738 hoc
991 699 1108 737 Nouo
1125 699 1392 737 Testamento
1408 712 1542 737 meam
1563 699 1742 749 qualem·
1762 716 1801 737 20

150 774 312 811 cunque
341 775 507 812 operam
537 764 854 802 commodarem.
933 763 1220 802 Tribuendum
1257 763 1370 802 enim
1402 764 1480 802 hoc
1512 764 1740 804 affirmabat

148 826 215 865 vel
233 826 437 877 singulari
453 830 548 866 tuae
561 829 815 868 humanitati
829 829 895 867 vel
911 829 1200 867 consuetudini
1215 841 1260 867 ac
1273 828 1547 868 familiaritati
1563 832 1738 875 nostrae,

148 891 421 931 tribuendum
449 895 522 932 tuo
551 894 595 932 in
626 907 693 932 me
723 893 854 932 amori
885 907 930 932 ac
963 893 1287 942 beneuolentiae,
1318 894 1587 932 tribuendum
1617 894 1740 933 etiam

148 957 339 1007 publicae
376 959 577 1007 omnium,
614 972 791 1009 quorum
823 960 1029 998 asserebat
1064 962 1104 997 te
1137 971 1255 1008 agere
1288 958 1517 1009 negocium,
1539 959 1713 997 vtilitati
1732 974 1741 1007 ;

147 1022 368 1073 pluresque
387 1024 491 1062 alias
510 1037 652 1062 causas
671 1024 885 1074 allegabat,
909 1037 1010 1074 quas
1030 1026 1077 1063 vt
1099 1037 1219 1063 veras
1236 1037 1282 1062 ac
1302 1036 1474 1074 magnas
1493 1024 1622 1062 fatear
1639 1037 1737 1071 esse,
1762 1041 1776 1061 2
1782 1042 1799 1072 5

147 1086 216 1135 ita,
240 1088 276 1126 si
296 1089 394 1138 quid
415 1089 571 1128 efficere
589 1089 827 1139 potuissem,
849 1089 955 1127 mihi
974 1091 1082 1128 certe
1101 1102 1249 1138 parum
1268 1089 1522 1128 necessarias

201 1152 344 1203 Neque
369 1154 482 1192 enim
507 1153 702 1193 voluntas
729 1154 836 1192 mihi
860 1155 986 1203 deest,
1015 1154 1200 1202 Erasme,
1225 1167 1357 1204 neque
1386 1154 1514 1193 deerit
1542 1168 1737 1204 vnquam,

147 1218 215 1256 vel
234 1218 411 1257 ornandi
429 1221 480 1267 te,
497 1219 534 1258 si
554 1219 673 1258 detur
692 1219 856 1268 occasio,
876 1220 943 1258 vel
963 1220 1143 1267 iuuandi,
1161 1220 1196 1258 si
1215 1233 1296 1270 qua
1314 1221 1358 1258 in
1379 1234 1423 1258 re
1442 1220 1520 1258 tibi
1538 1220 1634 1259 vsui
1651 1233 1739 1258 esse

146 1283 314 1332 possim.
374 1284 452 1323 Sed
474 1298 575 1334 qum
596 1287 687 1323 octo
707 1286 780 1323 aut
799 1298 951 1323 nouem
975 1298 1108 1323 annos
1127 1285 1172 1323 in
1194 1285 1286 1324 aliis
1306 1285 1458 1324 studiis
1480 1286 1538 1324 ita
1556 1285 1636 1323 sim
1654 1298 1740 1323 ver-

146 1349 261 1387 satus
280 1351 327 1387 vt
346 1349 420 1388 vix
438 1350 569 1388 vllam
588 1350 758 1388 interim
777 1352 972 1400 paginam
992 1350 1193 1389 Graecam
1212 1350 1278 1388 vel
1303 1350 1496 1388 Latinam
1515 1350 1736 1400 attigerim,
1758 1367 1799 1397 30

146 1413 252 1463 quod
282 1413 349 1452 vel
374 1428 442 1453 me
467 1416 626 1454 tacente
650 1415 728 1454 hae
756 1415 899 1454 literae
926 1415 1007 1453 tibi
1034 1415 1152 1454 facile
1181 1415 1461 1464 declarabunt,
1485 1416 1583 1466 quid
1613 1415 1739 1454 debui

144 1480 215 1518 aut
235 1479 361 1518 etiam
382 1481 481 1530 quid
500 1481 620 1531 potui
639 1481 707 1520 vel
727 1481 842 1519 Moro
863 1481 1025 1532 roganti
1045 1481 1111 1520 vel
1127 1481 1204 1520 tibi
1223 1481 1452 1530 postulanti
1471 1481 1739 1531 promittere?

145 1543 310 1595 quando
329 1545 454 1584 etiam
481 1560 549 1585 me
578 1547 847 1585 vehementer
874 1546 1130 1597 pudet->0037
1158 1548 1232 1598 γὰρ
1257 1546 1359 1596 οἶμαι
1386 1546 1547 1596 τάληθὲς
1572 1549 1739 1584 εἰπεῖν-

144 1609 211 1649 vel
228 1608 280 1647 ad
299 1611 339 1648 te
359 1612 549 1660 scribere,
571 1612 798 1659 hominem,
820 1614 867 1651 vt
886 1611 993 1650 nihil
1012 1611 1126 1650 aliud
1139 1611 1284 1658 dicam,
1302 1611 1634 1650 disertissimum.
1685 1611 1740 1648 Et

144 1677 226 1716 nisi
255 1691 306 1716 ex
336 1677 470 1716 literis
503 1677 588 1716 tuis
617 1677 917 1716 intellexissem
949 1679 992 1715 te
1021 1676 1157 1715 maius
1182 1676 1338 1726 aliquid
1372 1689 1395 1714 a
1425 1689 1493 1714 me
1524 1677 1738 1726 expectare
1758 1695 1796 1725 35

145 1755 270 1791 quam
289 1744 362 1781 aut
381 1742 625 1792 promittere
645 1742 769 1781 debui
787 1744 859 1781 aut
873 1743 991 1791 potui
1010 1743 1231 1791 praestare,
1250 1742 1326 1779 has
1345 1741 1454 1791 ipsas
1468 1741 1608 1779 literas
1626 1741 1677 1779 ad
1697 1742 1738 1779 te

145 1821 232 1846 non
252 1807 469 1860 dedissem.
531 1807 674 1857 Neque
694 1807 788 1845 aliis
810 1807 894 1845 tuis
913 1807 1049 1845 literis
1067 1808 1282 1856 propterea
1300 1807 1520 1856 quicquam
1540 1806 1738 1844 hactenus

144 1872 351 1923 respondi,
375 1872 483 1921 quod
503 1885 571 1910 me
590 1874 678 1911 tam
696 1872 880 1910 alienum
894 1885 918 1911 a
932 1873 1021 1910 toto
1039 1872 1118 1910 hoc
1137 1884 1282 1921 genere
1298 1871 1419 1909 officii
1436 1871 1714 1921 intelligerem
1729 1886 1738 1909 ε

144 1951 249 1988 quae
266 1951 331 1977 res
351 1940 392 1976 et
411 1938 446 1976 si
469 1937 642 1975 antehac
669 1937 758 1975 sine
783 1936 1059 1986 negligentiae
1086 1936 1151 1975 vel
1176 1936 1491 1986 ingratitudinis
1509 1936 1738 1986 suspicione

145 2015 230 2041 non
256 2002 394 2050 fuerit,
419 2003 503 2040 iam
531 2003 638 2041 certe
660 2015 757 2041 vera
784 2002 933 2040 fatenti
960 2001 1038 2040 erit
1063 2001 1324 2051 ignoscenda.
1385 2001 1493 2050 Quid
1513 2002 1622 2051 quod
1642 2002 1738 2040 huic
1755 2018 1797 2049 40

142 2068 379 2107 studiorum
407 2067 708 2106 intermissioni
735 2067 828 2117 (qua
858 2079 942 2105 non
969 2066 1049 2105 alia
1074 2067 1204 2105 maior
1225 2079 1317 2105 meo
1342 2066 1496 2105 iudicio
1521 2066 1736 2105 literarum

142 2132 360 2184 pernicies)
379 2132 532 2171 accedit
559 2133 687 2172 etiam
711 2132 824 2171 aliud
853 2134 894 2171 et
920 2132 1059 2170 nescio
1082 2145 1136 2170 an
1162 2131 1260 2170 huic
1278 2132 1339 2170 rei
1358 2145 1483 2182 quam
1503 2145 1527 2170 a
1545 2145 1612 2170 me
1631 2132 1737 2181 petis

142 2199 277 2238 maius
297 2198 643 2237 incommodum?
697 2198 806 2247 quod
833 2210 978 2236 omnes
1001 2197 1086 2235 fere
1106 2197 1177 2247 qui
1203 2197 1249 2235 in
1274 2198 1402 2236 sacris
1426 2197 1560 2236 literis
1578 2197 1735 2247 aliquid

142 2264 344 2314 scriptum
364 2263 631 2313 reliquerunt,
656 2263 778 2313 longe
805 2262 900 2301 aliis
924 2262 1063 2301 verbis
1087 2265 1128 2301 et
1155 2262 1248 2300 aliis
1271 2262 1416 2312 figuris
1434 2276 1558 2312 quam
1577 2264 1736 2301 veteres

142 2329 210 2367 illi
239 2329 382 2367 Graeci
410 2329 474 2367 vsi
502 2330 612 2376 sunt,
635 2330 884 2378 tantumque
913 2328 964 2366 ab
992 2327 1064 2366 illa
1093 2328 1360 2377 antiquorum
1389 2327 1540 2377 lingua,
1566 2328 1633 2365 cui
1661 2339 1734 2376 ego
1753 2344 1793 2375 45

144 2393 246 2432 olim
272 2406 438 2442 operam
466 2393 571 2440 dedi,
591 2394 758 2439 distant,
785 2395 831 2431 vt
858 2406 1005 2443 parum
1033 2392 1088 2431 sit
1116 2393 1226 2443 quod
1257 2393 1364 2442 apud
1393 2406 1462 2431 eos
1489 2392 1734 2441 intelligam,

145 2457 253 2497 nihil
269 2457 392 2507 plane
420 2459 687 2508 quod'ausim
709 2457 904 2508 polliceri,
925 2471 1024 2508 qum
1050 2471 1125 2496 nec
1149 2457 1372 2496 locutionis
1391 2457 1557 2507 figurae,
1579 2470 1629 2495 ex
1648 2457 1735 2506 qui-

144 2525 222 2562 bus
241 2522 455 2561 interdum
483 2524 583 2562 solis
606 2536 753 2562 sensus
776 2523 990 2573 dependet,
1011 2536 1086 2561 nec
1110 2523 1331 2561 verborum
1355 2522 1625 2572 proprietates
1651 2521 1736 2560 sint

144 2587 252 2628 mihi
270 2587 370 2626 satis
388 2589 520 2626 notae.

197 2654 446 2702 Quanquam
465 2652 501 2690 si
519 2654 656 2691 essent
681 2653 782 2691 haec
804 2652 944 2691 omnia
962 2651 1070 2690 mihi
1090 2651 1307 2690 notissima
1326 2664 1399 2689 nec
1424 2651 1581 2701 aliquid
1606 2651 1733 2689 surri-
1752 2670 1793 2701 50

144 2719 301 2769 puisset
319 2718 400 2756 ista
417 2717 650 2756 studiorum
670 2731 860 2756 meorum
879 2716 1143 2763 intermissio,
1163 2716 1263 2766 quid
1283 2716 1390 2754 mihi
1407 2717 1454 2755 tu
1472 2716 1643 2755 tandem
1662 2720 1734 2756 aut

187 2826 238 2848 21.
263 2813 523 2847 commodarem
541 2817 607 2845 MS.
625 2826 632 2845 z
655 2813 941 2845 commendarem
959 2816 997 2845 N.
1088 2816 1138 2844 E:
1162 2813 1371 2845 tribendum
1387 2816 1455 2846 MS.
1543 2822 1596 2852 25.
1621 2813 1734 2846 fateor

144 2863 180 2891 F.
312 2868 364 2898 33.
390 2868 445 2889 me
464 2868 523 2889 om.
540 2861 582 2889 N.
735 2860 764 2887 E
779 2869 786 2888 ε
808 2856 970 2898 τάληθεὺσ
986 2860 1054 2888 MS.
1184 2858 1238 2897 38.
1264 2857 1358 2897 quod
1373 2860 1418 2889 E:
1444 2866 1512 2896 quo
1528 2860 1595 2888 MS.

190 2955 238 2985 13.
254 2943 461 2984 scripseras]
479 2944 529 2974 Cf.
551 2944 612 2983 Ep.
624 2944 696 2982 468.
716 2954 756 2974 10
773 2953 806 2974 n.
964 2953 1015 2982 29.
1033 2943 1114 2974 aliis
1124 2941 1270 2984 studiis]
1288 2942 1444 2983 Perhaps
1455 2944 1587 2975 music:
1600 2953 1656 2974 see
1667 2944 1731 2983 Ep.

144 2989 216 3020 and
232 2988 306 3019 also
322 2988 345 3019 l.
363 2996 404 3027 37
422 2990 522 3026 infra.
915 2996 987 3025 207.
1009 2996 1049 3016 22
1067 2997 1102 3018 n.
