2010 3417
162 137 260 192 531]
611 142 680 181 TO
718 141 982 182 WILLIAM
1022 144 1293 184 BUDAEUS
1669 147 1748 185 467

157 247 406 299 Expatiatur
437 252 480 289 et
511 250 677 290 Plinius
709 251 752 290 in
781 252 955 291 historia
982 254 1141 301 mundi,
1163 254 1232 292 sed
1265 254 1309 293 in
1342 256 1598 305 amplissimo
1631 269 1750 307 argu-

157 316 314 363 mento,
334 316 403 354 sed
432 315 600 354 breuius
626 318 800 366 vtroque
829 319 1031 366 nostrum,
1058 331 1125 357 me
1149 320 1275 358 etiam
1299 321 1442 359 rarius.
1500 321 1750 371 Expatiatur

155 381 198 418 et
217 380 370 419 Seneca
393 381 438 419 in
465 381 775 431 quaestionibus
799 395 1014 421 causarum
1038 384 1306 432 naturalium,
1328 385 1398 423 sed
1426 386 1743 436 infrequentius.

155 444 283 483 Vides
301 448 454 496 quanto
474 446 634 495 parcius
654 445 696 485 id
725 446 830 484 mihi
855 448 1116 496 permiserim
1142 449 1187 487 in
1208 449 1375 488 Nouum
1409 451 1743 500 Testamentum,
1769 465 1831 495 500

155 510 322 548 etiamsi
355 524 429 550 nec
458 511 537 550 hoc
570 514 865 561 argumentum
901 512 960 551 sic
989 513 1101 551 inter
1131 526 1174 552 se
1206 516 1446 554 contextum
1480 518 1544 554 est
1575 519 1620 555 vt
1650 519 1748 556 tuus

153 574 285 614 Assis,
342 576 480 614 Audio
498 577 697 626 quosdam
723 576 835 615 idem
863 577 1014 616 sentire
1034 578 1082 617 de
1102 579 1460 618 Annotationibus
1478 581 1562 620 tuis
1581 582 1625 620 in
1643 582 1747 621 Pan-

151 639 300 689 dectas,
351 654 454 690 quae
503 654 740 691 quanquam
786 642 1015 692 plurimum
1062 643 1236 682 attulere
1274 644 1352 682 tibi
1397 645 1562 695 gloriae,
1603 649 1743 686 tamen

151 704 362 755 aliquanto
377 706 470 755 plus
489 706 648 745 laturas
661 706 798 753 fuisse,
814 707 850 745 si
870 708 1040 747 resectis
1060 708 1112 746 iis
1131 722 1231 759 quae
1251 710 1310 757 tu,
1328 722 1411 747 non
1432 712 1550 760 quasi
1568 712 1747 762 diligens

152 782 323 818 promus
341 771 498 810 condus
517 772 587 810 sed
607 771 799 821 profusus
819 772 1028 822 quispiam
1048 772 1294 821 Lucullus,e
1315 775 1616 815 confertissimo
1636 790 1745 826 penu
1765 792 1826 823 305

148 834 330 874 effundis
355 836 495 875 verius
524 849 648 886 quam
676 837 848 887 promis,
877 851 924 876 ea
952 838 1217 887 potissimum
1246 838 1291 876 in
1320 839 1505 878 medium
1534 842 1745 880 attulisses

150 912 253 949 quae
278 903 441 950 proprie
471 901 523 939 ad
556 902 800 940 institutum
835 904 1128 952 argumentum
1159 903 1388 942 faciebant:
1416 904 1557 953 veluti,
1589 908 1635 945 vt
1668 906 1744 945 hoc

147 966 331 1016 exempli
348 967 481 1016 gratia
499 967 717 1016 proferam,
732 967 769 1005 si
787 967 1019 1006 vindictam
1034 981 1239 1017 enarrans,
1259 982 1343 1007 non
1358 968 1454 1008 ilico
1469 969 1745 1020 congessisses

150 1031 345 1082 quicquid
368 1045 540 1083 vsquam
563 1032 672 1082 apud
695 1031 829 1071 vllum
853 1034 1045 1071 autorum
1070 1046 1202 1083 genus
1227 1033 1276 1072 de
1301 1034 1560 1082 vindicando,
1583 1035 1634 1074 de
1653 1035 1743 1075 vin-

147 1095 266 1144 dicta,
295 1097 344 1136 de
366 1096 561 1136 vindiciis
586 1096 839 1146 reperiatur3
872 1097 943 1136 sed
971 1111 1018 1136 ea
1046 1098 1247 1137 duntaxat
1275 1113 1378 1149 quae
1405 1100 1664 1150 peculiariter
1692 1102 1743 1140 ad
1763 1118 1826 1148 310

148 1174 244 1200 eum
264 1162 401 1200 locum
420 1162 717 1200 illustrandum
737 1162 1014 1211 pertinebant.
1075 1163 1195 1202 Nunc
1215 1165 1491 1204 eruditionem
1512 1179 1634 1205 nemo
1655 1168 1741 1217 qui-

147 1227 242 1266 dem
271 1227 498 1278 desyderat.
558 1226 774 1265 Caeterum
803 1227 875 1276 qui
902 1230 974 1265 aut
1003 1228 1208 1267 auidiores
1238 1231 1337 1268 sunt
1365 1232 1437 1268 aut
1466 1232 1742 1280 occupatiores

146 1294 219 1331 aut
247 1292 373 1331 etiam
399 1291 656 1339 morosiores,
688 1293 909 1330 causantur
937 1293 1084 1342 ingens
1106 1307 1194 1332 esse
1224 1294 1421 1333 volumen
1450 1297 1491 1334 et
1521 1298 1661 1335 tamen
1693 1311 1742 1336 ex

146 1359 233 1395 tam
252 1357 400 1395 multis
417 1369 567 1406 paucos
592 1355 702 1395 locos
728 1356 958 1395 illustratos
977 1371 986 1405 ;
1016 1371 1251 1408 quanquam
1279 1373 1382 1409 quae
1408 1360 1586 1408 infulcis,
1610 1362 1740 1400 erudi-

144 1422 252 1461 tiora
281 1423 380 1461 sunt
417 1434 542 1472 quam
576 1423 622 1460 vt
659 1422 845 1460 ociosum
879 1424 920 1460 et
951 1423 1176 1462 candidum
1214 1423 1405 1463 lectorem
1437 1426 1644 1475 poeniteat
1676 1430 1742 1476 τῆς
1760 1443 1820 1474 315

144 1488 355 1539 παρεργίας.

198 1552 355 1591 Verum
371 1553 422 1591 ad
438 1551 603 1590 dicendi
619 1564 748 1601 genus
768 1552 852 1590 iam
871 1552 1001 1591 redeo.
1061 1553 1166 1602 Scio,
1188 1554 1286 1602 scic,
1307 1554 1542 1594 doctissime
1557 1556 1737 1605 Budaee,

145 1630 250 1666 quae
275 1619 347 1656 tua
376 1617 552 1656 felicitas
575 1619 654 1665 est,
681 1617 954 1667 quodcunque
981 1618 1176 1657 dictionis
1201 1632 1334 1668 genus
1357 1621 1520 1670 assequi
1543 1634 1660 1670 posse
1686 1623 1737 1669 te,

143 1682 266 1721 modo
285 1682 494 1730 volueris;
523 1683 565 1720 id
595 1682 705 1732 quod
734 1682 821 1731 ipse
850 1695 1013 1733 quoque
1043 1683 1264 1733 significas,
1285 1686 1408 1734 atque
1437 1685 1489 1723 ob
1518 1685 1560 1724 id
1590 1686 1739 1735 dignus

143 1747 216 1797 qui
245 1747 354 1797 quod
378 1748 584 1797 optimum
609 1748 670 1785 est
700 1747 815 1794 velis,
849 1760 943 1785 cum
974 1748 1125 1786 efficias
1158 1749 1353 1799 quicquid
1385 1750 1574 1788 volueris.
1634 1749 1738 1789 Mihi
1758 1769 1819 1798 320

143 1813 311 1862 quidem
330 1825 546 1862 nunquam
565 1811 723 1862 placuit
742 1811 946 1850 balbuties
966 1815 1007 1851 et
1022 1812 1196 1852 infantia
1215 1815 1472 1864 quorundam
1493 1816 1565 1865 qui
1583 1815 1736 1854 bonam

142 1877 389 1917 eruditionis
416 1878 576 1926 partem
598 1876 731 1915 videri
759 1877 909 1915 volunt
938 1877 1148 1927 elinguem
1176 1892 1264 1918 esse
1293 1881 1378 1928 aut,
1399 1881 1507 1929 quod
1534 1894 1626 1919 mea
1649 1893 1736 1919 sen-

141 1943 273 1982 tentia
309 1942 502 1981 miserius
534 1943 613 1989 est,
646 1955 792 1992 spurce
825 1942 1139 1993 prodigioseque
1168 1944 1312 1983 dicere.
1388 1946 1495 1984 Nam
1525 1948 1571 1984 vt
1600 1959 1735 1985 sermo

141 2007 357 2058 praecipua
375 2006 529 2045 mentis
547 2006 682 2056 imago
697 2008 769 2054 est,
788 2009 972 2045 mentem
991 2021 1089 2046 vero
1109 2009 1223 2048 decet
1243 2022 1330 2048 esse
1347 2010 1623 2061 purissimam,
1640 2025 1734 2050 cum

140 2073 246 2112 vicio
265 2073 384 2111 detur
408 2071 537 2110 vestis
561 2071 826 2119 immundior,
851 2072 983 2122 magis
1009 2073 1187 2112 arbitror
1212 2075 1411 2114 orationis
1436 2077 1661 2126 puritatem
1689 2090 1733 2116 ac
1755 2094 1792 2125 32

141 2137 396 2177 mundiciem
419 2137 528 2174 bono
551 2136 639 2174 viro
665 2137 952 2186 praestanda-m
980 2150 1097 2185 esse;
1126 2140 1250 2189 atque
1273 2139 1352 2178 huc
1379 2140 1549 2190 quidem
1574 2154 1734 2192 semper

140 2204 312 2243 annisus
330 2215 424 2241 sum
439 2215 463 2241 a
476 2215 613 2251 puero,
631 2203 835 2252 quantum
854 2206 994 2241 nostra
1011 2204 1134 2253 regio,
1151 2204 1352 2253 seculum,
1365 2205 1542 2254 fortuna,
1559 2207 1734 2256 denique

141 2271 344 2320 quantum
364 2268 463 2306 haec
482 2267 643 2318 ingenii
655 2267 838 2306 tenuitas
850 2267 1022 2307 ferebat.
1080 2268 1134 2307 Et
1153 2271 1295 2308 tamen
1321 2283 1418 2309 cum
1436 2271 1620 2310 viderem
1640 2273 1734 2311 arti-

140 2334 282 2372 ficium
302 2332 466 2372 dicendi
486 2345 510 2369 a
529 2331 714 2382 probatis
739 2331 842 2371 viris
861 2334 948 2370 tam
967 2334 1173 2382 grauatim
1192 2335 1365 2384 probari,
1389 2336 1523 2386 magis
1542 2337 1732 2376 affectaui

139 2399 342 2438 mundam
379 2397 607 2436 orationem
656 2409 782 2447 quam
818 2397 1083 2447 phaleratam,
1122 2401 1164 2437 et
1206 2399 1381 2438 solidam
1424 2402 1731 2452 masculamque
1750 2420 1813 2451 350

139 2464 278 2514 potius
312 2475 436 2512 quam
468 2461 729 2511 splendidam
763 2464 834 2501 aut
864 2462 1093 2511 scenicam;
1123 2477 1226 2512 quae
1249 2477 1337 2502 rem
1362 2466 1592 2504 ostenderet
1612 2467 1731 2506 citius

139 2540 264 2578 quam
297 2540 398 2577 quae
432 2526 646 2576 scriptoris
675 2526 890 2576 ingenium
919 2529 1153 2567 ostentaret.
1225 2529 1381 2567 Votum
1414 2543 1555 2568 meum
1587 2532 1730 2580 audis;

139 2595 345 2631 caeterum
382 2604 436 2629 an
473 2592 682 2629 assecutus
720 2591 800 2629 sim
832 2592 980 2630 nescio.
1053 2593 1109 2631 Et
1145 2593 1315 2632 fortasse
1353 2594 1455 2633 dum
1492 2595 1569 2634 hoc
1602 2610 1730 2646 genus

138 2670 300 2707 sequor,
319 2656 378 2695 ita
406 2658 454 2695 vt
476 2655 536 2703 fit,
559 2655 604 2693 in
631 2655 746 2694 aliud
773 2655 869 2694 huic
898 2656 1130 2694 finitimum
1156 2657 1299 2705 incidi,
1319 2658 1512 2706 dilutum,
1547 2660 1725 2711 triuiale,

138 2721 383 2772 expositum,
403 2720 512 2769 quod
533 2722 720 2770 gustasse
740 2719 884 2758 lectori
896 2720 1059 2760 abunde
1078 2721 1180 2760 satis
1199 2722 1264 2770 sit,
1283 2722 1472 2762 videlicet
1490 2725 1728 2766 vnedonum
1746 2744 1805 2776 335

136 2788 220 2825 ritu
241 2800 250 2824 ε
280 2799 375 2825 cum
396 2785 502 2823 nihil
522 2784 607 2823 illic
627 2784 684 2823 sit
705 2785 813 2835 quod
839 2785 963 2835 paulo
989 2786 1082 2836 quis
1100 2786 1346 2836 elegantiore
1364 2788 1501 2838 palato
1522 2794 1729 2840 regustare

135 2851 245 2899 velit,
269 2863 343 2889 nec
363 2849 469 2888 vllos
490 2849 653 2888 aculeos
676 2850 884 2899 relinquat
905 2850 949 2888 in
968 2850 1166 2898 futurum,
1192 2851 1261 2890 sed
1281 2852 1330 2891 ad
1351 2866 1543 2902 praesens
1562 2857 1730 2896 tantum

340 2984 412 3013 314-
437 2983 642 3014 quanquam
661 2977 698 3006 C:
723 2975 865 3007 tametsi
883 2978 927 3010 II.
1057 2986 1132 3016 319.
1156 2977 1197 3007 ob
1216 2976 1250 3007 id
1271 2981 1309 3009 C:
1335 2978 1376 3008 ob
1394 2978 1459 3009 hoc
1476 2982 1518 3010 H.

868 3043 899 3069 H
920 3031 946 3069 h
967 3043 993 3069 2
