2010 3417
158 249 217 280 125

158 580 218 610 130

158 905 215 938 135

159 1234 219 1266 140

154 1562 214 1593 145

160 2214 219 2246 ¹55

159 2534 221 2565 160

237 133 317 171 366
701 129 954 169 LETTERS
992 128 1061 167 OF
1098 129 1365 168 ERASMUS
1704 128 1831 183 [1516

238 239 544 290 indiligentiam
559 238 627 277 vel
647 238 784 288 potius
803 237 1102 277 infelicitatem.
1161 238 1217 276 Et
1237 240 1379 276 tamen
1397 239 1484 277 tuis
1503 239 1680 278 animati
1698 240 1833 279 literis

237 304 422 344 fortassis
454 303 698 356 audebimus
726 303 919 342 nonnihil
949 304 1367 355 μεγαλοφρονέστερον;
1407 303 1514 353 quod
1548 304 1712 342 vtinam
1744 307 1833 344 tam

237 370 414 408 feliciter
446 369 634 407 succedat
668 382 793 418 quam
824 370 869 407 tu
902 368 1088 407 confidis.
1145 371 1201 406 Οὐ
1233 369 1370 409 παντὸς
1400 368 1540 417 ἀνδρός·
1582 381 1656 406 nec
1690 382 1834 409 omnes

237 434 393 473 Budaei
412 447 569 473 sumus.
628 434 723 472 Non
742 447 837 473 sum
856 447 906 472 ex
926 447 1070 472 eorum
1097 446 1273 472 numero
1301 433 1371 483 qui
1394 433 1504 471 nihil
1523 433 1606 472 nisi
1625 434 1732 484 quod
1752 433 1834 484 ipsi

236 499 395 538 faciunt
425 501 586 537 rectum
614 501 775 548 putant.
834 499 1023 549 Suspicio
1051 500 1168 538 tuam
1197 499 1323 537 istam
1354 500 1540 537 exactam
1574 499 1835 548 diligentiam

236 565 447 615 animique
464 564 769 604 sublimitatem
785 566 826 603 et
846 564 1101 614 argumentis
1115 566 1157 603 et
1175 564 1266 614 ipsa
1279 564 1421 615 phrasi
1441 577 1528 602 sese
1543 565 1832 614 proferentem.

236 631 359 669 Recte
397 630 496 668 haec
534 630 707 679 suscipit
735 629 927 669 Budaeus
956 630 1027 680 qui
1062 632 1246 680 prestare
1273 632 1421 680 potest,
1454 630 1651 679 cuiusque
1680 629 1836 669 virium

236 698 300 735 est
315 710 364 734 ex
379 696 486 735 Asse
500 699 666 735 τοσαῦτα
686 697 746 733 καὶ
764 699 915 734 τοιαῦτα
934 698 999 745 τῆς
1018 696 1184 736 παιδείας
1201 697 1368 734 τάλαντα
1384 696 1634 744 depromere.
1677 696 1836 734 Decent

236 762 334 800 haec
359 775 455 800 eum
481 761 554 811 qui
580 761 629 800 de
656 761 887 800 Galliarum
915 761 1079 811 publica
1105 761 1226 800 laude
1255 774 1352 799 cum
1381 761 1500 799 Italis
1527 763 1744 812 μονομαχεῖ,
1769 760 1836 799 cui

237 841 332 866 cum
367 826 605 866 Hermolais
642 828 682 865 et
720 826 876 866 Pliniis
912 827 1161 866 concertatio
1198 829 1286 875 est3
1330 826 1506 876 denique
1547 826 1718 865 Gallum
1756 825 1837 866 ista

237 894 351 932 decet
370 893 701 945 μεγαλοφροσύνη,
717 905 804 930 non
819 892 1090 939 Hollandum,
1109 893 1151 930 et
1171 892 1228 931 ἵνα
1248 892 1476 942 συλλήβδην
1496 891 1600 939 λέξω,
1619 892 1835 931 Budaeum

237 959 363 1007 decet,
386 972 472 997 non
492 958 729 997 Erasmum.

292 1025 371 1063 Sed
393 1039 416 1063 o
437 1025 572 1063 Deum
591 1023 882 1071 immortalem,
906 1024 1004 1073 quid
1032 1037 1106 1074 ego
1132 1024 1287 1063 audio?
1315 1036 1541 1062 vxoremne
1568 1036 1704 1062 meam
1723 1023 1837 1062 haud

236 1092 358 1140 longe
377 1090 558 1128 abfuisse
581 1103 605 1128 a
630 1091 702 1128 tuo
723 1089 1027 1128 contubernio?
1061 1091 1215 1139 quanta
1241 1089 1418 1128 felicitas
1438 1102 1581 1128 vacare
1606 1088 1836 1139 zelotypia!

236 1156 410 1194 Vtinam
443 1155 515 1193 illa
543 1155 789 1193 iamdudum
819 1154 959 1204 aliquo
988 1155 1272 1206 demigrasset,
1304 1168 1389 1193 non
1423 1154 1468 1192 in
1500 1156 1594 1192 tuas
1624 1154 1745 1193 aedes
1776 1153 1837 1202 (in

237 1235 338 1272 quas
368 1220 546 1270 optarim
580 1233 724 1258 omnes
756 1220 887 1259 bonas
917 1220 1134 1259 felicitates
1168 1220 1297 1259 simul
1337 1220 1643 1269 commigrasse,
1681 1220 1838 1268 postea·

237 1300 361 1337 quam
390 1298 458 1324 eas
487 1288 532 1324 tu
563 1286 787 1334 gratiarum
816 1286 857 1323 et
881 1286 1072 1324 omnium
1098 1286 1305 1324 virtutum
1333 1284 1593 1324 domicilium
1622 1298 1667 1323 ac
1695 1285 1837 1323 sedem

237 1351 481 1400 reddidisti),
506 1351 577 1389 sed
603 1351 669 1389 vel
696 1351 747 1389 ad
774 1351 920 1389 fratres
948 1351 1242 1390 Franciscanos
1269 1351 1395 1389 huius
1415 1364 1560 1400 procos
1579 1349 1645 1388 vel
1664 1350 1715 1388 ad
1735 1349 1839 1388 alios

237 1417 272 1456 si
300 1417 373 1466 qui
395 1415 686 1454 vehementius
710 1416 835 1454 etiam
859 1416 1064 1455 adament.
1125 1416 1371 1466 Quanquam
1398 1414 1460 1464 (vt
1484 1415 1610 1453 iocari
1633 1415 1836 1463 desinam)

237 1495 330 1520 mea
359 1481 541 1520 tenuitas
574 1480 680 1518 mihi
711 1494 796 1519 non
826 1481 1052 1519 admodum
1080 1481 1281 1531 displicet.
1343 1480 1517 1530 Alioqui
1547 1480 1723 1533 licuerat
1752 1479 1836 1518 iam

236 1547 338 1585 olim
358 1559 506 1596 augere
525 1559 626 1593 rem,
644 1546 688 1584 ni
707 1559 870 1595 semper
888 1545 966 1584 hoc
984 1546 1123 1584 animo
1143 1546 1326 1594 fuissem,
1343 1548 1391 1584 vt
1410 1545 1580 1583 mallem
1601 1544 1837 1595 expeditam

235 1612 447 1650 fortunam
486 1623 612 1660 quam
644 1611 838 1660 amplam.
910 1611 965 1648 Et
1002 1624 1180 1661 magnus
1217 1611 1288 1649 ille
1326 1624 1445 1648 meus
1484 1611 1698 1648 Moecenas
1736 1612 1836 1650 Can-

235 1676 458 1715 tuariensis
490 1678 658 1714 tantum
691 1689 766 1714 sua
800 1676 1058 1725 benignitate
1091 1676 1330 1726 suppeditat
1363 1677 1568 1725 quantum
1605 1674 1702 1714 huic
1736 1674 1834 1722 ocio,

237 1743 441 1792 quantum
483 1740 580 1779 huic
624 1740 766 1779 animo
807 1741 907 1779 satis
948 1743 1023 1780 est.
1098 1741 1243 1791 Neque
1284 1740 1506 1791 quicquam
1549 1739 1687 1778 ambio
1727 1739 1837 1789 apud

236 1798 549 1846 serenissimum
579 1805 818 1855 Principem
847 1819 1013 1854 meum;
1055 1807 1125 1845 sed
1157 1807 1263 1844 mihi
1291 1818 1438 1856 parum
1468 1805 1701 1843 humanum
1729 1804 1838 1843 vide-

237 1873 359 1911 batur
387 1872 575 1922 primum
604 1871 679 1909 tali
713 1871 911 1921 Principi,
950 1871 1099 1910 deinde
1130 1871 1287 1922 patriae
1321 1872 1379 1910 sic
1413 1870 1660 1920 efflagitanti
1694 1884 1836 1910 meum

238 1939 316 1977 hoc
354 1938 640 1987 qualecunque
676 1936 921 1986 obsequium
962 1950 1194 1987 pernegare.
1269 1936 1383 1976 Illud
1421 1935 1528 1974 mihi
1566 1936 1838 1975 vehementer

238 2004 474 2049 molestum,
495 2002 556 2041 mi
575 2002 752 2049 Budaee,
775 2003 916 2042 adesse
936 2003 1121 2051 Peniam,
1146 2016 1231 2041 non
1258 2002 1360 2041 item
1379 2002 1521 2040 adesse
1542 2001 1835 2052 Pffllologiam,

237 2068 314 2107 hoc
340 2070 403 2106 est
430 2068 624 2106 Vmbram
653 2067 806 2115 adesse,
832 2081 917 2106 non
940 2068 1083 2107 adesse
1113 2080 1271 2118 corpus.
1331 2066 1705 2105 Fortunatissimus
1729 2067 1838 2105 mihi

237 2134 408 2180 viderer,
431 2133 466 2171 si
491 2134 663 2182 Vtraque
688 2132 796 2171 mihi
819 2134 990 2174 σύνοικος
1016 2135 1130 2172 esset.
1191 2135 1251 2172 At
1276 2133 1371 2171 vide
1398 2145 1450 2170 ne
1477 2132 1542 2170 cui
1562 2131 1671 2182 quod
1691 2131 1836 2171 scribis

238 2200 451 2237 ἀσύστατον
478 2198 680 2246 videatur,
712 2198 792 2236 tibi
821 2211 910 2236 rem
938 2211 1025 2237 esse
1054 2212 1150 2237 cum
1179 2198 1321 2243 Penia,
1353 2211 1448 2236 cum
1479 2197 1623 2235 eodem
1652 2199 1836 2247 tempore

238 2264 340 2303 duas
359 2264 546 2303 aedifices
566 2262 701 2307 villas,
721 2275 881 2313 easque,
904 2265 950 2302 vt
970 2264 1056 2313 ipse
1076 2264 1229 2312 fateris,
1253 2263 1531 2302 Lucullianas.

292 2329 423 2367 Porro
442 2328 550 2378 quod
570 2327 715 2367 iocaris
734 2341 822 2367 esse
840 2328 1074 2378 periculum
1093 2342 1146 2367 ne
1172 2329 1337 2379 quando
1356 2342 1423 2366 me
1441 2328 1602 2367 deserat
1621 2328 1837 2366 literarum

237 2407 354 2432 amor
371 2395 640 2443 posteaquam
661 2393 884 2443 contigerit
904 2393 1096 2442 inaurari,
1118 2394 1226 2444 quod
1247 2395 1297 2432 ad
1319 2394 1425 2432 hanc
1445 2405 1543 2432 sane
1563 2406 1652 2431 rem
1671 2393 1836 2442 attinet,

238 2460 282 2497 in
314 2459 519 2498 vtramuis
552 2472 694 2497 aurem
731 2458 914 2497 ociosum
950 2460 990 2497 te
1022 2459 1202 2498 dormire
1234 2458 1367 2498 iubeo.
1438 2458 1583 2508 Neque
1615 2458 1730 2497 enim
1763 2461 1837 2498 aut

238 2524 479 2563 huiusmodi
509 2526 609 2563 sunt
642 2526 829 2574 tempora
865 2526 938 2563 aut
967 2524 1173 2563 eiusmodi
1205 2524 1433 2574 praesentis
1462 2524 1578 2563 aulae
1612 2526 1755 2572 status,
1789 2525 1836 2562 vt

237 2590 481 2629 inaurentur
509 2589 581 2639 qui
609 2589 668 2628 sic
697 2589 902 2638 ambiunt,
936 2590 1013 2628 hoc
1042 2592 1104 2629 est
1133 2590 1205 2640 qui
1235 2603 1339 2639 pene
1367 2589 1560 2639 fugitant.
1620 2588 1836 2628 Hactenus

631 2728 705 2758 149.
729 2718 1000 2750 serenissimum
1020 2722 1061 2750 C:
1086 2719 1385 2759 benignissimum
1402 2721 1440 2750 H.

286 2866 355 2895 127.
383 2857 432 2886 Οὐ
458 2855 592 2897 παντὸς]
618 2856 669 2888 Cf.
688 2859 792 2895 Aday.
808 2867 869 2896 301
888 2868 895 2896 ;
927 2857 999 2888 and
1068 2860 1111 2887 De
1128 2859 1204 2888 Asse
1222 2857 1340 2888 shows
1363 2857 1497 2888 several
1520 2856 1638 2896 places
1655 2855 1695 2885 in
1710 2854 1832 2885 which

240 2899 327 2930 Hor.
347 2901 405 2936 Ep.
427 2910 453 2931 1.
478 2910 524 2938 17.
544 2901 595 2939 36.
1068 2900 1235 2931 Budaeus
1266 2901 1424 2931 combats
1449 2900 1616 2940 opinions
1641 2897 1831 2938 expressed

287 2951 356 2980 133.
381 2952 462 2972 cum
478 2943 600 2983 Italis]
615 2946 656 2973 De
673 2946 765 2979 Asse,
786 2953 878 2983 1557,
896 2954 929 2983 p.
948 2953 986 2973 21
1069 2945 1115 2982 by
1135 2944 1243 2982 Pliny
1265 2954 1304 2974 or
1328 2945 1375 2983 by
1400 2943 1526 2974 Herm.
1550 2942 1728 2973 Barbarus
1750 2940 1829 2980 (Ep.

286 2994 356 3023 134.
370 2986 602 3026 >Hermolais]
627 2987 701 3016 The
734 2988 841 3018 index
872 2989 909 3018 to
937 2987 999 3018 the
1072 2988 1142 3018 126.
1162 2988 1221 3017 128
1232 2987 1286 3028 n.)
1301 2987 1339 3017 in
1354 2987 1413 3017 his
1425 2986 1831 3024 CastigationesPlinianae.
