2010 3417
281 174 360 212 396
743 174 995 212 LETTERS
1033 174 1103 212 OF
1141 174 1406 214 ERASMUS
1745 174 1784 229 [1
1793 188 1814 224 5
1823 189 1838 214 1
1848 177 1870 213 6

201 298 261 330 190
278 284 417 332 vtique
446 283 589 320 eadem
615 296 638 320 a
666 284 780 332 tergo
804 282 956 333 iugiter
975 282 1193 333 aspirante,
1215 284 1263 321 vt
1289 282 1394 322 velis
1418 283 1610 331 maximo,
1634 297 1719 323 non
1744 286 1870 325 etiam

278 348 404 386 remis
419 346 586 385 incitari
602 360 669 385 me
683 347 850 396 sentias,
867 348 903 386 si
916 347 1087 398 propius
1102 347 1330 396 accesseris,
1353 348 1457 387 οὐδὲν
1471 350 1517 389 ὡς
1532 348 1644 387 οἶσθα
1659 350 1873 398 οὗριώτερον

278 415 343 449 τοῦ
364 412 570 461 πνεύματος
596 413 733 450 ἐκείνου
752 415 817 450 τοῦ
838 414 911 451 ἀπὸ
936 415 1002 462 Τῆς
1021 413 1131 462 δόξης
1150 414 1372 463 ὁρμωμένου.
1434 414 1528 453 Hoc
1546 415 1648 453 flatu
1669 414 1767 463 (leni
1786 417 1872 465 qui-

279 476 373 514 dem
389 476 489 527 ipso,
505 476 631 515 etiam
645 477 680 515 si
691 477 843 527 valido)
858 477 1375 525 blandiente,iactabunde,
1389 480 1436 517 vt
1450 479 1605 529 opinor,
1621 481 1662 518 et
1675 481 1869 529 aestuose,

282 541 352 579 sed
393 542 574 581 secundo
611 543 753 581 tamen
786 542 915 581 fluctu
945 542 1204 593 minimeque
1232 543 1398 582 turbido
1426 543 1579 582 deferri
1610 557 1679 583 me
1705 545 1870 585 iudicas.

201 618 258 650 195
282 606 362 645 Sed
382 620 534 656 paucos
555 607 761 646 lectorum
782 608 946 658 assequi
970 621 1038 646 me
1063 622 1181 658 posse
1211 609 1315 648 dicis
1341 611 1430 648 tam
1458 609 1601 658 procul
1625 610 1873 650 emicantem

278 671 329 710 ab
349 685 494 710 eorum
519 675 751 722 prospectu.
812 673 876 712 Sit
898 674 977 712 hoc
1000 687 1171 722 verum3
1200 687 1286 712 non
1309 674 1424 712 enim
1447 674 1498 712 de
1521 688 1568 713 eo
1593 677 1731 714 tecum
1753 676 1873 715 alter-

279 737 410 786 cabor,
427 737 583 777 habent
603 739 715 777 enim
734 739 922 789 plerique
941 739 1161 789 scriptores
1177 740 1360 778 multum
1379 740 1457 778 sui.
1503 740 1554 778 Id
1573 741 1697 779 modo
1712 741 1875 780 credere

279 802 387 841 mihi
406 803 632 853 permittas,
657 804 727 854 qui
747 804 876 844 semel
904 805 1117 855 assequuti
1141 805 1308 852 fuerint,
1330 805 1508 844 libenter
1526 805 1572 843 in
1590 806 1763 845 eandem
1782 819 1874 845 con-

278 867 507 906 tentionem
544 869 831 919 rationemque
869 870 1034 908 dicendi
1070 869 1328 909 incubituros
1364 873 1406 908 et
1443 870 1565 921 longe
1602 871 1774 910 fortasse
1806 884 1873 909 me

197 945 258 967 200
279 933 505 972 relicturos.
567 935 630 973 Tu
649 935 695 973 in
719 936 796 974 hoc
824 936 1047 974 certamine
1071 935 1330 974 exercitatior
1351 937 1393 974 et
1417 935 1518 975 artis
1541 936 1874 975 consultissimus

279 998 338 1036 ita
357 998 449 1037 vela
467 1001 538 1038 tua
556 1001 602 1038 in
622 1002 825 1050 potestate
844 1000 982 1048 habes,
1005 1002 1052 1039 vt
1070 1001 1222 1039 leniter
1241 1003 1283 1039 et
1302 1001 1526 1052 composite
1545 1002 1587 1039 et
1605 1001 1874 1051 aequabiliter

282 1064 430 1103 vehare
452 1078 525 1114 per
547 1066 664 1114 vada,
685 1079 758 1115 per
783 1066 878 1115 alta,
901 1080 974 1116 per
1001 1066 1153 1115 breuia,
1175 1079 1248 1116 per
1273 1066 1487 1116 scopulos;
1517 1068 1557 1105 et
1585 1066 1711 1105 etiam
1735 1066 1874 1105 medio

277 1130 321 1166 in
354 1130 497 1179 pelago
533 1131 593 1168 καὶ
632 1130 710 1169 κατ’
744 1132 853 1181 οὖρον
889 1132 1104 1182 φερόμενος,
1136 1145 1221 1170 non
1253 1133 1341 1170 tam
1379 1132 1558 1170 secundo
1588 1132 1717 1170 fluctu
1749 1144 1874 1181 quam

278 1195 453 1232 flumine
483 1195 677 1235 deferare.
737 1197 844 1236 Rara
877 1199 940 1236 est
969 1197 1050 1236 ista
1080 1197 1255 1236 felicitas
1283 1199 1326 1236 et
1355 1197 1475 1236 beata
1506 1199 1667 1237 natura.
1732 1196 1875 1247 Neque

196 1273 254 1303 205
277 1262 324 1297 tu
351 1262 492 1298 tamen
514 1261 694 1309 interim,
718 1262 745 1299 ὦ
765 1263 1085 1314 σεμνολογώτατε,
1109 1263 1251 1301 eadem
1275 1275 1374 1301 aura
1396 1262 1547 1313 gloriae
1567 1275 1652 1301 non
1671 1262 1875 1309 incitaris,

278 1325 349 1363 sed
372 1326 576 1364 rationem
600 1340 744 1366 cursus
772 1328 835 1365 tui
857 1328 1015 1366 nouisti
1044 1330 1084 1366 et
1106 1327 1282 1367 modicis
1311 1327 1740 1377 commodioribusque
1768 1327 1876 1366 velis

280 1391 420 1429 vteris.
481 1391 616 1439 Quare
642 1392 754 1431 inter
782 1405 859 1431 nos
885 1393 964 1431 hoc
993 1394 1176 1441 interest,
1209 1393 1317 1443 quod
1349 1406 1451 1443 quae
1479 1395 1528 1431 tu
1561 1392 1875 1431 sermocinantis

280 1467 392 1493 more
421 1458 461 1494 et
489 1455 626 1506 lepide
653 1459 696 1495 et
723 1457 928 1496 festiuiter
957 1458 1070 1506 dicis,
1101 1458 1201 1496 haec
1229 1471 1303 1508 ego
1329 1457 1663 1496 concionabunde
1692 1457 1871 1507 quidem,

277 1533 363 1558 non
391 1522 531 1559 tamen
560 1522 735 1560 immani
763 1535 862 1561 voce
892 1523 964 1561 sed
992 1522 1228 1572 exaudibili‚
1260 1523 1383 1561 effero
1411 1523 1479 1561 vel
1504 1523 1631 1561 etiam
1659 1522 1868 1561 vociferor.

196 1599 257 1621 210
278 1584 426 1635 Sicque
454 1586 626 1625 fortasse
656 1600 731 1638 ego
758 1588 849 1626 vim
877 1588 1003 1627 affero
1033 1590 1074 1627 et
1103 1589 1232 1638 rapio,
1256 1590 1303 1626 tu
1332 1587 1555 1627 eblandiris
1583 1590 1625 1626 et
1652 1588 1874 1638 impetras:

277 1663 352 1699 ego
384 1650 583 1701 irrumpo,
616 1655 663 1690 tu
694 1653 865 1702 irrepis:
906 1666 981 1702 ego
1012 1654 1223 1692 πανοπλίαν
1256 1654 1457 1703 ἐνημμένος
1489 1654 1556 1702 τὴν
1587 1656 1658 1691 τῶν
1688 1656 1870 1700 νεανικῶν,

276 1718 323 1753 tu
354 1716 561 1765 ἡμίοπλος;
601 1719 649 1756 tu
680 1718 842 1756 minore
873 1719 944 1756 sed
979 1720 1089 1757 certo
1120 1720 1282 1767 conatu,
1315 1732 1389 1768 ego
1419 1718 1580 1769 ingenti
1612 1718 1873 1768 reductisque

279 1793 401 1830 supra
428 1782 603 1820 modum
631 1782 812 1822 brachiis
840 1785 981 1822 tamen
1011 1797 1096 1822 non
1124 1784 1236 1822 idem
1264 1784 1372 1832 quod
1401 1785 1449 1822 tu
1482 1782 1623 1822 efficio.
1683 1782 1872 1832 Denique

280 1846 377 1895 quid
409 1850 730 1897 oppugnantem,
763 1851 1078 1899 expugnantem,
1109 1850 1443 1899 propugnantem
1472 1849 1613 1888 deceat
1643 1850 1690 1887 tu
1721 1848 1873 1887 melius

194 1925 253 1956 215
280 1912 401 1960 nosti,
423 1913 752 1963 palaestramque
771 1914 890 1953 illam
915 1914 1245 1965 philosophicam
1263 1916 1392 1963 tenes,
1415 1928 1490 1964 ego
1517 1915 1780 1964 ἀπαλαίστρως
1798 1927 1871 1964 pre

274 1977 433 2015 feruore
452 1978 709 2017 destinatum
727 1979 895 2029 impeto.

330 2042 423 2080 Sint
452 2043 531 2081 ista
560 2057 656 2082 sane
686 2058 791 2093 vera,
819 2044 938 2093 nihil,
967 2048 1014 2084 vt
1042 2045 1230 2094 arbitror,
1255 2045 1430 2084 vlterius
1457 2047 1499 2084 et
1528 2045 1795 2084 criminosius
1822 2044 1873 2084 de

279 2120 346 2146 me
376 2121 541 2147 censere
574 2112 702 2158 potes,
738 2124 812 2148 nee
846 2111 891 2148 in
922 2111 999 2149 hac
1031 2111 1298 2149 contentione
1331 2111 1411 2149 ἀντὶ
1442 2113 1507 2160 τῆς
1541 2113 1657 2160 ἀλκῆς
1690 2111 1873 2159 ἀναιδείην

281 2175 482 2223 ἐπιειμένον
512 2175 633 2213 dices.
693 2176 761 2214 Sic
795 2176 904 2226 apud
938 2176 1035 2215 illos
1071 2177 1278 2215 maiorum
1315 2176 1505 2226 gentium
1541 2176 1760 2226 scriptores
1798 2188 1871 2214 sua

194 2252 255 2273 220
279 2240 476 2289 cuiusque
506 2253 669 2290 semper
698 2241 779 2279 fuit
809 2243 934 2289 nota3
978 2243 1036 2280 sic
1067 2255 1230 2290 semper
1258 2244 1408 2280 natura
1437 2242 1547 2288 tulit,
1579 2243 1626 2280 vt
1658 2240 1724 2279 vel
1755 2240 1872 2280 viciis

278 2305 432 2344 nostris
454 2305 745 2355 indulgeamus
763 2307 832 2345 vel
851 2307 997 2345 inuitis
1015 2307 1135 2346 nobis
1157 2321 1200 2346 se
1223 2307 1442 2357 proferant.
1501 2307 1670 2346 Tutiora
1695 2306 1776 2345 ista
1795 2319 1871 2344 nec

276 2370 448 2419 proinde
478 2371 709 2410 exultantia
740 2374 781 2410 et
808 2372 1019 2411 vibrantia
1046 2374 1086 2411 te
1115 2373 1270 2421 decent,
1302 2373 1374 2411 sed
1401 2374 1440 2411 et
1468 2372 1642 2423 grandia
1670 2371 1872 2410 decebunt

276 2449 370 2474 cum
395 2436 510 2475 voles
535 2438 576 2474 et
603 2436 816 2487 fulgentia,
841 2440 882 2476 et
905 2438 956 2476 ad
981 2450 1148 2476 summa
1170 2437 1446 2488 plausibiliter
1471 2450 1671 2487 assui-ges,
1693 2437 1871 2486 denique

277 2501 385 2539 nihil
416 2515 501 2540 non
529 2514 755 2552 assequere,
788 2502 824 2541 si
850 2504 1023 2553 paulum
1051 2502 1251 2541 adnitare.
1311 2502 1394 2541 Nec
1424 2503 1566 2541 minus
1595 2515 1669 2552 ego
1698 2503 1740 2540 te
1770 2501 1871 2540 noui

193 2578 251 2609 225
275 2580 400 2615 quam
430 2570 477 2605 tu
511 2581 590 2606 me.
649 2567 754 2607 Plus
783 2581 857 2618 ego
890 2568 998 2607 mihi
1025 2567 1185 2618 impero
1214 2570 1287 2607 aut
1313 2568 1503 2618 amplius,
1537 2568 1664 2606 etiam
1691 2567 1728 2607 si
1757 2566 1866 2605 nihil

274 2632 384 2670 vltra
411 2633 520 2671 vires
550 2633 690 2684 exigo:
718 2636 766 2671 tu
795 2634 977 2672 nimium
1005 2634 1084 2672 tibi
1111 2633 1314 2684 indulges,
1343 2635 1384 2672 et
1411 2634 1524 2672 intra
1550 2632 1794 2672 facilitatem
1821 2644 1867 2670 ac

277 2698 378 2736 citra
396 2697 601 2747 impetum
622 2698 818 2738 incitaris.
861 2699 995 2747 Quare
1014 2699 1065 2737 ad
1085 2712 1194 2737 noua
1213 2711 1375 2749 semper
1392 2698 1642 2748 capessenda
1660 2698 1869 2747 integrum

320 2779 391 2809 192.
415 2768 504 2809 δόξης
529 2772 565 2801 0:
598 2770 783 2810 φιλοτιμίας
806 2771 953 2811 εὐγενοῦς
976 2773 1010 2806 β.
1184 2772 1256 2810 196.
1281 2771 1324 2802 ab
1348 2780 1473 2801 eorum
1497 2773 1536 2803 0:
1568 2780 1590 2801 a
1611 2769 1810 2801 multorum
1832 2770 1867 2803 β.

278 2821 349 2850 197.
372 2814 508 2844 habent
527 2837 534 2845 .
554 2838 561 2845 .
580 2838 587 2845 .
606 2815 664 2845 sui
679 2818 754 2847 add.
772 2816 806 2850 β.
973 2825 1049 2847 201.
1074 2814 1185 2846 habes
1202 2816 1239 2846 C:
1265 2815 1399 2845 retines
1414 2815 1448 2849 β.
1611 2824 1687 2853 204.
1713 2814 1749 2844 et
1765 2813 1869 2843 beata

275 2858 404 2886 natura
419 2859 494 2888 add.
511 2858 546 2891 β.
636 2859 710 2890 208.
734 2860 852 2896 etpost
865 2858 984 2898 lepide
1001 2861 1042 2889 G:
1065 2868 1104 2889 ac
1120 2860 1154 2893 β.
1244 2867 1319 2889 210.
1345 2859 1382 2888 et
1394 2858 1494 2898 rapio
1504 2860 1579 2889 add.
1592 2857 1627 2892 β.
1696 2856 1868 2895 impetras

277 2903 311 2927 C:
339 2898 493 2938 imperas
508 2901 542 2935 β.
633 2911 708 2940 213.
733 2904 856 2933 tamen
870 2904 944 2933 add.
961 2903 996 2936 β.
1054 2902 1150 2941 quod
1168 2903 1209 2932 tu
1225 2903 1261 2932 0:
1287 2902 1436 2932 fortasse
1449 2903 1483 2936 β.
1574 2909 1648 2940 214.
1673 2899 1762 2940 quid
1779 2896 1865 2933 0¹ss³

276 2941 369 2978 quod
388 2942 431 2973 (3⁹.
523 2953 595 2983 215.
623 2944 708 2978 0¹13:
733 2944 947 2985 ἀπάλαιστρος
959 2944 1006 2977 C2.
1096 2955 1171 2984 217.
1198 2947 1233 2975 et
1250 2944 1479 2975 criminosius
1492 2945 1612 2978 add.B.
1702 2943 1776 2973 218.
1799 2950 1866 2972 nec

278 3006 285 3013 .
303 3007 309 3013 .
331 3007 338 3014 .
356 2994 429 3023 219.
448 2985 544 3016 dices
560 2990 633 3018 add.
651 2989 686 3022 β.
819 2998 894 3028 219.
919 2989 977 3020 Sic
994 2999 1052 3019 om.
1068 2989 1103 3023 β.
1221 2997 1294 3019 222.
1319 2987 1471 3027 proinde
1489 2990 1530 3018 0:
1554 2986 1702 3027 perinde
1715 2986 1750 3020 β.
1830 2986 1865 3014 et

276 3027 453 3058 vibrantia
471 3031 544 3060 aad.
565 3031 599 3064 β.
731 3041 806 3071 223.
831 3035 867 3062 et
884 3032 1059 3071 fulgentia
1075 3034 1149 3062 ‹1ch.
1168 3033 1200 3065 β.
1337 3041 1411 3069 227.
1436 3031 1550 3070 Quare
1568 3033 1605 3061 C:
1630 3038 1700 3068 quo
1716 3027 1757 3058 fit
1773 3028 1813 3058 vt
1828 3028 1862 3061 β.
