2010 3417
339 151 417 190 138
798 150 1048 189 LETTERS
1087 150 1158 189 OF
1195 149 1458 190 ERASMUS
1796 149 1835 204 [1
1844 162 1865 200 5
1875 165 1889 189 1
1899 161 1920 199 5

333 258 560 310 apposuisti
588 272 711 308 super
740 258 919 298 dictione
938 260 1096 307 scatens,
1119 257 1289 297 reddam
1318 257 1486 296 candori
1513 270 1599 297 suo.
1659 258 1772 310 Opus
1799 263 1922 299 tuum

334 324 495 363 fabrefit
515 335 679 363 summa
698 323 912 374 vtriusque
931 335 1028 361 cura
1044 337 1054 371 3
1082 322 1245 362 seruent
1265 323 1417 372 omnia,

297 432 313 462 5
736 409 1005 461 redolentque
1023 409 1171 459 thymo
1190 409 1417 459 fragrantia
1434 408 1569 449 mella.

333 497 440 546 Quid
459 496 573 536 enim
599 498 720 536 erunt
742 496 855 536 aliud
874 496 1201 536 Lucubrationes
1219 499 1316 535 tuae
1337 510 1461 548 quam
1480 496 1616 545 mella,
1641 509 1766 547 quam
1789 497 1922 546 fiores,

333 575 455 613 quam
475 561 650 613 denique
670 562 819 615 ἀγαθῶν
833 562 1045 601 θάλασσαῗ
1099 561 1286 601 Placebit
1306 562 1387 601 tibi
1406 562 1583 612 libellus,
1607 562 1653 601 ni
1670 575 1737 601 me
1755 574 1924 613 prorsus

331 627 479 666 fallant
506 627 624 667 oculi.
648 628 791 667 Vnum
818 629 959 666 tamen
987 627 1271 678 maximopere
1298 641 1451 678 vereor,
1473 642 1524 667 ne
1553 641 1619 667 me
1648 627 1808 668 malum
1835 641 1923 678 pro·

330 692 501 743 phetam
520 693 647 732 fuisse
665 693 851 732 dicturus
871 692 938 741 sis,
954 693 1025 744 qui
1044 693 1168 732 toties
1185 706 1306 744 cogor
1324 694 1369 732 in
1389 694 1590 744 scriptura
1609 694 1681 732 tua
1693 692 1919 732 vaticinari.

276 779 313 801 10
331 758 609 809 Sepenumero
629 759 677 797 fit
696 761 743 797 vt
762 758 806 797 in
829 760 967 809 partes
992 759 1152 798 omneis
1177 759 1444 809 detorqueam
1470 761 1593 810 caput
1611 759 1716 797 illud
1737 758 1920 807 obesum,

331 824 457 863 donec
494 824 709 874 dispiciam
743 837 822 874 quo
852 824 1020 863 nomine
1049 824 1254 863 nonnulla
1284 825 1461 863 debeant
1497 824 1707 875 baptisari.
1765 823 1923 862 Verum

329 889 488 929 Vtilitas
522 889 812 938 studiosorum,
848 889 1017 929 diuitiae
1054 890 1307 940 multiplices
1344 903 1446 941 quae
1479 889 1524 928 in
1558 890 1634 929 hac
1667 889 1922 928 enarratione

330 955 471 1005 latent,
500 956 692 995 constans
719 967 816 1005 erga
843 955 1068 994 Erasmum
1096 968 1239 994 meum
1262 967 1357 994 cum
1381 968 1499 994 amor
1525 957 1620 994 tum
1648 954 1923 1004 obseruantia,

328 1019 467 1059 facilia
494 1021 602 1060 mihi
631 1020 810 1060 reddunt
837 1020 987 1060 omnia.
1061 1020 1277 1060 Postremo
1311 1034 1397 1060 non
1427 1020 1627 1060 desistam
1654 1020 1851 1059 obtestari
1878 1022 1921 1058 te

274 1105 310 1137 15
328 1085 558 1135 plurimum
586 1099 639 1125 ne
667 1086 851 1135 desistas,
872 1099 925 1124 ne
953 1085 1082 1135 cedas,
1109 1099 1162 1124 ne
1190 1086 1381 1125 remittas
1407 1085 1611 1134 humeros,
1640 1085 1710 1124 sed
1740 1098 1855 1124 cures
1874 1087 1921 1124 vt

328 1151 518 1190 Christus
533 1154 740 1202 augeatur,
759 1152 922 1200 crescat,
941 1151 1094 1200 floreat,
1114 1151 1428 1202 multiplicetur.
1488 1151 1576 1202 Ego
1588 1151 1624 1190 si
1639 1150 1740 1201 quid
1752 1163 1922 1200 possum

328 1229 373 1255 ea
398 1216 444 1255 in
470 1230 514 1256 re
539 1216 619 1255 tibi
643 1216 846 1267 opitulari,
869 1229 955 1256 non
977 1217 1109 1256 credis
1135 1230 1260 1267 quam
1285 1217 1366 1256 sim
1385 1219 1564 1267 paratus,
1588 1229 1712 1268 quam
1737 1216 1922 1255 facturus

327 1281 407 1320 sim
426 1281 605 1321 libenter
619 1295 722 1333 quae
737 1281 997 1332 praeceperis.
1056 1282 1125 1321 Ad
1140 1296 1207 1321 me
1222 1283 1331 1333 quod
1352 1282 1512 1331 attinet,
1530 1295 1628 1333 rogo
1643 1295 1696 1320 ne
1709 1283 1751 1319 te
1765 1281 1920 1320 frustra

326 1359 461 1385 amem
475 1360 485 1395 3
515 1360 599 1386 non
619 1348 727 1398 quod
747 1347 944 1386 talionem
963 1349 1146 1398 repetam
1165 1347 1354 1387 beneficii
1373 1347 1441 1386 vel
1465 1347 1652 1386 muneris
1671 1346 1914 1396 cuiuspiam,

271 1431 310 1452 20
327 1411 397 1450 sed
423 1412 465 1450 id
489 1412 624 1450 solum
643 1414 690 1451 vt
713 1424 779 1450 me
798 1424 967 1460 reames,
989 1414 1036 1451 vt
1054 1413 1136 1451 mei
1159 1426 1244 1451 non
1269 1413 1537 1452 obliuiscaris.
1594 1411 1702 1461 Quid
1728 1424 1830 1462 opus
1854 1414 1918 1450 est

327 1478 373 1515 vt
399 1490 466 1515 me
492 1490 670 1527 moneas,
692 1477 831 1528 inquis
846 1479 867 1516 ⁶?
922 1477 1013 1516 Scio
1039 1479 1080 1516 te
1108 1478 1284 1516 minime
1311 1491 1430 1528 egere
1455 1491 1524 1516 me
1548 1478 1755 1516 monitore
1774 1476 1840 1515 vel
1866 1477 1918 1515 ad

326 1541 507 1581 laborem
533 1556 606 1592 pro
627 1542 820 1581 studiosis
837 1542 905 1581 vel
931 1543 982 1582 ad
1008 1555 1191 1581 amorem
1214 1557 1288 1594 pro
1315 1543 1534 1592 Gerbellio,
1560 1555 1655 1581 cum
1677 1544 1767 1581 tute
1786 1541 1920 1591 possis

325 1607 401 1645 hec
430 1608 570 1646 omnia
597 1607 745 1646 melius
772 1608 981 1646 dinoscere
1009 1609 1229 1659 facereque,
1258 1609 1293 1647 si
1321 1609 1436 1648 velis.
1498 1609 1577 1647 Sed
1607 1608 1805 1659 quoniam
1833 1620 1919 1645 non

326 1672 476 1711 melius
496 1672 700 1712 scribendi
726 1675 1020 1724 argumentum
1046 1674 1292 1723 occurrebat,
1314 1674 1412 1713 haec
1438 1674 1594 1725 placuit
1612 1674 1662 1712 ad
1682 1675 1724 1712 te
1744 1672 1919 1711 scribere

268 1756 283 1777 2
289 1758 305 1789 5
323 1737 601 1788 potissimum,
629 1751 729 1790 quae
752 1739 792 1777 te
816 1739 1215 1778 commonefacerent
1240 1739 1447 1779 Gerbellii.
1514 1739 1618 1779 Vale
1641 1737 1912 1786 foelicissime,

326 1805 367 1841 et
401 1804 451 1842 de
482 1805 748 1844 Testamento
782 1804 899 1843 Nouo
934 1804 1064 1855 deque
1097 1807 1169 1844 tuo
1200 1805 1407 1855 opusculo,
1441 1806 1540 1856 quid
1573 1805 1678 1844 illud
1716 1805 1770 1843 sit
1803 1804 1911 1854 quod

325 1869 512 1908 Basileae
532 1870 757 1918 excuditur,
784 1870 1027 1920 (rescribe).
1086 1871 1247 1909 Iterum
1268 1871 1370 1910 vale.

433 1935 700 1984 Argentorati
718 1936 845 1974 Anno
869 1947 969 1985 1515
991 1935 1133 1975 Pridie
1153 1936 1234 1976 Cal.
1260 1937 1468 1987 Septemb.

379 1999 526 2039 Paucis
545 2001 678 2039 adhuc
693 2001 836 2040 diebus
854 2001 983 2040 finem
998 2001 1076 2040 diis
1091 2001 1196 2040 bene
1214 2002 1521 2042 fortunantibus
1540 2000 1915 2042 Lucubrationibus

266 2083 308 2114 30
323 2065 598 2115 imponemus.
657 2066 785 2105 Miror
812 2066 1042 2116 plurimum
1072 2080 1143 2105 cur
1170 2068 1220 2106 ad
1250 2080 1324 2106 nos
1353 2068 1580 2106 Rhenanus
1604 2067 1712 2105 nihil
1736 2066 1913 2114 scribat;

325 2130 461 2169 nescio
493 2143 547 2169 an
578 2131 730 2181 pudeat
757 2132 895 2182 ipsum
925 2132 1065 2180 nostri,
1097 2132 1164 2170 vel
1191 2132 1271 2172 alia
1299 2133 1355 2171 sit
1384 2145 1504 2171 causa
1531 2146 1602 2171 0111
1634 2145 1719 2170 11011
1751 2144 1913 2181 respon-

325 2196 441 2234 derit.
499 2196 563 2234 Tu
585 2195 709 2235 facito
729 2198 775 2235 vt
798 2196 902 2235 bene
922 2197 1069 2235 valeas.
1129 2196 1375 2248 Propediem
1399 2211 1507 2237 noua
1530 2197 1671 2236 audies
1695 2197 1745 2235 de
1771 2198 1912 2234 nostro

325 2260 564 2309 Reuchlino,
605 2274 706 2311 quae
742 2261 897 2301 mirum
934 2261 979 2300 in
1016 2262 1189 2301 modum
1225 2265 1266 2301 te
1304 2262 1578 2302 oblectabunt.
1639 2261 1915 2301 Doctissimus

324 2326 492 2378 quidam
519 2326 748 2376 Hebraeus,
768 2327 947 2366 Graecus
972 2329 1014 2365 et
1040 2327 1215 2367 Latinus
1234 2328 1410 2366 sedecim
1429 2328 1558 2367 libros
1578 2328 1623 2366 in
1643 2327 1730 2366 eius
1749 2326 1911 2377 scripsit

367 2437 399 2468 5.
432 2429 633 2469 fragrantia
655 2434 722 2462 rest.
747 2432 821 2460 LB:
853 2428 1053 2460 redolentia
1077 2431 1146 2460 MS.
1281 2440 1333 2469 25.
1367 2432 1401 2462 te
1425 2432 1501 2461 LB:
1532 2432 1567 2460 te
1591 2431 1630 2460 vt
1653 2432 1721 2461 MS.
1857 2430 1910 2462 26.

324 2472 410 2512 quid
426 2475 478 2503 LB
494 2484 501 2503 τ
525 2473 578 2512 qd'
590 2476 657 2504 MS.

365 2584 396 2611 4.
422 2572 627 2614 vtriusque]
646 2572 789 2604 Gerbell
805 2572 873 2603 and
893 2572 1057 2603 Schiirer.
1149 2572 1729 2614 milian’sletterapprovingofthe
1736 2572 1907 2611 proposed

365 2625 396 2655 5.
421 2616 670 2656 redolentque]
688 2617 791 2656 Verg.
814 2619 848 2647 G.
866 2626 897 2654 4.
916 2616 986 2655 169.
1148 2617 1246 2647 work
1263 2618 1294 2648 is
1310 2618 1416 2648 dated
1431 2617 1522 2649 from
1539 2616 1755 2654 Innsbruck,
1774 2625 1788 2646 1
1808 2615 1903 2655 Sept.

365 2660 418 2691 26.
443 2659 627 2700 opusculo]
653 2660 810 2700 Perhaps
826 2660 869 2690 A.
1152 2669 1244 2699 1515,
1273 2661 1345 2692 and
1376 2661 1517 2692 alludes
1546 2662 1584 2692 to
1612 2659 1812 2691 Galatinus’
1844 2659 1903 2689 ‘in
1962 2671 1965 2673 >

365 2713 417 2742 34.
440 2703 566 2744 libros]
579 2703 755 2742 Probably
768 2704 870 2734 Peter
881 2702 1080 2735 Galatinus’
1148 2704 1265 2734 tribus
1281 2705 1414 2745 linguis
1426 2704 1581 2735 eruditio
1592 2704 1611 2734 '.
1663 2703 1714 2735 Cf.
1733 2701 1901 2741 Bocking,

323 2748 407 2782 Opus
427 2749 463 2777 de
485 2750 610 2777 arcanis
631 2750 791 2778 catholicae
813 2750 959 2786 veritatis,
978 2746 1016 2776 in
1042 2756 1080 2776 12
1149 2747 1231 2779 Eov.
1252 2748 1291 2779 ii.
1306 2758 1361 2788 pp.
1377 2758 1475 2788 91—3.
1507 2748 1574 2779 For
1586 2748 1689 2778 Peter
1704 2745 1903 2785 Monggius,

322 2789 428 2819 books
459 2791 555 2830 only,
581 2791 790 2830 containing
820 2800 840 2821 a
872 2790 1017 2821 defenee
1046 2790 1084 2820 of
1147 2791 1187 2822 of
1193 2791 1244 2822 St.
1261 2791 1364 2822 Peter
1376 2793 1414 2822 in
1428 2791 1596 2823 Galatina
1609 2791 1645 2832 (ἦ-
1654 2800 1687 2830 p.
1699 2789 1780 2827 May
1793 2788 1905 2827 1539),

322 2831 509 2864 Reuchlin.
557 2833 631 2863 The
663 2834 761 2864 work
786 2844 859 2864 was
891 2835 956 2864 not
987 2843 1079 2864 corn-
1147 2844 1167 2865 a
1198 2834 1343 2866 learned
1372 2835 1596 2874 Franciscan,
1629 2844 1684 2865 see
1713 2843 1734 2863 a
1765 2832 1827 2862 life
1858 2832 1905 2870 by

323 2874 440 2914 pleted
456 2876 514 2906 till
540 2877 668 2916 4Sept.
696 2879 791 2917 1516,
811 2877 883 2908 and
907 2878 970 2908 not
989 2878 1075 2916 pub·
1146 2877 1341 2909 Domenico
1371 2879 1415 2909 de
1445 2878 1593 2918 Angelis
1623 2878 1662 2908 in
1690 2878 1730 2906 Le
1762 2877 1828 2904 Vite
1857 2875 1903 2905 cle'

323 2917 441 2948 lished
465 2919 523 2948 till
550 2929 588 2957 15
627 2920 706 2951 Feb.
734 2921 827 2961 1518,
852 2922 995 2960 Ortona,
1027 2920 1074 2951 Η,
1144 2923 1286 2952 Letterati
1296 2924 1462 2961 Salentini,
1478 2922 1618 2961 Naples,
1635 2929 1727 2959 1713,
1742 2927 1799 2958 pp.
1816 2927 1902 2956 231—

322 2961 523 2999 Sunoinus;
546 2963 610 2992 but
627 2964 655 2993 it
671 2973 744 2994 was
760 2966 799 2995 in
824 2964 924 2995 hand
948 2964 988 2993 111
1011 2964 1074 2994 1110
1143 2974 1218 3003 252,
1239 2965 1361 2995 which
1382 2966 1532 2996 correets
1556 2964 1658 3003 Cave,
1671 2965 1745 3005 δον.
1768 2963 1849 2991 Eccl.
1877 2962 1900 2992 i.

323 3013 479 3035 summer
489 3005 528 3034 of
538 3014 619 3043 1515
637 3006 693 3046 (cf.
710 3007 778 3037 RE.
793 3017 865 3046 211,
880 3008 925 3047 2).
963 3007 1071 3037 Maxi·
1142 3008 1246 3049 App„
1268 3009 1305 3038 in
1322 3017 1416 3038 some
1432 3007 1652 3047 particulars.
