2010 3417
733 135 985 175 LETTERS
1023 135 1092 175 OF
1129 135 1394 175 ERASMUS
1738 134 1862 188 [1516

513 254 723 285 ALARDVS
753 252 1147 283 AMSTELREDAMVS
1178 253 1260 284 SVO
1291 253 1335 283 D.
1369 253 1549 283 ERASMO
1581 254 1615 284 S.

325 339 512 376 SALVETO
546 336 750 386 quantum
784 334 910 382 voles,
943 333 1250 373 humanissime
1283 334 1477 383 idemque
1503 333 1786 374 eruditissime
1815 336 1862 374 D.

270 405 453 442 Erasme.
513 401 668 439 Ferunt
698 400 843 439 diuum
870 400 1170 449 Augustinum,
1194 413 1289 438 cum
1318 399 1447 438 libros
1475 399 1524 437 de
1555 399 1761 439 Trinitate
1782 413 1866 440 vno

270 469 357 507 solo
385 470 426 506 et
454 479 552 506 vero
582 466 667 505 Deo
697 465 976 513 meditaretur,
999 465 1120 504 littus
1147 464 1427 504 inambulasse
1456 466 1577 515 atque
1607 464 1714 503 inibi
1744 479 1867 516 quem

270 534 406 573 nescio
426 545 611 583 puerum,
635 544 734 570 caua
761 530 856 570 vola
873 530 1161 569 vastissimum
1182 530 1390 568 Oceanum
1419 529 1612 580 gnauiter
1638 530 1868 570 enitentem

233 614 250 643 5
270 597 550 637 arctissimum
598 596 644 635 in
693 596 900 635 alueolum
947 595 1252 644 transfundere,
1293 595 1405 634 hunc
1444 595 1494 634 ad
1534 595 1708 635 modum
1745 596 1868 636 inter-

271 664 469 714 pellasse:

544 732 620 771 Dic
640 746 712 784 age
734 732 834 783 quid
854 732 977 771 toties
995 731 1128 770 vndas
1148 744 1271 782 super
1291 730 1443 782 ingeris
1461 731 1604 781 vndas,

650 798 862 837 Exoneras
881 797 1062 847 pelagus,
1086 810 1183 835 mox
1203 809 1428 848 onerasque
1448 810 1597 836 cauum
1611 798 1632 836 ‘?

330 887 435 926 Cum
449 886 560 924 hunc
577 886 717 936 itaque
736 885 939 936 puerilem
951 887 1147 923 conatum
1168 887 1209 923 et
1227 884 1356 935 patris
1375 884 1605 935 Augustini
1624 899 1720 924 cum
1739 899 1869 937 puero

217 968 255 990 ιο
273 965 396 1002 super
416 951 621 990 Trinitate
635 950 886 1001 colloquium
901 950 1155 989 carminibus
1168 949 1478 1000 congessissem,
1494 949 1692 988 nonnihil
1710 964 1776 990 me
1799 951 1869 990 ali-

275 1016 459 1067 quandiu
473 1016 594 1055 torsit
609 1016 805 1055 remotior
818 1016 943 1054 huius
962 1015 1115 1054 ostenti
1134 1014 1318 1054 historia.
1349 1015 1564 1065 Principio
1578 1015 1706 1055 libros
1725 1030 1870 1056 omnes

275 1083 324 1121 de
339 1082 541 1120 Trinitate
555 1082 708 1120 iterum
721 1084 844 1131 atque
858 1081 1013 1120 iterum
1027 1081 1168 1132 relegi,
1181 1082 1224 1120 et
1235 1080 1345 1119 nihil
1357 1082 1497 1119 tamen
1511 1081 1742 1132 quicquam,
1762 1083 1870 1132 quod

275 1148 325 1186 ad
333 1147 440 1186 hanc
455 1147 602 1186 faceret
615 1147 843 1195 historiam,
855 1146 1017 1185 offendi.
1047 1146 1229 1185 Proinde
1242 1146 1352 1184 nihil
1362 1148 1591 1195 cunctatus,
1601 1147 1872 1196 praeterDor-

274 1213 392 1264 pium
408 1213 531 1251 illum
543 1215 677 1260 tuum,
694 1212 835 1251 virum
849 1211 1233 1262 ingeniosissimum
1246 1214 1287 1250 et
1303 1212 1418 1250 omni
1433 1223 1571 1250 rerum
1588 1213 1703 1262 copia
1717 1213 1871 1252 instru-

221 1296 256 1327 15
277 1278 521 1327 ctissimum,
546 1291 631 1316 non
648 1291 795 1328 parum
815 1277 970 1316 multos
985 1277 1111 1316 etiam
1131 1277 1350 1327 magistros
1364 1279 1542 1325 nostros,
1565 1277 1635 1316 sed
1651 1277 1873 1327 questioni-

277 1346 373 1391 stas,
389 1343 458 1382 sed
475 1342 786 1393 quodlibeticos,
806 1356 909 1393 quos
923 1345 970 1381 vt
990 1342 1068 1381 hoc
1083 1343 1173 1381 loco
1185 1342 1387 1381 habemus
1403 1342 1662 1381 acutissimos
1677 1342 1873 1393 iuxtaque

277 1408 644 1460 frequentissimos,
677 1408 923 1456 consulens;
961 1421 1058 1446 mox
1086 1408 1137 1447 ad
1164 1421 1297 1447 vnum
1325 1421 1469 1447 omnes
1497 1409 1698 1447 mandant
1718 1407 1872 1458 Legen-

278 1475 374 1513 dam
394 1474 640 1513 Sanctorum
661 1473 975 1523 introspiciam3
1006 1486 1131 1523 quam
1161 1475 1206 1512 vt
1233 1473 1564 1523 nugacissimam,
1588 1473 1647 1511 ita
1675 1473 1803 1512 simul
1833 1474 1873 1511 et

279 1540 606 1580 infantissimam
627 1539 734 1578 nihil
754 1553 975 1579 moramur.
1048 1539 1267 1578 Postremo
1287 1538 1390 1578 alios
1410 1552 1532 1589 super
1552 1538 1656 1578 alios
1674 1539 1874 1577 euoluens

222 1624 260 1645 20
279 1605 509 1654 historicos,
533 1604 665 1643 nihilo
695 1618 820 1655 quam
847 1607 967 1643 antea
991 1617 1115 1654 super
1140 1604 1219 1643 hoc
1245 1606 1439 1654 portento
1463 1605 1615 1643 certior
1634 1604 1751 1654 quiui
1769 1603 1870 1642 fieri.

279 1672 341 1710 Tu
362 1671 499 1722 itaque
526 1684 599 1720 pro
619 1669 919 1709 inaestimabili
948 1670 1079 1708 animi
1098 1670 1162 1709 tui
1182 1669 1357 1708 candore
1378 1669 1533 1717 feceris,
1556 1669 1592 1708 si
1619 1669 1780 1719 vspiam
1806 1669 1873 1708 vel

279 1737 388 1787 apud
407 1735 696 1785 Augustinum
721 1735 861 1786 ipsum
879 1735 948 1774 vel
967 1735 1098 1774 alium
1119 1735 1222 1774 item
1241 1735 1479 1785 quempiam
1506 1736 1693 1774 autorem
1718 1735 1796 1773 hac
1825 1733 1874 1772 de

280 1815 322 1840 re
342 1800 555 1852 quippiam
574 1800 725 1850 legeris
744 1800 805 1850 (vt
826 1802 932 1839 certe
953 1800 1110 1851 legeris,
1134 1813 1230 1839 cum
1258 1800 1369 1838 nihil
1389 1800 1624 1850 quicquam,
1647 1799 1875 1849 quamlibet

279 1869 505 1916 vetustum,
529 1866 759 1916 quamlibet
777 1866 1051 1914 reconditum,
1073 1879 1158 1905 non
1177 1866 1328 1916 legeris
1347 1865 1475 1916 olim),
1497 1865 1749 1915 praescribas
1770 1865 1875 1915 quid

224 1947 238 1968 ε
245 1947 261 1978 5
279 1932 355 1970 hac
376 1932 424 1970 de
445 1946 489 1970 re
510 1932 672 1970 sentias.
731 1931 818 1982 Ego
831 1932 1130 1982 propemodum
1149 1931 1330 1970 adducor
1348 1932 1394 1969 vt
1415 1930 1579 1969 credam
1598 1932 1670 1970 aut
1689 1930 1875 1969 fabulam

281 1999 352 2035 aut
371 1997 533 2036 fabulae
554 1997 840 2045 simillimam3
872 1997 1079 2047 siquidem
1098 1998 1175 2036 hoc
1195 1997 1419 2047 persuadeo
1450 1996 1567 2045 mihi,
1590 1995 1713 2045 idque
1741 1998 1788 2035 vt
1816 2009 1876 2034 ar·

281 2063 411 2101 bitror
429 2075 538 2110 vere,
558 2063 775 2113 plerosque
808 2076 951 2101 omnes
980 2063 1176 2101 mortales
1197 2061 1360 2100 credere
1386 2061 1530 2108 multa,
1556 2074 1641 2100 non
1665 2061 1760 2110 quia
1779 2074 1877 2099 vera

283 2127 478 2166 videntur
499 2127 568 2165 sed
589 2127 685 2176 quia
704 2128 938 2167 creduntur.

337 2191 494 2230 Verum
515 2192 563 2230 de
582 2192 659 2230 hac
679 2205 723 2230 re
742 2193 870 2231 nimis
888 2193 971 2231 iam
990 2193 1138 2232 multa.
1207 2192 1377 2231 Abhinc
1405 2191 1563 2241 aliquot
1591 2192 1713 2230 annis
1741 2191 1877 2241 auspi—

225 2272 267 2303 30
284 2259 400 2296 catus
411 2270 505 2295 sum
526 2257 705 2295 rationes
720 2257 936 2297 breuitatis
957 2273 966 2306 ;
997 2271 1121 2307 quare
1135 2257 1264 2296 velim
1280 2270 1418 2295 amore
1435 2256 1696 2296 rudiusculae
1711 2258 1876 2295 nostrae

908 2349 936 2377 7.
961 2339 1163 2379 supingeris
1178 2341 1247 2370 MS.

329 2427 357 2446 2.
394 2414 544 2455 Ferunt]
576 2415 662 2446 This
692 2417 789 2454 story
821 2425 950 2454 occurs,
984 2418 1048 2446 not

286 2461 384 2498 quite
414 2460 454 2489 in
485 2458 560 2490 this
591 2459 696 2498 form,
724 2459 763 2489 in
795 2458 857 2489 the
887 2461 1047 2496 Cataloqns

286 2506 469 2534 Sanctorum
495 2502 572 2543 (vii.
605 2512 679 2541 cap.
707 2503 783 2542 128)
808 2502 846 2532 of
870 2502 973 2533 Peter
1004 2502 1046 2532 de

287 2547 484 2585 Natalibus,
505 2546 569 2586 Bp.
590 2546 629 2576 of
645 2546 775 2584 Jesolo,
793 2556 819 2577 c.
841 2556 945 2584 14003
968 2545 1047 2577 first

1116 2414 1197 2446 that
1224 2413 1335 2445 Alard
1364 2423 1445 2444 ever
1470 2413 1663 2454 published
1685 2424 1758 2454 any
1780 2413 1878 2445 work

1117 2468 1162 2489 on
1207 2458 1281 2488 this
1319 2457 1464 2497 subject.
1525 2457 1571 2488 In
1610 2467 1705 2488 some
1744 2467 1874 2497 verses,

1115 2501 1308 2533 addressed
1334 2501 1534 2532 ‘studiosae
1550 2502 1639 2540 pubi
1649 2501 1668 2540 ⁵,
1686 2501 1807 2532 which
1830 2501 1877 2532 he

1117 2544 1301 2585 appended
1333 2546 1370 2575 to
1397 2554 1444 2575 an
1474 2545 1611 2576 edition
1635 2545 1673 2575 of
1696 2544 1876 2576 Erasmus'

285 2590 431 2630 printed
451 2591 487 2621 at
507 2590 673 2628 Vicenza‚
698 2589 886 2629 1493—the
904 2589 1048 2620 earliest

288 2643 410 2664 source
423 2632 631 2664 mentioned
644 2634 684 2664 in
697 2633 759 2663 the
771 2636 850 2663 Acta
864 2636 1047 2664 Sanctorum

289 2677 449 2717 (xxxviii.
470 2686 543 2716 357,
563 2676 611 2717 8).

335 2730 382 2759 17.
432 2719 635 2760 Legendam
679 2718 908 2760 Sanctorum]
962 2720 1048 2750 This

289 2763 393 2802 book,
415 2763 489 2794 also
519 2763 633 2794 called
664 2763 727 2794 the
757 2765 898 2801 Leqemla
925 2765 1045 2802 Aurea,

288 2816 360 2837 was
380 2806 442 2837 the
458 2806 556 2838 work
581 2806 619 2837 of
637 2807 787 2837 Jacobus
808 2807 851 2837 de
871 2806 1048 2846 voragine

292 2849 470 2889 (Varazze,
502 2859 547 2880 on
579 2851 641 2880 the
673 2852 767 2880 coast
802 2850 839 2880 of
873 2850 1045 2891 Liguria),

291 2901 309 2920 a
327 2892 553 2931 Dominican,
564 2893 586 2930 †
606 2894 688 2932 1298
705 2903 743 2923 as
758 2893 847 2933 Abp.
866 2893 903 2924 of
917 2894 1048 2925 Genoa.

289 2934 325 2965 It
342 2944 414 2965 was
430 2936 507 2966 first-
522 2937 664 2975 printed
682 2947 708 2967 c.
732 2946 824 2975 1470.

333 2987 385 3016 30.
404 2979 557 3009 rationes
570 2980 775 3020 breuitatis]
794 2980 813 3011 I
830 2981 959 3011 cannot
975 2979 1049 3011 find

1117 2591 1159 2619 De
1191 2590 1409 2620 Constructtom
1440 2588 1519 2628 (Ep.
1545 2587 1624 2628 341)
1656 2588 1729 2619 and
1761 2588 1865 2619 Hadr

1118 2631 1306 2662 Barland‘s
1341 2634 1495 2662 Rhetorice
1532 2634 1668 2671 Isaqoye,
1702 2631 1878 2670 Louvain,

1117 2675 1180 2706 Th.
1194 2675 1366 2713 Martens,
1377 2675 1470 2715 Sept.
1492 2676 1585 2714 1516,
1595 2675 1652 2706 his
1668 2675 1820 2706 interest
1835 2675 1876 2705 in

1118 2719 1147 2749 it
1163 2720 1200 2750 at
1216 2719 1290 2750 this
1306 2719 1394 2749 time
1410 2719 1441 2749 is
1457 2719 1584 2749 shown
1600 2719 1647 2759 by
1663 2718 1725 2749 the
1742 2719 1877 2750 follow-

1118 2763 1180 2803 ing
1196 2762 1287 2793 lines
1301 2773 1353 2792 :—

1205 2806 1251 2837 Et
1266 2806 1362 2836 hunc
1379 2814 1464 2844 para
1479 2804 1693 2844 libellulum,
1713 2828 1721 2836 .
1739 2828 1748 2837 .
1769 2828 1778 2836 .

1205 2848 1504 2888 Compendiosum
1522 2851 1561 2879 vt
1578 2849 1631 2878 nil
1647 2858 1765 2888 supra,

1205 2893 1358 2923 Breuem
1374 2892 1435 2922 sed
1450 2894 1526 2922 arte
1542 2892 1751 2922 maximum.

1205 2936 1366 2966 Breuitas
1382 2936 1476 2966 inest
1492 2934 1678 2972 Laconica,

1205 2979 1299 3018 Quae
1315 2978 1462 3009 rudibus
1477 2978 1679 3009 vtilissima.
