2010 3417
84 211 182 266 583]
434 213 590 254 FROM
627 215 901 254 BUDAEUs
940 215 1011 253 ΤΟ
1050 214 1346 253 TUNSTALL
1604 216 1679 252 571

82 322 271 361 animum
303 323 462 372 induxi,
485 324 822 374 quandoquidem
855 326 895 363 te
926 326 1014 362 tam
1042 323 1289 363 clementem
1310 337 1355 363 ac
1379 324 1572 363 dextrum
1592 337 1683 363 con-

83 388 303 427 solatorem
318 391 462 428 nactus
474 403 581 429 sum.
641 389 839 428 Dixeram
858 403 925 428 me
945 389 1137 439 αὐτομαθῆ
1156 407 1195 428 τε
1216 390 1275 427 καὶ
1295 390 1460 440 ὀψιμαθῆ
1480 389 1619 439 fuisse,
1642 391 1683 428 et

83 466 169 491 non
197 453 321 492 modo
349 457 610 504 praeceptore
633 454 752 493 nullo
779 455 850 493 sed
876 455 1002 494 etiam
1028 467 1119 493 sero
1142 454 1275 494 literis
1302 454 1424 494 bonis
1449 455 1681 495 studuisse:

83 532 194 557 nunc
225 533 274 558 eo
317 520 498 570 amplius
537 520 637 568 dico,
679 520 896 559 literarum
933 533 1001 558 me
1039 520 1277 559 rudimenta
1314 522 1355 559 et
1392 521 1682 571 grammatices

82 584 294 634 principia,
326 587 374 624 vt
411 588 503 624 tum
541 585 727 624 ferebant
765 599 913 633 moreS,
942 586 1224 635 simplicitatis
1252 599 1362 624 nunc
1393 585 1607 634 obsoletae,
1636 586 1680 624 in

82 651 158 689 hac
177 651 278 689 vrbe
298 651 489 690 didicisse
509 651 669 690 triuiali
687 651 765 690 sub
784 651 872 690 ludi
892 651 1094 701 magistro
1114 651 1309 690 literarii:
1330 664 1506 701 cumque
1525 651 1681 690 hiscere

83 716 230 755 Latine
258 716 330 755 vix
360 718 595 767 coepissem,
627 717 677 756 ad
706 717 810 756 iuris
837 717 1024 756 studium
1053 717 1310 766 transiuisse,
1341 719 1387 756 vt
1416 717 1578 764 assolet,
1610 718 1681 755 aut

81 781 338 820 transiluisse
356 783 507 831 potius,
530 782 793 832 dispendioso
812 782 956 831 vtique
983 782 1181 831 temporis
1201 781 1456 831 compendio.
1527 781 1579 819 In
1600 794 1680 831 quo

80 845 220 884 studio
240 859 336 885 cum
361 846 533 885 triennii
559 860 724 896 operam
753 846 957 895 lusissem,
983 846 1154 884 domum
1184 859 1372 885 reuersus
1398 845 1574 884 salutem
1594 845 1681 884 dixi

80 910 220 959 literis,
254 911 403 950 studiis
440 913 582 962 vtique
619 912 842 962 indulgens
880 911 1114 950 iuuentutis
1142 910 1361 950 illiteratae
1389 913 1459 949 aut
1488 911 1681 949 emeritae

81 978 189 1014 certe
209 978 251 1014 et
281 976 365 1015 iam
398 979 703 1016 exauctoratae:
733 976 865 1027 quoad
895 978 988 1027 post
1013 976 1169 1027 aliquot
1193 989 1325 1015 annos
1353 976 1464 1014 intra
1490 977 1681 1025 paternos

80 1041 257 1091 parietes
276 1041 384 1080 elam
404 1042 569 1080 studere
587 1055 751 1080 mecum
776 1043 864 1092 ipse
886 1041 1062 1089 institui,
1086 1041 1229 1092 procul
1257 1041 1454 1080 omnibus
1473 1041 1680 1079 conuenti-
1744 1054 1759 1083 5

81 1106 185 1146 culis
203 1106 328 1146 huius
346 1106 461 1145 vrbis
479 1107 833 1155 scholasticorum,
849 1107 1052 1146 excitante
1068 1120 1137 1145 me
1147 1108 1314 1145 tantum
1330 1106 1459 1156 patris
1477 1105 1679 1156 exemplo,

80 1171 290 1211 doctrinae
303 1171 524 1221 laudatore,
542 1174 588 1211 vt
607 1173 694 1211 erat
705 1172 889 1211 hominis
901 1171 1126 1223 ingenium,
1138 1174 1177 1210 et
1190 1171 1392 1210 librorum
1407 1171 1678 1210 emacissimo.

81 1236 150 1275 Ibi
177 1249 202 1275 a
229 1236 450 1276 deterrimo
478 1251 650 1288 quoque,
674 1239 720 1276 vt
740 1238 799 1286 fit,
822 1239 964 1276 autore
994 1237 1237 1287 auspicatus,
1263 1250 1358 1275 cum
1384 1236 1680 1287 glossematum

80 1302 212 1341 fecem
258 1315 331 1352 per
375 1302 703 1352 imprudentiam
748 1301 980 1341 hausissem
1027 1302 1280 1349 auidissime,
1332 1315 1467 1340 errore
1514 1301 1682 1340 tandem

80 1367 300 1415 intellecto,
328 1379 424 1406 cum
450 1368 502 1406 ad
532 1367 662 1406 libros
690 1367 882 1405 meliores
907 1380 976 1405 me
999 1367 1278 1415 contulissem,
1306 1366 1510 1416 paulatim
1537 1365 1680 1405 redun-

81 1433 252 1472 dantem
293 1432 410 1471 illam
448 1432 697 1481 praecordiis
734 1432 839 1470 meis
875 1433 1004 1470 fecem
1043 1431 1195 1478 reieci;
1237 1431 1404 1469 tametsi
1443 1431 1681 1470 obhaeserat

75 1497 240 1536 ’Ἑσπετε
259 1499 322 1536 νῦν
340 1514 415 1546 μοι,
438 1500 603 1535 Μοῦσαι.

134 1562 238 1601 Ecce
256 1564 396 1600 autem
411 1562 523 1600 aliud
537 1561 847 1600 incommodum
867 1563 875 1600 1
923 1561 1062 1610 Quum
1074 1560 1345 1610 accipitrariis
1358 1562 1398 1599 et
1414 1560 1680 1598 venatoribus

80 1626 216 1666 salute
244 1626 373 1666 semel
402 1627 512 1665 dicta
540 1639 672 1665 annos
700 1626 852 1664 abhinc
880 1639 951 1664 sex
981 1628 1021 1664 et
1049 1625 1212 1676 viginti,
1245 1625 1375 1672 libris,
1397 1627 1444 1663 vt
1472 1625 1568 1673 dixi,
1598 1638 1681 1663 non

80 1692 301 1741 magistris,
343 1691 482 1740 aliquo
526 1705 622 1729 cum
664 1704 853 1729 successu
899 1703 1065 1741 operam
1111 1690 1205 1728 dare
1254 1690 1492 1739 coepissem,
1540 1689 1681 1728 statim

81 1757 286 1795 Graecum
311 1756 518 1806 quendam
544 1758 691 1794 nactus
715 1769 809 1794 sum
828 1768 982 1802 senem,
1016 1757 1087 1793 aut
1119 1755 1190 1793 ille
1216 1768 1282 1792 me
1309 1754 1448 1804 potius
1471 1754 1549 1804 (illi
1567 1755 1681 1793 enim

81 1820 257 1871 vectigal
275 1834 477 1870 magnum
506 1819 652 1870 attuli),
676 1820 748 1870 qui
769 1821 910 1859 literas
930 1820 1105 1859 Graecas
1123 1820 1328 1858 hactenus
1348 1821 1420 1858 aut
1443 1819 1566 1869 paulo
1584 1819 1681 1870 plus

81 1888 266 1935 nouerat,
297 1888 500 1936 quatenus
527 1885 712 1924 sermoni
739 1885 903 1924 literato
936 1898 1031 1923 cum
1060 1884 1283 1923 vernaculo
1317 1884 1524 1923 conuenit.
1599 1884 1681 1922 Hic

82 1951 232 2001 quibus
259 1964 326 1989 me
356 1951 493 1989 modis
522 1951 697 1999 torserit,
732 1963 830 1988 mox
861 1949 1107 1989 dediscenda
1141 1949 1326 1988 docendo
1360 1948 1455 1999 (nisi
1493 1950 1602 2000 quod
1640 1952 1679 1988 et

1704 398 1763 432 355

1701 717 1764 756 380

1702 1379 1764 1411 390

1700 1706 1759 1738 395

81 2017 215 2067 legere
246 2016 402 2066 optime
429 2018 471 2053 et
499 2015 604 2054 bene
632 2015 904 2066 pronunciare
930 2015 1099 2064 sciebat)
1125 2027 1209 2052 non
1232 2014 1338 2053 bene
1363 2014 1499 2053 tribus
1527 2014 1681 2053 chartis
1698 2028 1763 2059 400

81 2082 318 2130 scriberem,
339 2094 435 2119 cum
453 2081 623 2118 interim
642 2080 740 2130 ipse,
765 2082 812 2119 vt
831 2093 963 2118 vnum
990 2092 1087 2118 eum
1107 2092 1194 2117 esse
1215 2079 1422 2118 Graecum
1442 2080 1488 2118 in
1508 2079 1681 2118 Francia

80 2146 310 2194 audiebam,
333 2146 390 2184 sic
410 2158 497 2184 esse
513 2145 799 2184 doctissimum
820 2145 971 2184 Graece
991 2144 1283 2193 existimarem,
1307 2145 1348 2182 et
1366 2143 1438 2182 ille
1458 2144 1679 2183 ostendens

83 2211 189 2251 mihi
210 2211 443 2250 Homerum
462 2210 765 2260 nonnullosque
784 2211 948 2248 autores
966 2209 1228 2258 famigeratos
1246 2221 1503 2260 nuncupans,

460 2295 784 2346 Ἐξονομακλήδην
805 2297 992 2346 ὀνομάζων
1014 2296 1127 2346 ἄνδρα
1147 2297 1316 2341 ἕκαστον,

82 2385 254 2434 flagrare
273 2397 340 2422 me
361 2383 498 2422 studio
518 2383 663 2421 insano
682 2382 944 2432 intelligeret.
1006 2382 1238 2421 Accedebat
1258 2382 1364 2421 illud
1388 2382 1546 2430 erroris,
1570 2382 1677 2433 quod
1697 2389 1758 2421 405

82 2462 185 2499 quae
214 2451 302 2488 erat
339 2449 383 2486 in
411 2462 458 2486 eo
487 2448 729 2497 ignorantia,
761 2460 835 2497 ego
862 2446 1189 2486 ludificationem
1225 2460 1312 2486 esse
1349 2447 1555 2497 putabam,
1598 2460 1677 2498 quo

126 2552 198 2582 374.
223 2544 298 2574 tam
314 2545 362 2573 D:
387 2543 436 2573 sic
452 2544 486 2577 β.
607 2551 681 2581 379.
710 2544 754 2572 F:
779 2541 1028 2581 ludimagistro
1044 2544 1094 2572 D:
1116 2542 1287 2580 magistro
1303 2541 1381 2572 ludi
1398 2542 1432 2576 β.
1536 2541 1610 2580 380.
1636 2544 1675 2572 vt

83 2586 212 2618 assolet
235 2589 308 2616 add.
331 2587 365 2620 β.
477 2585 552 2623 381.
585 2585 708 2624 vtique
731 2587 804 2616 add.
830 2586 864 2619 β.
968 2585 1042 2624 382.
1068 2584 1187 2616 studio
1203 2587 1276 2616 add.
1295 2586 1330 2620 β.
1430 2584 1505 2624 383.
1529 2586 1616 2615 aut.
1633 2606 1642 2615 .
1663 2608 1670 2616 .

81 2630 155 2668 384.
175 2629 424 2660 exauctoratae
440 2631 512 2659 add.
528 2629 552 2663 β
571 2628 772 2669 (emeritam
789 2627 840 2668 β).
928 2629 1002 2667 387.
1027 2628 1222 2659 laudatoris
1238 2629 1272 2662 β.
1362 2628 1402 2658 vt
1415 2651 1423 2659 .
1441 2652 1450 2660 .
1465 2651 1472 2658 .
1489 2628 1674 2667 ingenium

82 2675 157 2704 (cdd.
173 2674 208 2708 β.
320 2672 535 2703 emacissimi
550 2673 583 2706 β.
752 2672 827 2711 389.
852 2671 1060 2702 auidissime
1077 2673 1150 2703 add.
1167 2672 1202 2706 β.
1356 2680 1430 2711 391.
1457 2672 1546 2702 meis
1562 2682 1621 2704 om.
1637 2673 1670 2706 β.

83 2716 228 2747 tametsi
242 2737 253 2749 .
269 2738 277 2747 .
291 2736 302 2747 .
321 2725 395 2754 392.
415 2715 539 2747 Μοῦσαι
556 2716 629 2746 add.
647 2715 682 2748 Β.
822 2715 899 2754 398.
923 2717 951 2745 F
964 2725 971 2745 :
994 2724 1154 2745 sermone
1169 2716 1205 2746 D.
1354 2724 1429 2753 400.
1453 2716 1489 2745 et
1506 2714 1596 2745 bene
1611 2737 1621 2747 .
1636 2737 1644 2747 .
1666 2740 1673 2747 .

82 2760 215 2791 sciebat
230 2762 259 2790 D
274 2769 283 2790 :
304 2759 398 2790 mihi
413 2760 449 2790 et
463 2758 702 2798 pronunciare
719 2758 910 2789 videbatur
926 2768 945 2789 e
961 2767 1058 2789 more
1075 2758 1302 2789 literatorum
1321 2759 1355 2792 β.
1458 2767 1533 2796 402.
1558 2760 1672 2789 osten-

82 2807 164 2835 tans
178 2803 212 2837 β.
344 2811 417 2841 403.
436 2801 703 2840 nonnullosque
715 2803 744 2831 D
760 2812 767 2832 :
791 2801 946 2840 aliosque
959 2802 991 2836 β.
1077 2801 1302 2840 famigeratos
1318 2803 1346 2831 D
1360 2812 1367 2831 ε
1392 2801 1621 2841 insignioreis
1637 2803 1669 2835 β.

83 2857 157 2885 404.
174 2844 451 2885 Ἐξονομακλήδην
467 2869 476 2877 .
494 2868 502 2877 .
520 2868 528 2876 .
550 2844 687 2876 ἕκαστον
702 2846 774 2875 add.
793 2845 826 2878 β.

91 2911 201 2973 Ὰ375.
226 2933 410 2973 Dixeram]
434 2932 496 2972 Ep.
516 2941 591 2972 493.
607 2941 698 2971 20,1.
947 2941 1021 2970 392.
1043 2930 1198 2971 Ἕσπετε]
1224 2931 1331 2963 Hom.
1349 2934 1390 2962 ll.
1409 2940 1440 2962 2.
1460 2932 1535 2971 484,
1554 2931 1611 2963 &c.

125 2978 200 3016 387.
226 2975 427 3016 laudatore]
440 2975 586 3015 Shortly
596 2975 688 3006 after
698 2974 846 3014 writing
946 2975 1021 3014 396.
1046 2974 1237 3015 Graecum]
1266 2975 1554 3014 Hermonymus3
1582 2975 1624 3006 cf.
1647 2985 1671 3006 1.

82 3021 157 3051 this
169 3019 335 3050 Budaeus
347 3019 509 3050 detected
526 3018 587 3049 the
603 3018 846 3049 anacoluthon
903 3027 935 3059 p.
954 3027 983 3057 7.
1000 3027 1041 3048 22
1057 3027 1092 3049 n.

83 3063 170 3105 (LE.
178 3063 269 3104 App.
282 3062 356 3104 149)
370 3073 378 3101 ;
393 3062 466 3094 and
476 3062 521 3093 he
531 3060 711 3093 corrected
720 3061 750 3092 it
761 3061 800 3092 in
807 3061 840 3096 β.
946 3071 1019 3100 404.
1043 3059 1334 3102 Ἐξονομακλήδην]
1352 3061 1459 3093 Hom.
1475 3064 1514 3093 Il.
1528 3071 1578 3093 22.
1593 3072 1612 3100 4
1621 3071 1668 3101 15.
