2010 3417
91 189 141 225 34
149 173 188 228 2]
490 175 645 214 FROM
688 174 976 215 NICHOLAS
1013 173 1274 214 GERBELL
1605 172 1680 210 121

91 298 174 324 non
193 298 243 324 ex
263 287 436 335 pectore.
497 284 576 324 Sed
599 284 741 333 nescis,
763 285 936 324 Erasme
955 283 1203 332 doctissime,
1227 285 1430 334 quantum
1450 283 1495 321 in
1517 282 1593 321 hac
1612 284 1684 320 tua

90 350 283 401 opinione
311 350 536 400 deciperis;
575 350 746 388 mallem
775 349 928 388 etenim
957 348 1023 387 vel
1052 349 1158 388 nihil
1187 348 1363 387 scribere
1390 347 1529 399 potius
1557 359 1683 398 quam

90 416 270 464 mentiri,
288 415 367 464 vel,
389 416 425 455 si
450 415 665 455 honestius
689 415 781 466 quis
809 415 899 454 fieri
925 417 1055 465 putat,
1078 414 1178 454 talia
1205 415 1449 464 confingere.
1509 412 1684 452 Exerces

89 481 245 529 stilum,
277 481 370 520 ais?
427 479 538 520 Fieri
556 482 693 531 potest
717 483 757 519 et
781 480 884 519 illud
905 481 995 519 sine
1014 480 1119 529 fuco,
1141 480 1230 519 sine
1254 479 1407 527 fraude,
1429 478 1533 518 citra
1561 477 1684 517 simu-

90 545 298 585 lationem.
359 546 538 585 Exerces
560 546 749 596 linguam
763 546 783 584 ?
840 546 1016 583 Faciunt
1040 547 1081 583 et
1104 545 1181 584 hoc
1206 544 1336 595 pueri,
1357 557 1442 582 non
1464 546 1551 582 tam
1576 542 1685 582 fictis
1705 557 1744 580 20

90 607 359 661 sepenumero
379 623 502 661 quam
525 610 634 649 veris
656 610 917 660 argumentis
942 611 1118 650 vtentes.
1174 610 1254 649 Sed
1278 610 1356 648 hoc
1379 609 1482 647 nihil
1511 609 1560 647 ad
1586 609 1685 648 arni·

89 676 245 725 eiciam,
283 676 431 726 inquis,
469 687 548 725 que
578 674 754 725 simplex
782 676 906 724 atque
934 687 1030 712 vera
1058 687 1141 713 non
1174 674 1323 712 alicubi
1357 687 1481 724 quam
1514 674 1558 712 in
1594 674 1684 725 ipso

90 740 252 780 habitat
283 742 458 791 pectore.
528 739 654 778 Haud
689 739 810 778 aliter
838 739 897 787 (vt
929 752 996 777 me
1034 739 1146 778 Deus
1183 739 1309 788 amat)
1342 739 1438 777 facit
1477 739 1685 790 sentitque

89 804 348 854 Gerbelliu53
381 805 498 844 cuius
522 804 557 843 si
580 806 726 855 pectus
746 817 888 855 posses
908 804 1113 853 corporeis
1131 804 1345 853 penetrare
1365 803 1505 851 oculis,
1527 803 1687 843 litteras

90 871 155 921 (ad
176 869 252 909 hoc
272 872 476 920 quantum
496 870 658 918 attinet)
677 869 785 909 nihil
804 871 909 909 foret
930 883 1044 920 opus.
1706 885 1720 906 2
1727 884 1743 916 5

142 935 222 974 Sed
242 934 292 974 de
310 935 386 974 hoc
407 935 519 975 satis.
580 935 709 975 Credo
729 934 882 974 etenim
902 948 987 973 non
1007 936 1095 972 tam
1116 934 1269 972 durum
1289 945 1377 972 esse
1396 932 1618 971 Erasmum
1641 934 1687 971 vt

89 999 200 1040 bona
220 1013 323 1051 quae
342 1002 442 1039 sunt
470 1002 607 1040 vertat
632 1000 677 1039 in
706 1000 876 1049 malum,
902 1012 1079 1050 eumque
1105 999 1177 1049 qui
1205 1011 1373 1048 syncere
1402 1000 1530 1046 amat,
1550 997 1686 1036 adula-

89 1067 224 1104 torem
257 1067 377 1115 putet
410 1065 546 1116 potius
583 1078 706 1116 quam
734 1066 928 1104 amicum.
1000 1065 1115 1114 Opus
1143 1063 1496 1102 Lucubrationum
1525 1061 1687 1101 fabrefit

90 1130 214 1169 modo
235 1144 331 1170 cura
351 1144 435 1169 non
455 1131 679 1170 admodum
697 1130 860 1181 vulgari
876 1145 885 1178 ;
917 1130 984 1169 cui
1002 1129 1179 1179 negotio,
1203 1130 1407 1179 quantum
1427 1127 1516 1167 fieri
1536 1128 1682 1178 potest,

89 1196 239 1234 adsum
276 1196 435 1235 viribus
464 1196 667 1235 omnibus.
739 1195 926 1234 Placebit
958 1195 1037 1234 tibi
1069 1195 1130 1245 (vt
1162 1194 1353 1244 arbitror)
1381 1193 1495 1232 labor
1531 1193 1682 1239 noster,
1706 1204 1746 1235 30

91 1274 224 1312 neque
243 1263 283 1300 te
304 1275 463 1300 morem
483 1261 656 1312 gessisse
672 1261 792 1300 nobis
810 1261 1048 1311 poenitebit.
1096 1260 1159 1298 Tu
1179 1273 1275 1298 cura
1289 1261 1336 1298 vt
1350 1259 1508 1309 reliqua
1528 1269 1687 1308 quoque

91 1327 142 1365 ad
156 1326 587 1366 nosaduolent-——sunt
595 1327 706 1366 enim
719 1327 1008 1378 quaterniones
1024 1326 1108 1364 fere
1119 1327 1293 1376 quatuor
1306 1323 1551 1371 absoluti—;
1564 1325 1686 1373 atque

91 1391 230 1442 siquid
260 1392 369 1442 apud
398 1395 438 1431 te
469 1394 530 1432 est
559 1393 714 1431 farinae
743 1392 941 1441 eiusdem,
975 1405 1056 1443 quo
1084 1390 1325 1441 magnitudo
1356 1389 1487 1428 libelli
1515 1389 1619 1426 foret
1647 1389 1687 1426 et

93 1456 240 1496 iustior
270 1458 392 1508 atque
426 1457 683 1507 vendibilior,
714 1458 778 1496 fao
812 1470 963 1508 quaeso
991 1456 1283 1496 liberalitatem
1311 1457 1429 1494 tuam
1452 1456 1492 1493 et
1518 1466 1595 1492 nos
1624 1466 1688 1491 ex-

90 1521 302 1571 periamur
329 1524 370 1561 et
404 1523 589 1562 studium
622 1526 746 1562 tuum
774 1522 820 1561 in
847 1522 1059 1563 Christum
1087 1521 1270 1560 sentiant
1298 1520 1473 1559 studiosi
1502 1519 1684 1558 lectores.
1708 1531 1746 1562 35

91 1587 404 1626 Annotauimus
450 1601 527 1627 nos
560 1588 669 1627 locos
707 1588 866 1638 aliquot
898 1588 943 1626 in
971 1586 1212 1626 Enchiridio
1250 1599 1274 1624 a
1310 1597 1532 1636 puerorum
1569 1584 1688 1634 captu

92 1650 310 1701 paululum
339 1653 599 1694 remotiores:
629 1653 778 1704 quibus
802 1655 849 1692 vt
875 1652 942 1692 vel
969 1653 1046 1691 hac
1075 1653 1223 1692 saltem
1249 1652 1392 1690 nostra
1417 1663 1538 1700 opera
1566 1647 1689 1699 grati-

93 1717 205 1756 ficari
225 1730 447 1767 possemus,
466 1718 605 1768 aliqua
624 1718 669 1756 in
688 1719 770 1757 fine
789 1718 920 1757 libelli
938 1717 1069 1757 veluti
1084 1717 1239 1756 scholia
1258 1717 1431 1754 adiicere
1450 1714 1685 1753 statuimus.

95 1781 187 1821 Hoc
200 1782 235 1820 si
246 1782 325 1821 tibi
336 1795 420 1821 non
434 1783 633 1833 displicet,
644 1796 733 1822 rem
744 1796 1057 1834 p1·osequemur;
1071 1783 1138 1821 sin
1150 1795 1274 1829 secus,
1291 1783 1372 1819 stet
1385 1779 1591 1819 sententia
1603 1780 1685 1816 tua.

149 1845 250 1886 Vale
277 1847 512 1886 felicissime
541 1850 662 1898 atque
692 1848 877 1896 rescribe,
911 1848 945 1886 si
976 1847 1231 1886 Ger-bellium
1260 1859 1383 1885 amas.
1452 1845 1615 1884 Salutat
1648 1845 1689 1882 te
1708 1863 1750 1893 40

95 1911 255 1950 vicibus
274 1912 390 1950 mille
411 1913 474 1952 Io.
494 1913 828 1963 Rudolphingius
846 1913 1172 1952 studiosissimus
1190 1912 1265 1960 tui,
1287 1911 1412 1950 simul
1431 1912 1472 1949 et
1491 1909 1690 1948 Matthias

96 1975 348 2024 Schurerius,
372 1977 441 2027 qui
467 1977 699 2027 plurimum
728 1980 845 2028 rogat
866 1978 914 2017 B.
946 1977 1194 2016 Rhenanum
1216 1979 1262 2016 vt
1291 1975 1512 2026 aliquando
1541 1986 1691 2013 manus

96 2041 313 2092 Rodolpho
341 2042 559 2092 adhibeat;
588 2056 685 2081 nam
716 2043 751 2082 si
778 2043 1000 2094 castigatus
1030 2044 1147 2092 esset,
1170 2056 1252 2081 non
1282 2042 1440 2080 diutius
1469 2040 1691 2079 editionem

93 2107 183 2145 eius
203 2109 444 2146 moraretur.
505 2108 663 2147 Iterum
683 2108 789 2148 vale.

150 2172 475 2222 Argen<torati>
504 2182 615 2220 1515.
1709 2193 1748 2224 45

482 2305 577 2344 343.
640 2303 771 2345 FROM
803 2303 1045 2345 NroHOLAS
1077 2303 1304 2345 GERBELL.

147 2392 332 2429 Deventer
350 2392 425 2429 MS.
446 2404 501 2439 91,
521 2394 546 2429 f.
570 2403 646 2438 177.
1383 2392 1594 2437 Strasburg.

149 2450 220 2485 LB.
238 2450 333 2495 App.
353 2452 407 2486 26.
1340 2453 1359 2486 8
1377 2451 1524 2496 August
1544 2458 1644 2494 1515.

148 2528 236 2569 [The
260 2530 484 2569 manuscript
515 2530 596 2561 date
620 2531 651 2560 is
673 2530 868 2561 confirmed
893 2530 939 2569 by
966 2529 1030 2560 the
1053 2530 1233 2560 reference
1259 2530 1295 2559 to
1318 2529 1381 2559 the
1404 2527 1541 2558 edition
1566 2526 1604 2557 of
1630 2525 1691 2556 the

102 2574 350 2610 Lucubrationes,
369 2573 554 2612 evidently
571 2573 756 2604 Schiirer’s
774 2573 811 2604 of
825 2574 1031 2612 September
1050 2572 1159 2614 1515.]

150 2657 197 2685 17.
223 2647 411 2687 decipiaris
427 2659 500 2679 corr.
518 2651 581 2679 LB.
706 2660 758 2687 24.
783 2649 924 2679 litteras
940 2651 976 2678 M
978 2651 1009 2680 S
1026 2659 1032 2679 z
1057 2649 1191 2678 litteris
1206 2649 1270 2678 ΖΒ.
1392 2657 1444 2685 34.
1468 2645 1694 2684 experiemur

102 2693 170 2723 MS.
187 2702 194 2720 :
217 2701 292 2721 corr.
309 2693 372 2723 LB.
503 2693 556 2731 38.
581 2692 688 2723 finem
706 2695 769 2731 LB,
783 2703 838 2730 per
853 2701 995 2722 errorem.
1126 2700 1178 2729 42.
1204 2690 1370 2720 Rhenum
1385 2692 1455 2720 MS.
1470 2700 1477 2719 z
1502 2699 1578 2719 corr.
1594 2691 1655 2719 LB.

149 2768 199 2799 28.
241 2768 563 2808 Lucubrationum]
592 2768 787 2798 Published
817 2768 864 2807 by
931 2776 1037 2806 pages
1054 2777 1060 2796 :
1078 2765 1326 2805 considerably
1336 2766 1405 2796 less
1418 2766 1507 2796 than
1526 2765 1604 2796 half
1614 2775 1693 2805 way

104 2811 268 2851 Schiirer,
287 2812 379 2850 Sept.
404 2821 496 2850 1515,
513 2811 603 2841 with
627 2820 648 2841 a
663 2811 801 2851 preface
817 2811 865 2849 by
931 2809 1086 2849 through
1102 2809 1165 2839 the
1180 2812 1394 2839 Enclciridz'on.

105 2855 248 2886 Gerbell
273 2855 378 2885 dated
403 2864 494 2893 1515.
543 2854 610 2884 For
626 2855 674 2884 its
688 2853 865 2893 principal
976 2854 1026 2891 36.
1054 2852 1163 2893 locos]
1187 2852 1259 2882 The
1282 2852 1443 2892 proposal
1474 2851 1578 2883 made
1604 2852 1692 2883 here

106 2900 271 2929 contents
283 2908 338 2929 see
350 2898 435 2937 Epp.
446 2907 498 2937 93,
512 2898 583 2937 108,
601 2899 671 2935 164,
685 2907 758 2936 327.
791 2897 864 2928 The
932 2905 1004 2926 was
1021 2897 1084 2925 not
1101 2895 1275 2934 accepted.

108 2941 196 2981 only
218 2951 299 2972 new
323 2942 409 2971 item
434 2941 464 2971 is
486 2941 664 2971 Erasmus’
690 2940 864 2980 WValsing-
976 2949 1028 2977 41.
1047 2937 1348 2979 Rudolphingius]
1365 2937 1414 2969 Cf.
1430 2938 1492 2978 Ep.
1509 2948 1581 2978 302.
1600 2948 1638 2977 14
1654 2948 1690 2970 n.

113 2985 197 3015 ham
213 2985 299 3023 ode;
323 2985 367 3016 cf.
385 2985 448 3024 Ep.
465 2986 540 3016 262.
556 2985 578 3014 6
590 2994 625 3015 n.
976 2992 1027 3022 43.
1063 2982 1259 3022 Rodolpho]
1297 2982 1482 3022 Agricolae
1499 2993 1507 3021 3
1545 2982 1590 3013 cf.
1626 2983 1688 3022 Ep.

151 3037 201 3066 32.
235 3028 490 3067 quaterniones
520 3028 594 3058 fere
622 3025 790 3067 quatuor]
823 3027 866 3065 48
932 3035 1006 3064 311.
1023 3035 1064 3065 25
1081 3036 1114 3056 n.
