2010 3417
270 166 349 204 536
734 162 985 202 LETTERS
1023 162 1093 201 OF
1130 160 1396 200 ERASMUS
1737 157 1776 212 [1
1785 170 1806 207 5
1815 173 1829 197 1
1840 168 1859 206 7

270 273 516 323 praecordiis
547 273 738 322 gestare?
767 271 816 309 de
847 285 928 321 quo
963 273 1051 309 tam
1080 270 1185 309 varii
1213 270 1367 319 passim
1410 271 1578 319 tamque
1607 268 1863 307 exundantes

186 342 250 381 ‘195
271 337 396 376 riuuli
417 338 461 376 in
485 337 767 376 studiosorum
794 336 928 375 vireta
954 335 1235 386 copiosissime
1265 335 1520 374 deriuantur.
1580 333 1682 383 Quis
1710 332 1863 372 inficia-

270 404 381 441 bitur
400 403 443 440 in
464 402 556 441 aliis
576 402 745 452 quidem
766 401 985 452 permultis
1005 401 1106 440 alias
1124 402 1246 451 atque
1272 400 1375 438 alias
1401 399 1565 438 dicendi
1591 399 1705 438 dotes
1724 411 1770 437 ac
1789 397 1864 437 vir-

270 471 378 506 tutes
407 468 599 516 eminere,
622 467 667 506 in
696 468 868 506 Erasmo
898 468 1039 505 autem
1064 479 1148 505 vno
1176 468 1248 505 τῶν
1276 467 1424 504 πάντων
1451 466 1602 518 ἀγαθῶν
1631 465 1763 514 σωρὸν,
1793 464 1865 502 τῶν

268 534 412 570 πάντων
432 533 581 584 ἀγαθῶν
600 533 819 583 μυρμηκίαν,
842 533 914 570 τῶν
933 533 1080 570 πάντων
1101 531 1250 583 ἀγαθῶν
1270 531 1473 569 θάλασσαν
1494 531 1583 569 εἶναι
1596 531 1616 569 Ῥ

320 598 412 636 Iam
433 612 519 646 nos,
536 598 709 637 Erasme
728 597 1016 644 eruditissime,
1036 596 1204 635 tametsi
1219 596 1504 647 intelligamus
1516 596 1670 646 scripta
1689 597 1761 634 tua
1779 607 1863 633 non

188 676 248 697 200
267 663 348 701 nisi
369 663 650 702 oculatissimo
671 665 818 713 cuique
837 662 980 701 lectori
1000 663 1149 712 patere,
1166 675 1242 700 nec
1258 662 1396 712 palato
1417 661 1514 700 huic
1535 661 1755 700 conuenire
1775 662 1864 699 tam

267 728 460 767 delicatas
492 731 660 779 tamque
693 728 850 779 regales
880 728 1006 778 dapes
1038 742 1093 777 ac,
1116 729 1162 766 vt
1185 727 1324 766 verius
1353 728 1503 772 dicam,
1534 726 1765 777 ταύτηντὴν
1793 728 1864 764 τῶν

267 794 356 831 θεῶν
375 794 530 843 τροφὴν,
550 795 703 842 tamen,
730 794 757 831 ὦ
778 793 855 832 θεοὶ
875 792 1094 844 εῑῗδαίμονες,
1109 795 1186 833 πῶς
1208 795 1276 842 μὲν
1294 794 1367 845 γὰρ
1388 793 1432 831 ἂν
1452 793 1577 831 οἷόστε
1598 793 1674 842 εἵην
1692 793 1864 841 τοιαύτης

266 860 387 908 θοίνης
421 860 642 911 ἀπέχεσθαι,
669 861 729 898 καὶ
753 862 868 898 ταῦτα
896 861 945 900 εἷς
970 862 1151 898 τοσοῦτον
1179 859 1430 909 λιμώττοντος
1458 859 1519 896 καὶ
1548 858 1726 908 διψῶντος
1749 859 1863 908 ἐμοῦ,·

265 925 373 974 Lego
400 925 590 975 equidem
618 925 942 975 diligentissime
964 938 1009 963 ac
1038 924 1306 975 cupidissime
1332 923 1503 963 reuoluo
1526 925 1620 963 tuas
1641 935 1785 962 omnes
1804 922 1862 960 lu-

184 1003 243 1033 205
265 990 535 1035 cubrationes,
560 1004 735 1040 quarum
755 990 819 1028 vel
844 990 977 1029 decies
1004 990 1089 1028 iam
1115 990 1385 1040 repetitarum
1412 988 1530 1027 nulla
1551 1002 1618 1028 me
1637 990 1779 1028 tamen
1799 988 1863 1026 ad-

262 1055 343 1094 huc
374 1057 552 1104 satietas,
576 1058 683 1094 certe
711 1069 853 1094 recens
882 1055 1084 1105 quaedam
1108 1068 1272 1105 semper
1299 1055 1408 1105 capit
1429 1054 1679 1094 admiratio:
1714 1066 1761 1092 ac
1779 1066 1864 1092 me-

262 1120 439 1169 hercule,
464 1135 543 1171 quo
564 1121 727 1172 saepius
746 1121 839 1159 illae
858 1135 881 1159 a
901 1134 979 1169 me,
1002 1134 1082 1171 quo
1101 1120 1283 1160 vicinius
1302 1133 1347 1159 ac
1368 1120 1551 1170 pressius
1572 1118 1863 1169 introspiciun-

261 1188 338 1233 tur,
371 1187 449 1225 hoc
484 1186 618 1237 magis
651 1200 697 1225 ac
723 1187 857 1237 magis
884 1186 1061 1236 placent,
1094 1186 1228 1236 magis
1258 1185 1452 1235 afficiunt,
1479 1185 1614 1236 magis
1642 1185 1862 1224 delectant.

259 1252 321 1289 Ac
359 1264 432 1301 per
462 1252 557 1290 deos
586 1251 856 1298 immortales,
894 1252 965 1301 qui
1000 1265 1084 1290 non
1115 1252 1403 1290 delectarent?
1438 1264 1534 1289 cum
1561 1252 1602 1289 et
1635 1250 1861 1289 Deloinum

183 1327 242 1348 210
261 1317 535 1355 meum—hoc
556 1319 618 1356 est
645 1318 763 1356 cuius
781 1331 854 1367 ego
879 1320 974 1355 vtor
998 1317 1195 1356 familiari
1222 1316 1520 1355 consuetudine
1547 1329 1593 1354 ac
1618 1315 1862 1366 quotidiano

259 1394 383 1431 prope
400 1382 605 1430 conuictu,
622 1395 723 1431 quae
736 1384 858 1420 vetus
870 1382 1054 1420 hominis
1074 1384 1134 1420 est
1153 1384 1198 1420 in
1218 1395 1286 1420 me
1297 1381 1636 1420 humanitas—et
1648 1381 1862 1420 Ruzaeum

259 1447 437 1496 insuper.
461 1447 577 1485 cuius
596 1449 638 1485 et
657 1447 880 1497 singularis
900 1449 963 1486 est
984 1447 1184 1497 quaedam
1204 1447 1249 1485 in
1278 1460 1355 1485 nos
1374 1446 1675 1494 beneuolentia,
1702 1445 1861 1496 patritii

261 1512 417 1550 ordinis
443 1515 669 1551 summates
697 1513 820 1560 viros,
845 1512 897 1551 ab
925 1513 1186 1551 humanitate
1214 1512 1563 1562 politioribusque
1581 1504 1727 1550 'literis
1755 1511 1860 1550 bene

260 1577 488 1625 audientes,
512 1591 596 1617 non
619 1578 802 1616 afficiunt
824 1578 946 1616 modo
976 1580 1048 1617 aut
1073 1578 1291 1626 delectant,
1325 1578 1395 1617 sed
1419 1578 1543 1628 plane
1563 1579 1605 1616 et
1623 1577 1792 1627 capiunt
1820 1579 1860 1615 et

182 1654 239 1683 215
261 1655 435 1692 eousque
454 1643 622 1692 rapiunt
640 1645 686 1682 vt
706 1642 791 1681 illis
811 1644 1011 1681 Erasmus
1032 1656 1140 1682 vnus
1156 1643 1201 1681 in
1229 1643 1425 1682 manibus
1443 1645 1641 1692 versetur,
1660 1643 1860 1682 Erasmus

259 1720 366 1746 vnus
396 1707 528 1746 instar
556 1708 747 1746 omnium
768 1708 1071 1747 neotericorum
1090 1709 1301 1748 habeatur.
1360 1709 1415 1747 Et
1435 1721 1502 1746 me
1531 1708 1615 1746 iam
1632 1708 1861 1758 poenitebit

258 1774 482 1812 tantorunr
500 1773 685 1812 virorum
704 1773 893 1823 exempla
922 1774 1038 1824 sequi
1066 1777 1107 1812 et
1137 1774 1326 1824 vestigiis
1354 1777 1441 1812 tam
1465 1773 1588 1812 certis
1615 1773 1861 1812 inhaerere?>

257 1838 304 1874 vt
337 1836 481 1874 sileam
524 1836 695 1875 interim
734 1837 996 1875 Gulielmum
1030 1838 1261 1884 Budaeum,
1295 1837 1435 1876 virum
1467 1836 1778 1886 amplissimum
1819 1839 1860 1875 et

260 1900 417 1939 Galliae
437 1901 561 1940 huius
587 1905 750 1940 nostrae
771 1902 981 1953 singulare
1002 1903 1210 1952 quoddam
1230 1905 1521 1941 ornamentum
1548 1916 1593 1941 ac
1613 1903 1788 1952 gloriam
1814 1902 1860 1941 in

179 1982 239 2004 220
258 1967 390 2005 literis
409 1967 777 2017 incomparabilem
795 1984 803 2006 :
835 1968 907 2018 qui
927 1982 1022 2006 cum
1037 1982 1080 2007 se
1099 1968 1234 2007 tribus
1254 1968 1375 2007 nobis
1395 1969 1454 2018 (vt
1475 1970 1537 2006 est
1550 1967 1710 2018 ingenii
1725 1968 1859 2007 candi-

257 2030 437 2080 dissimi)
457 2033 832 2071 familiarissimum
852 2033 1054 2084 praebeat,
1081 2047 1259 2083 eumque
1278 2048 1353 2073 nos
1373 2035 1647 2084 praeceptoris
1665 2047 1711 2073 ac
1729 2034 1859 2073 veluti

256 2097 465 2146 Apollinis
499 2098 712 2137 cuiusdam
742 2098 830 2137 loco
859 2112 1115 2148 veneremur,
1146 2102 1264 2138 tuam
1299 2100 1399 2138 adeo
1429 2099 1718 2148 eruditionem,
1741 2101 1857 2138 tuam

257 2162 381 2200 istam
412 2163 688 2212 multiplicem
717 2164 953 2212 lectionem,
978 2164 1269 2214 eloquentiam,
1293 2165 1452 2214 copiam
1481 2164 1715 2214 praedicare
1737 2164 1859 2203 nobis

256 2240 340 2265 non
374 2230 512 2276 cessat,
550 2231 702 2278 tuaque
731 2229 883 2279 scripta
917 2230 1058 2268 omnia
1084 2230 1357 2280 magnifacere
1388 2232 1429 2268 et
1455 2230 1558 2277 albo,
1581 2229 1691 2280 quod
1725 2230 1854 2278 aiunt,

177 2308 236 2340 225
256 2292 409 2330 calculo
431 2293 644 2343 insignire.
704 2296 766 2333 Ac
786 2307 865 2333 nos
885 2308 993 2343 sane,
1015 2297 1061 2333 vt
1081 2295 1127 2333 in
1147 2295 1240 2334 aliis
1260 2295 1465 2344 omnibus,
1486 2295 1546 2333 ita
1565 2295 1610 2333 in
1631 2307 1678 2333 ea
1697 2308 1857 2346 quoque

255 2370 297 2395 re
316 2357 535 2396 Budaeum
556 2359 695 2408 ipsum
722 2359 1058 2398 emunctissimae
1079 2360 1190 2399 naris
1209 2360 1388 2399 iudicem
1409 2361 1469 2398 καὶ
1487 2362 1575 2410 ἡμῖν
1593 2362 1661 2410 μὲν
1680 2362 1727 2401 ὡς
1745 2358 1858 2410 Ἡρα-

257 2424 381 2461 κλείαν
401 2423 508 2462 λίθον
527 2424 615 2463 ὄντα
634 2425 850 2474 sequimur
869 2439 878 2473 3
906 2427 1022 2464 tanta
1041 2427 1103 2464 est
1122 2426 1232 2476 apud
1261 2439 1337 2465 nos
1356 2425 1542 2465 hominis
1556 2426 1621 2464 vel
1634 2425 1777 2475 religio
1789 2426 1856 2465 vel

258 2488 468 2527 autoritas.

310 2553 501 2601 Proinde,
539 2554 711 2593 Erasme
746 2555 1013 2605 amplissime,
1044 2556 1382 2606 quandoquidem
1408 2557 1639 2596 subodoror
1668 2570 1736 2595 me
1763 2570 1854 2607 pro-

178 2633 192 2654 2
199 2633 239 2664 30
257 2617 417 2656 lixitate
438 2618 519 2657 hac
540 2619 630 2666 tibi,
655 2620 827 2662 homini,
851 2624 962 2670 puto,
987 2622 1305 2671 occupatissimo
1326 2624 1366 2660 et
1386 2622 1522 2660 ocium
1545 2622 1657 2660 istud
1677 2622 1729 2670 (si
1747 2621 1856 2672 quod

258 2683 452 2731 suppetit)
472 2697 556 2722 non
585 2685 667 2723 nisi
688 2685 874 2736 legendis
893 2687 1233 2736 exquisitissimis
1259 2687 1423 2737 scriptis
1451 2699 1694 2726 consumere
1717 2687 1852 2734 solito,

306 2810 373 2849 195..
398 2804 445 2832 F:
470 2802 639 2834 deriuant
656 2807 692 2836 E.
832 2814 906 2845 203.
931 2805 1010 2844 ἐμοῦ
1026 2809 1056 2836 F
1071 2817 1078 2836 ε
1101 2805 1193 2836 ὀντὸς
1209 2805 1285 2845 ἐμοῦ
1300 2808 1339 2837 Ε.
1467 2817 1542 2845 224.
1566 2806 1795 2846 magnificare
1811 2809 1853 2837 N.

259 2853 331 2881 225.
360 2854 397 2874 111
410 2849 478 2881 pos?
495 2849 530 2876 vt
549 2856 606 2877 om.
624 2850 665 2878 H.

300 2973 370 2993 211.
399 2964 594 3007 Ruzaeum]
628 2968 679 2999 Cf.
707 2969 769 3009 Ep.
795 2979 871 3009 493.
895 2980 959 3009 420
982 2980 1018 3000 n.
1130 2972 1206 3001 226.
1253 2969 1456 3011 Ἡρακλείαν]
1495 2971 1569 3002 The
1601 2973 1770 3011 magnet3
1809 2971 1852 3003 ef.

257 3006 431 3038 Rusaeus:
458 3008 484 3038 E
503 3012 535 3038 in
552 3020 651 3048 mary.
1086 3013 1174 3045 Plat.
1201 3016 1260 3045 Ion
1282 3023 1346 3054 533
1357 3023 1391 3045 D.
