2010 3417
90 239 189 295 583]
433 243 585 283 FROM
627 245 898 285 BUDAEUS
938 245 1007 284 ΤΟ
1046 245 1344 286 TUNSTALL
1595 248 1676 286 563

88 352 307 403 fallacique
342 355 681 404 expenderentur.
742 355 818 394 Est
856 369 929 394 sua
966 355 1245 406 philosophiae
1284 357 1399 404 libra,
1440 370 1564 406 quani
1602 370 1677 396 1166

87 417 223 456 forum
261 419 471 458 venalium
509 433 583 459 nec
618 420 808 459 iudiciale
845 421 974 468 nouit,
1015 421 1126 470 quod
1164 421 1285 460 rebus
1323 422 1412 472 ipsa
1441 423 1606 462 caducis
1638 425 1679 462 et

85 485 272 532 tempore
310 484 505 534 perituris
543 485 875 525 aestimationem
913 486 1057 535 quanti
1095 486 1270 524 minimo
1303 488 1458 534 statuit,
1499 488 1681 527 aeternis

85 550 226 588 autem
264 551 409 600 quanti
454 551 645 601 plurimo,
694 564 746 589 ne
783 564 807 590 a
842 551 980 589 verbis
1025 551 1127 589 iuris
1167 552 1430 591 conditorum
1475 554 1674 591 recedam.

86 614 339 654 Huiusmodi
358 616 656 655 aestimationis
674 617 856 654 fructum
878 615 1121 665 Philologia,
1140 617 1269 655 altera
1288 617 1394 655 mihi
1415 618 1606 666 coniunx,
1628 632 1678 657 ex
1698 631 1739 664 95

88 680 183 719 dote
201 694 275 719 sua
293 681 462 719 tandem
482 683 718 731 perceptum
738 682 795 719 ire
815 694 882 719 me
903 681 1079 719 subinde
1106 681 1212 719 mihi
1231 683 1405 731 spondet
1422 697 1431 722 ε
1460 696 1585 733 quam
1605 697 1680 734 ego

86 758 171 784 non
201 759 315 784 more
346 747 595 785 nostratium
630 747 850 785 hominum
882 746 1078 787 deamare,
1116 747 1186 785 sed
1221 747 1370 786 misere
1408 749 1591 797 deperire
1629 749 1681 787 ab

84 810 229 849 amicis
247 811 352 849 meis
371 812 676 861 gentilibusque
700 811 969 862 iurgabundis
995 811 1170 850 dictitor.
1242 812 1305 850 Ex
1332 826 1412 862 quo
1433 814 1546 851 enim
1565 814 1681 852 illam

85 876 130 914 in
158 877 329 915 domum
358 890 492 915 meam
521 877 677 924 induxi,
704 889 779 915 1166
808 876 988 915 fortunis
1014 890 1089 915 1166
1114 877 1357 925 valetudini,
1380 881 1426 916 vt
1452 879 1532 927 ipsi
1551 879 1680 927 aiunt,

85 942 195 980 recte
214 941 470 980 consuluisse
489 942 603 981 visus
622 955 729 980 sum.
786 942 833 979 Id
854 942 961 992 quod
977 955 1072 980 cum
1084 942 1191 980 mihi
1209 942 1317 980 vicio
1338 943 1425 981 iure
1444 944 1509 981 vel
1528 944 1682 982 iniuria

86 1008 281 1055 vertatur,
303 1006 465 1045 homini
485 1020 554 1045 sex
574 1007 716 1046 liberis
736 1009 856 1045 aucto
882 1007 1083 1055 vnicaque
1113 1006 1249 1055 filiola,
1272 1007 1322 1045 ab
1347 1007 1400 1046 iis
1420 1009 1591 1057 quidem
1611 1010 1681 1058 qui

86 1083 128 1110 se
164 1071 256 1110 ideo
293 1071 403 1121 frugi
441 1085 529 1110 esse
567 1071 759 1110 homines
799 1073 978 1119 censent,
1019 1072 1126 1121 quod
1165 1072 1439 1121 argentariam
1476 1073 1607 1112 facere
1636 1087 1682 1112 ac

84 1137 334 1186 patrimonia
362 1138 631 1187 quantumuis
659 1137 798 1186 ampla
826 1136 1087 1175 architectari
1110 1137 1261 1185 norint,
1284 1137 1393 1176 haud
1420 1138 1521 1176 dum
1541 1141 1682 1177 tamen

83 1202 222 1240 vxoris
240 1201 446 1241 illecebris
466 1216 512 1241 ac
535 1203 764 1252 puerilibus
783 1202 1091 1250 blandimentis,
1114 1203 1173 1240 rei
1196 1202 1415 1241 familiaris
1443 1204 1683 1252 procacibus

84 1268 376 1315 auocamentis‚
399 1268 655 1306 medicorum
676 1268 906 1306 minacibus
925 1268 1166 1315 interdictis,
1191 1267 1366 1318 denique
1391 1269 1527 1307 morbi
1546 1269 1680 1308 taedio

83 1345 128 1370 ac
165 1333 415 1381 carnificina,
456 1334 603 1372 adduci
640 1335 710 1372 aut
748 1333 919 1382 perpelli
956 1333 1073 1382 potui
1110 1335 1155 1371 vt
1189 1333 1315 1372 huius
1353 1334 1529 1384 Aegerie
1566 1348 1681 1374 meae

84 1411 305 1448 congressu
336 1398 494 1445 diurno,
526 1400 743 1446 nocturno,
780 1398 902 1442 domi,
936 1411 1112 1448 peregre,
1136 1398 1222 1436 ruri
1251 1401 1323 1437 aut
1353 1398 1396 1436 in
1434 1399 1533 1438 vrbe
1562 1399 1683 1438 absti-

83 1476 236 1502 nerem.
297 1463 372 1502 Oui
401 1464 526 1502 etiam
555 1464 648 1502 tum
677 1463 757 1512 ipsi
786 1476 881 1501 cum
914 1476 1046 1501 annos
1076 1463 1228 1501 abhinc
1258 1464 1474 1502 duodecim
1511 1477 1681 1503 vxorem

83 1528 273 1567 ducerem
285 1528 512 1567 liberorum
528 1541 717 1566 meorum
733 1530 920 1576 matrem,
944 1530 1085 1567 contra
1100 1529 1287 1566 omnium
1301 1529 1429 1567 ferme
1444 1529 1683 1568 vxoriorum

83 1592 303 1632 hominum
326 1594 574 1643 opinionem,
592 1593 794 1632 nuncium
814 1607 898 1632 non
918 1594 1082 1632 remisi:
1112 1594 1170 1632 sic
1190 1594 1303 1632 enim
1325 1595 1556 1633 statuebam
1576 1595 1682 1633 mihi

84 1671 171 1696 esse
188 1658 440 1708 faciundum,
463 1661 510 1698 vt
535 1659 752 1709 coniugem
782 1659 949 1708 quidem
978 1659 1207 1708 legitimam
1236 1659 1430 1697 haberem
1460 1660 1681 1699 liberorum

83 1726 310 1773 parentem,
333 1738 383 1763 ex
409 1724 648 1773 Philologia
672 1726 810 1762 autem
838 1723 976 1772 libros,
1000 1723 1043 1762 id
1069 1726 1130 1761 est
1154 1725 1338 1762 nominis
1364 1725 1446 1762 mei
1471 1728 1681 1764 aeternam

83 1789 338 1837 memoriam,
389 1789 425 1827 si
472 1788 689 1839 ingenium
744 1788 949 1827 mediocre
1003 1788 1256 1828 industriam
1313 1803 1398 1828 non
1453 1790 1678 1839 defecisset,

82 1853 334 1907 prolemque*
353 1854 635 1892 immortalem
663 1853 884 1903 gignerem.
959 1853 1128 1892 Liberos
1166 1854 1248 1892 iam
1281 1853 1436 1903 plureis
1468 1855 1681 1905 aliquanto

84 1931 208 1968 quam
245 1919 372 1957 libros
410 1918 547 1968 genui,
588 1919 682 1967 plus
714 1918 873 1968 corpori
909 1919 1081 1956 fortasse
1114 1931 1239 1968 quam
1272 1919 1412 1958 animo
1446 1920 1676 1971 indulgens.

84 1984 271 2032 Posthac,
303 1985 350 2023 vt
378 1997 505 2033 spero,
537 1986 810 2022 marcescente
840 1997 1003 2034 corpore
1036 1985 1201 2022 animus
1230 1984 1275 2021 in
1303 1985 1391 2023 dies
1421 1986 1606 2036 vegetior
1638 1988 1680 2025 et

83 2048 262 2087 viuidior
298 2049 381 2087 fiet.
473 2049 692 2098 Vtrunque
729 2050 867 2087 autem
902 2048 1030 2087 simul
1069 2061 1118 2086 ex
1156 2062 1285 2098 aequo
1322 2049 1555 2099 prolificum
1591 2064 1679 2090 esse

85 2114 239 2163 nequit,
278 2113 350 2152 sed
388 2127 482 2152 cum
521 2113 713 2152 emeritae
747 2113 963 2152 facultates
993 2113 1172 2163 corporis
1209 2127 1296 2152 esse
1335 2115 1552 2165 coeperint,
1588 2117 1680 2154 tum

85 2179 255 2217 demum
283 2178 443 2217 viribus
476 2178 607 2217 animi
640 2178 847 2228 stipendia
883 2179 1003 2228 plene
1035 2179 1264 2228 procedent.
1344 2179 1398 2218 In
1430 2181 1508 2219 hoc
1538 2183 1679 2220 autem

83 2244 316 2283 studiorum
344 2256 561 2294 progressu
589 2245 711 2293 atque
737 2243 866 2282 etiam
895 2257 1092 2293 procursu
1123 2257 1315 2294 persaepe
1347 2245 1555 2284 inhibitus
1583 2259 1677 2285 sum
1721 2260 1734 2280 2

84 2323 129 2348 ac
146 2322 271 2360 prope
292 2310 522 2347 retroactus
541 2308 712 2347 aduersa
730 2308 976 2357 valetudine,
1002 2321 1104 2358 quae
1124 2309 1229 2347 mihi
1249 2310 1420 2360 negocia
1437 2313 1524 2349 tam
1544 2311 1679 2350 multa

82 2374 280 2423 exhibuit,
324 2376 366 2412 vt
398 2387 481 2412 non
513 2373 641 2412 semel
674 2374 877 2422 impetum
915 2373 1117 2423 coeperim
1148 2374 1258 2413 vitae
1295 2388 1318 2414 a
1355 2389 1421 2414 me
1458 2375 1677 2414 institutae

82 2442 270 2478 tenorem
290 2438 563 2489 abrumpendi
587 2440 627 2477 et
652 2438 829 2477 desidiae
857 2440 980 2488 atque
1004 2439 1179 2477 inertiae
1204 2439 1397 2478 affectum
1420 2440 1503 2479 iam
1531 2453 1678 2490 corpus

127 2570 179 2600 92.
206 2558 300 2598 quod
314 2561 360 2590 D:
386 2568 475 2597 quae
491 2560 525 2594 β.
659 2569 711 2597 94.
737 2559 963 2590 conditorum
979 2561 1029 2590 D:
1054 2559 1305 2599 -prudentium
1321 2561 1355 2593 β.
1470 2561 1522 2599 98.
1547 2561 1678 2592 amicis

84 2605 174 2635 meis
195 2605 247 2633 D:
277 2602 417 2642 agnatis
439 2603 473 2636 β.
608 2601 840 2642 iurgabundis
864 2604 936 2633 add.
962 2604 995 2636 β.
1170 2613 1223 2642 99.
1255 2604 1295 2633 vt
1318 2603 1387 2643 ipsi
1411 2603 1515 2634 aiunt
1539 2606 1612 2636 add.
1639 2606 1679 2639 β.

87 2657 158 2679 101.
184 2646 289 2676 vnica
305 2647 337 2680 β.
456 2655 527 2684 104.
553 2647 672 2676 vxoris
687 2647 736 2676 D:
759 2647 821 2676 aut
837 2646 970 2676 vxoriis
985 2647 1017 2679 β.
1107 2655 1146 2676 ac
1161 2648 1190 2676 D
1205 2657 1212 2676 :
1234 2648 1296 2677 aut
1311 2647 1345 2680 β.
1438 2648 1498 2677 aut
1521 2650 1592 2677 ante
1608 2649 1674 2687 rei,

84 2690 315 2729 medicorum,
334 2688 489 2727 denique
505 2691 580 2720 add.
597 2690 630 2723 β.
767 2689 838 2719 108.
863 2689 972 2719 etiam
989 2691 1068 2720 tum
1085 2691 1159 2720 add.
1176 2690 1211 2723 β.
1343 2699 1414 2728 109.
1439 2690 1608 2722 ducerem
1625 2694 1676 2723 D:

83 2733 200 2773 accepi
217 2734 251 2767 β.
402 2741 473 2763 110.
500 2731 707 2771 opinionem
722 2734 773 2762 D:
798 2741 930 2763 morem
946 2733 978 2766 β.
1071 2733 1121 2764 sic
1136 2733 1234 2763 enim
1250 2733 1448 2764 statuebam
1465 2736 1494 2763 D
1508 2744 1515 2764 :
1539 2734 1676 2774 quippe

84 2778 147 2817 qui
163 2777 213 2808 sic
229 2776 435 2807 statuissem
452 2777 486 2810 β.
594 2785 664 2806 112.
691 2785 734 2806 ex
749 2775 943 2815 philologia
959 2777 1079 2806 autem
1096 2778 1144 2806 D:
1169 2778 1348 2807 caeterum
1365 2786 1408 2806 ex
1424 2776 1622 2817 philologia
1638 2780 1674 2812 β.

84 2821 122 2852 id
138 2822 191 2851 est
205 2822 256 2850 D:
277 2819 304 2850 81
320 2820 353 2852 β.
472 2828 542 2858 113.
569 2820 599 2849 si
616 2819 803 2858 ingenium
821 2842 828 2850 .
850 2842 857 2850 .
876 2842 885 2851 .
904 2818 1088 2850 defecisset
1105 2821 1180 2850 add.
1199 2820 1232 2853 β.
1338 2821 1409 2851 116.
1435 2822 1676 2852 marcescente

83 2868 129 2895 D:
154 2865 336 2894 marcente
352 2862 484 2894 sensim
500 2864 536 2897 β.
638 2863 708 2894 118.
733 2862 793 2893 sed
808 2864 854 2892 D:
880 2864 917 2893 at
932 2863 965 2896 β.
1055 2864 1134 2892 tum
1149 2864 1194 2893 F:
1218 2864 1339 2893 tamen
1356 2865 1394 2894 D.
1499 2873 1568 2904 119.
1597 2873 1677 2904 pro-

80 2907 212 2939 cedent
226 2909 255 2937 D
269 2917 277 2937 :
300 2915 508 2946 processura
521 2907 606 2937 sunt
621 2907 654 2940 β.
793 2915 866 2937 120.
889 2907 995 2945 atque
1012 2905 1121 2937 etiam
1139 2915 1310 2945 procursu
1326 2908 1400 2938 adel.
1418 2906 1453 2940 β.

132 3011 202 3042 108.
229 3008 432 3049 duodecim]
456 3008 543 3039 This
562 3017 703 3048 passage
727 3009 757 3038 is
780 3008 843 3039 the
911 3017 983 3039 was
1012 3008 1096 3048 only
1126 3018 1175 3047 15,
1205 3018 1277 3040 was
1305 3009 1455 3041 Roberte
1482 3010 1529 3042 Le
1556 3011 1674 3052 Lieur,

84 3055 156 3086 sole
172 3053 357 3091 authority
370 3053 425 3084 for
440 3052 503 3083 the
520 3052 602 3082 date
619 3051 658 3082 of
670 3052 844 3082 Budaeus'
913 3051 951 3081 of
973 3061 993 3082 a
1017 3052 1176 3082 Norman
1200 3052 1327 3092 family
1350 3054 1479 3084 settled
1502 3055 1540 3086 in
1565 3055 1676 3087 Paris.

83 3098 267 3137 marriage.
317 3096 385 3127 His
401 3096 492 3136 wife,
510 3096 592 3126 who
615 3097 651 3126 at
673 3095 742 3127 the>
759 3096 846 3126 time
913 3095 977 3126 See
995 3095 1205 3136 Delaruelle,
1229 3098 1262 3127 G.
1280 3098 1377 3137 Βιιιῖέ,
1397 3107 1429 3137 p.
1446 3098 1499 3136 84.

822 3162 934 3189 002

1703 958 1765 980 100

1704 1283 1765 1316 105

1705 1610 1766 1632 110

1700 1935 1760 1967 115
