2010 3417
269 133 346 172 178
732 132 982 171 LETTERS
1021 131 1090 170 OF
1126 130 1392 171 ERASMUS
1729 127 1769 184 [ι
1778 139 1800 178 5
1809 141 1824 167 1
1833 137 1856 176 5

266 241 376 281 graph
394 249 466 270 was
482 239 683 280 preserved,
698 239 771 270 like
795 239 857 279 Ep.
875 240 939 277 366
963 239 1033 270 and
1056 238 1120 269 the
1136 238 1250 278 rough
1272 237 1370 269 draft
1393 237 1432 268 of
1452 237 1515 278 Ep.
1534 239 1608 278 376,
1627 238 1676 278 by
1691 239 1859 270 Boniface

266 283 485 357 Al'lllffgbdsse
508 326 639 356 cannot
662 325 705 356 be
729 324 906 364 certainly
922 323 1171 363 determined;
1197 324 1262 355 but
1284 324 1348 355 the
1364 324 1531 355 mention
1553 323 1591 355 of
1613 324 1744 356 Zasius’
1767 324 1859 356 book

268 370 337 400 and
355 370 416 400 the
433 379 588 409 message
604 370 640 400 to
657 368 827 400 Boniface
845 370 986 409 suggest
1002 368 1082 399 that
1099 368 1176 400 this
1191 368 1298 399 letter
1313 377 1469 399 answers
1485 367 1548 408 Ep.
1565 366 1660 407 376.]

757 467 962 498 ERASMVS
991 466 1122 497 ZASIO
1155 467 1237 497 SVO
1269 467 1302 497 S.
1327 466 1371 498 D.

319 546 406 584 V1x
437 547 528 585 tuas
556 547 676 586 licuit
704 547 841 597 legere
869 548 1041 597 litteras,
1064 548 1124 586 mi
1153 547 1260 597 Zasi,
1282 547 1434 597 quibus
1453 547 1609 597 alioqui
1627 546 1735 586 nihil
1763 546 1862 586 acci-

273 612 365 650 dere
393 614 529 662 potest
558 612 790 652 iucundius.
847 613 955 662 Quid
984 626 1058 663 ego
1087 612 1242 652 librum
1267 615 1390 652 tuum
1424 612 1690 652 collaudem?
1746 611 1863 651 Com-

265 677 416 727 pendio
436 677 581 718 dicam.
656 678 857 717 Zasianus
876 680 950 726 est,
972 678 1050 717 hoc
1070 679 1132 717 est
1151 677 1500 727 absolutissimus,
1529 677 1680 728 dignus
1699 676 1771 727 qui
1790 676 1864 715 fiat

266 743 357 781 orbi
380 744 624 783 communis.
656 745 723 783 Ad
740 744 782 783 id
802 744 1093 791 adiutabimus,
1116 744 1242 783 simul
1262 745 1385 794 atque
1406 743 1569 783 vacabit
1591 742 1769 793 (vacabit
1797 755 1863 781 au-

229 825 245 856 5
266 810 351 847 tem
378 809 489 847 intra
510 809 743 859 bimestre):
784 822 1020 860 quanquam
1054 810 1216 848 Thoma
1247 809 1371 848 citato
1404 808 1599 847 nonnihil
1632 807 1864 858 inquinasti

265 873 527 925 splendorem
556 876 628 913 tue
658 874 865 914 dictionis.
921 875 1080 914 Verum
1108 875 1149 913 id
1177 875 1261 914 scio
1282 874 1433 924 quibus
1458 873 1655 913 tribueris
1680 875 1720 912 et
1749 873 1863 921 fer03

267 939 439 978 mallem
458 939 614 989 alioqui
640 942 886 990 perpetuum
915 939 1038 978 illum
1062 939 1235 978 Zasiane
1265 939 1460 978 dictionis
1489 951 1657 978 cursum
1685 951 1730 977 ac
1754 940 1865 976 teno-

267 1018 367 1044 rem.
427 1005 586 1044 Deinde
615 1005 837 1044 Erasmum
867 1005 996 1044 nimis
1025 1007 1213 1044 amanter
1247 1004 1358 1054 citas,
1393 1004 1471 1043 hoc
1502 1006 1564 1042 est
1587 1004 1707 1054 longe
1741 1016 1866 1053 supra

267 1070 476 1109 meritum.
537 1070 652 1108 Bene
677 1070 779 1109 vale.

213 1151 250 1174 10
322 1135 585 1174 Bonifacium
609 1149 694 1174 non
724 1149 807 1175 vno
830 1136 998 1174 nomine
1027 1135 1148 1175 vnice
1177 1135 1314 1185 diligo,
1343 1135 1393 1173 de
1421 1148 1501 1185 quo
1530 1147 1629 1173 sane
1655 1145 1865 1172 summam

268 1213 384 1250 spem
404 1200 582 1251 concepi.
641 1200 763 1240 Mitto
784 1203 826 1240 et
845 1201 1020 1239 alteram
1040 1200 1258 1250 epistolam
1288 1200 1391 1239 olim
1420 1200 1470 1238 ad
1498 1201 1538 1238 te
1568 1198 1766 1249 scriptam
1794 1197 1865 1237 sed

270 1265 475 1304 obliuione
495 1265 680 1304 ministri
699 1266 889 1305 relictam
908 1266 1017 1316 apud
1036 1279 1115 1305 me.
1157 1266 1314 1305 Probat
1334 1267 1375 1304 et
1389 1266 1543 1304 Beatus
1559 1265 1715 1303 librum
1730 1266 1864 1311 tuum,

270 1334 315 1370 tu
330 1344 425 1370 cura
439 1333 484 1370 vt
498 1331 738 1370 absoluatur
759 1346 767 1379 3
797 1334 849 1379 et,
869 1332 905 1370 si
920 1332 1010 1370 fieri
1024 1332 1171 1381 potest,
1193 1331 1349 1381 <velim
1363 1332 1501 1369 totum
1515 1343 1627 1380 opus,
1642 1342 1728 1368 non
1743 1328 1867 1368 modo

270 1398 315 1435 in
335 1396 402 1435 his
422 1409 499 1446 que
518 1396 682 1446 proprio
702 1396 830 1435 Marte
853 1396 1084 1446 scripsisti>
1107 1409 1256 1435 verum
1276 1396 1402 1435 etiam
1434 1395 1480 1433 in
1508 1395 1560 1433 iis
1580 1408 1659 1444 que
1686 1395 1790 1433 citas
1814 1406 1867 1433 ex

214 1474 249 1506 15
270 1475 416 1512 parum
437 1461 632 1512 expolitis
651 1461 874 1510 autoribus,
897 1463 1038 1500 tamen
1058 1461 1233 1500 Zasiano
1253 1461 1391 1511 lepore
1411 1460 1648 1499 conuestiri.

377 1548 702 1599 Incomparabili
722 1547 766 1587 ll.
787 1547 943 1587 doctori
963 1547 1186 1587 Vdalricho
1209 1547 1340 1587 Zasio.
1401 1547 1604 1597 Friburgi.

715 1679 809 1719 380.
874 1677 1004 1719 FROM
1035 1677 1223 1720 ULRICH
1254 1677 1432 1720 ZASIUS.

319 1768 504 1803 Deventer
521 1766 600 1802 MS.
619 1777 674 1813 91,
696 1767 720 1804 f.
741 1778 818 1803 202.
1505 1765 1744 1813 (Freiburg.)

321 1826 393 1861 LB.
410 1826 505 1871 App.
523 1835 578 1869 41.
1429 1826 1473 1861 26
1492 1825 1699 1861 December
1720 1833 1823 1870 1515.

317 1905 531 1948 [Evidently
547 1905 732 1946 following
748 1906 812 1946 Ep.
829 1907 913 1946 376;
939 1906 1001 1946 Ep.
1021 1916 1085 1946 379
1101 1915 1215 1937 seems
1232 1908 1295 1937 not
1313 1908 1349 1937 to
1365 1905 1456 1937 have
1474 1906 1625 1937 reached
1642 1906 1764 1937 Zasius
1780 1904 1871 1946 yet.]

330 1984 368 2023 S.
392 1983 438 2022 P.
464 1983 512 2022 D.
557 1981 814 2022 Frobennius
835 1986 986 2033 noster,
1010 1997 1158 2034 magne
1177 1984 1357 2032 Erasme,
1377 1983 1567 2022 litterarii
1583 1985 1694 2023 orbis
1712 1983 1867 2033 lumen,

276 2049 480 2100 profundo
501 2048 624 2086 hodie
653 2049 891 2097 crepusculo
919 2049 1099 2097 veniens,
1122 2049 1329 2087 matutino
1355 2049 1536 2087 crastino
1564 2049 1725 2088 abitum
1752 2049 1872 2088 moli-

277 2116 344 2152 tus
365 2115 436 2161 est,
459 2127 533 2151 nec
554 2112 591 2151 ei
610 2113 854 2152 familiarius
880 2114 1181 2153 communicare
1200 2115 1330 2163 potui,
1355 2115 1456 2164 quin
1477 2116 1583 2153 certe
1606 2114 1735 2164 (tibi)
1757 2115 1872 2153 salue

277 2178 455 2218 dicerem
475 2180 515 2216 et
534 2177 634 2217 vale.
688 2178 807 2217 Salue
828 2179 977 2229 itaque,
996 2179 1062 2218 vir
1081 2179 1284 2227 salutaris,
1309 2179 1359 2216 de
1381 2178 1498 2218 cuius
1518 2179 1651 2217 salute
1669 2178 1872 2217 litteraria

240 2259 257 2291 5
277 2243 387 2282 salus
417 2244 457 2280 et
485 2242 652 2292 quidem
691 2243 870 2282 maxime
898 2244 1060 2294 pendet.
1130 2244 1232 2283 Vale
1265 2257 1396 2294 porro,
1426 2258 1450 2283 a
1489 2244 1606 2282 cuius
1633 2243 1872 2282 valetudine

278 2308 465 2367 omnium
495 2307 728 2346 studiorum
753 2308 945 2348 valetudo
972 2310 1181 2357 increscat,
1207 2322 1287 2360 quo
1315 2309 1480 2348 valente
1514 2309 1743 2357 Germania,
1766 2310 1874 2348 sicut

321 2394 397 2424 379.
422 2403 452 2425 2.
478 2394 617 2433 poterat
635 2396 673 2424 E.
804 2406 834 2434 4.
861 2394 1114 2426 adiuuabimus
1130 2398 1180 2426 E:
1202 2397 1242 2432 cf.
1259 2397 1318 2432 Ep.
1337 2405 1411 2434 377.
1431 2406 1450 2426 2
1464 2406 1497 2427 η.
1624 2405 1654 2435 5.
1678 2396 1814 2427 Thoma
1830 2407 1873 2428 a:

278 2438 459 2477 Aquinate
481 2440 557 2468 tam
581 2436 732 2468 subinde
747 2440 788 2469 E.
963 2439 992 2469 8.
1018 2439 1159 2470 Deinde
1181 2449 1223 2469 a:
1255 2438 1401 2469 dicendi
1424 2442 1461 2470 E.
1643 2449 1692 2472 11.
1716 2440 1872 2471 alterum

278 2481 484 2521 epistolium
501 2505 509 2512 .
528 2505 535 2512 .
553 2505 560 2512 .
579 2481 750 2520 scriptum
768 2505 776 2512 .
797 2506 804 2513 .
822 2505 830 2512 .
849 2491 898 2512 12.
923 2482 1091 2513 relictum
1102 2485 1141 2513 E.
1234 2492 1283 2521 14.
1308 2492 1433 2513 verum
1450 2483 1559 2514 etiam
1577 2483 1615 2513 in
1633 2483 1678 2513 iis
1695 2495 1715 2513 α
1731 2494 1738 2514 :
1761 2483 1871 2514 velim

278 2534 319 2555 ea
336 2534 474 2564 quoque
487 2526 524 2555 Ε.
571 2526 679 2562 Liquet
693 2527 790 2555 deesse
805 2527 935 2563 aliquid.
1108 2535 1155 2565 15.
1184 2525 1336 2557 Rursum
1352 2526 1428 2556 vale
1441 2530 1509 2563 post
1525 2528 1720 2558 conuestiri
1738 2529 1811 2558 add.
1828 2529 1869 2558 E.

284 2569 332 2599 16.
359 2567 640 2607 Incomparabili
656 2590 664 2600 .
684 2591 692 2600 .
709 2591 718 2600 .
737 2568 901 2609 Friburgi
917 2579 974 2600 om.
992 2571 1030 2600 E.
1172 2569 1247 2600 380.
1271 2580 1303 2609 3.
1326 2570 1358 2600 ci
1375 2572 1523 2608 Rieyqer:
1547 2571 1604 2601 cui
1620 2573 1691 2602 MS.
1780 2579 1873 2601 com-

280 2611 462 2642 municare
479 2613 603 2650 Rieyqer
617 2622 624 2641 ε
647 2612 781 2655 coici-idi
792 2614 862 2644 MS.
950 2612 1019 2643 tibi
1035 2614 1107 2644 add.
1122 2615 1260 2651 Rieyqer.
1374 2624 1404 2652 4.
1430 2614 1473 2644 de
1489 2617 1642 2644 incertum
1657 2625 1665 2644 ε
1688 2615 1873 2645 oblitterauit

281 2661 344 2690 LB.
434 2659 612 2689 litteraria
627 2661 681 2690 LB
695 2671 702 2690 :
727 2660 830 2691 lraris
846 2663 913 2691 MS.

327 2759 401 2790 379.
441 2769 471 2798 5.
510 2759 662 2801 Thema]
701 2760 740 2791 If
770 2759 844 2790 this
878 2760 986 2791 letter
1018 2760 1048 2791 is
1109 2760 1248 2791 edition
1264 2761 1302 2791 of
1319 2761 1451 2792 Zasius'
1467 2763 1722 2791 Lucum-alienes.

288 2801 424 2842 rightly
450 2802 585 2843 placed,
612 2803 641 2834 it
672 2812 784 2834 seems
815 2803 895 2834 that
925 2803 1049 2835 Zasius
1156 2813 1203 2835 11.
1226 2804 1431 2845 epistolam]
1457 2804 1613 2844 Perhaps
1633 2804 1698 2843 Ep.
1714 2802 1788 2841 366,
1807 2801 1874 2832 the

287 2845 386 2875 acted
423 2854 518 2885 upon
558 2846 633 2877 this
664 2847 858 2884 criticism3
897 2846 952 2878 for
985 2847 1048 2878 the
1109 2848 1304 2888 autograph
1321 2848 1359 2879 of
1368 2848 1490 2878 which
1503 2847 1568 2878 has
1580 2848 1669 2877 been
1681 2844 1874 2885 preserved

285 2896 389 2918 name
414 2889 451 2919 of
470 2889 633 2928 Aquinas
656 2889 787 2928 hardly
808 2899 940 2931 occurs,
960 2891 992 2921 if
1011 2893 1048 2922 at
1109 2891 1201 2922 with
1223 2891 1308 2923 this.
1355 2891 1466 2922 There
1483 2892 1513 2921 is
1529 2899 1652 2921 reason
1668 2890 1705 2920 to
1722 2897 1875 2928 suppose

286 2929 345 2967 all,
366 2931 404 2960 in
420 2931 481 2962 the
502 2934 544 2963 De
561 2935 678 2971 oriqine
694 2935 787 2964 iuris.
1110 2934 1192 2965 that
1212 2935 1241 2965 it
1261 2935 1324 2966 did
1347 2936 1411 2965 not
1435 2934 1539 2965 reach
1562 2933 1683 2964 Zasius
1705 2933 1742 2963 at
1763 2940 1874 2971 once3

331 2973 359 3003 8.
388 2973 592 3016 Erasmum]
618 2976 680 3007 See
703 2986 737 3016 p.
757 2985 795 3016 15
819 2976 857 3007 of
878 2977 938 3008 the
966 2977 1048 3016 1518
1110 2977 1154 3009 cf.
1173 2977 1234 3018 Ep.
1251 2979 1324 3017 367.
1343 2988 1383 3017 27
1401 2987 1435 3008 n.
