2010 3417
83 199 180 254 563]
447 201 598 241 FROM
635 202 787 242 JOHN
826 201 1310 241 OECOLAMPADIUS

80 312 412 362 suauiloquentia
423 311 557 350 adhuc
568 310 745 350 oblectat
759 324 889 359 aures,
909 311 1109 361 obstrepit
1124 315 1196 349 τῶν
1207 314 1411 361 παροιμιῶν
1426 310 1669 360 frequentia,

81 376 350 415 subtinniunt
363 377 550 416 virorum
564 377 818 426 optimorum
833 376 986 421 laudes,
999 376 1105 414 Mori
1121 376 1267 424 ciuilis,
1283 377 1466 426 inquam,
1484 378 1526 414 et
1539 375 1673 414 Goleti
1696 388 1732 419 15

82 441 278 492 religiosi.
334 442 539 480 Insonant
567 442 896 492 epiphonemata,
930 441 1036 480 illud
1067 441 1272 491 inprimis,
1308 442 1411 480 illud
1446 441 1674 480 laudatissi-

81 519 210 555 mum,
234 507 338 546 illud
359 520 537 555 aureum,
559 507 666 545 nihil
690 507 734 544 in
764 507 890 545 sacris
909 506 1041 544 literis
1066 509 1227 556 praeter
1246 507 1462 545 Christum
1481 519 1673 556 quaeren-

81 571 192 611 dum.
265 573 450 622 Tamque
469 573 704 622 praesenter
728 572 826 609 haec
851 571 1003 609 adsunt
1026 574 1073 610 vt
1094 571 1227 610 adhuc
1246 572 1297 610 ab
1318 585 1386 610 ore
1406 575 1477 610 tuo
1497 571 1674 621 pendere

82 635 188 674 mihi
206 637 347 676 videar
365 650 498 687 neque
517 637 623 675 mihi
643 637 730 686 ipse
749 636 831 685 ipsi
850 649 938 674 esse
957 637 1221 685 praesentior.

136 701 371 740 Obliuiscor
399 702 574 740 subinde
598 714 710 740 meae
736 699 992 739 humilitatis
1018 701 1062 738 in
1092 703 1131 738 te
1160 701 1403 739 admirando
1431 701 1672 750 occupatior,

83 767 246 815 quoties
275 767 499 816 paruulum
529 767 645 809 illud,
687 779 850 805 sacrum
886 767 1029 803 tamen
1068 768 1109 804 et
1147 766 1436 804 dulcissimum
1467 765 1676 804 amiciciae

81 833 413 879 monumentum,
431 832 549 883 ἀρχὴν
559 834 625 869 τοῦ
638 832 855 883 εὐαγγελίου
867 832 960 868 κατὰ
971 829 1144 879 Ἰωάννην
1157 831 1418 869 (leosculatus
1430 843 1534 877 sum,
1549 841 1676 879 eoque

82 897 203 943 tacto,
226 909 307 946 quo
332 910 417 935 non
447 896 560 935 aliud
589 896 772 935 sanctius
802 895 1054 934 Christianis
1078 895 1373 943 iuramentum,
1407 896 1580 933 Erasmo
1608 907 1676 933 me

82 960 243 1000 deuoui.
302 961 426 1000 Matri
464 962 690 1000 donaturus
726 973 851 1008 eram,
890 960 928 998 si
965 973 1049 998 non
1079 961 1187 999 tanti
1217 961 1325 1010 apud
1359 974 1426 999 me
1463 961 1672 998 Erasmus.

83 1025 289 1064 Crucifixo
315 1039 408 1065 meo
435 1027 542 1074 Iesu,
566 1039 702 1064 coram
731 1039 812 1075 quo
839 1025 1026 1075 preculas
1050 1026 1230 1073 effundo,
1252 1026 1539 1075 appenderam‚
1561 1026 1609 1063 vt
1636 1026 1678 1062 te
1699 1040 1736 1071 25

82 1092 279 1141 tuamque
296 1091 512 1130 fortunam
530 1091 593 1129 illi
612 1090 946 1130 commendarem
974 1090 1049 1139 (ita
1074 1090 1186 1128 enim
1206 1090 1421 1140 flagitabas
1440 1092 1482 1128 et
1501 1089 1678 1128 charitas

83 1155 226 1205 exigit)
246 1169 379 1206 neque
399 1170 423 1194 a
441 1157 507 1195 tui
525 1156 727 1195 memoria
745 1155 812 1193 vel
825 1156 934 1193 inter
959 1167 1073 1193 sacra
1093 1155 1300 1193 auellerer.
1361 1153 1678 1204 Imprudentius

82 1223 224 1259 tamen
251 1221 442 1260 amiculis
465 1222 509 1260 τὸ
533 1222 724 1271 κειμήλιον
746 1220 963 1267 ostentaui,
994 1220 1175 1270 glorians
1203 1220 1254 1258 ab
1282 1220 1413 1258 amico
1438 1219 1678 1258 dulcissimo

82 1286 339 1336 profectum;
368 1287 479 1325 vnde
507 1286 665 1324 factum
694 1288 740 1324 vt
779 1285 968 1335 Harpyia
1006 1285 1144 1323 nescio
1184 1298 1287 1334 quae
1327 1284 1560 1334 sublegerit,
1595 1297 1679 1322 non

81 1351 280 1390 mediocri
298 1352 429 1390 animi
449 1352 533 1390 mei
552 1351 775 1389 acerbitate
790 1363 935 1388 verum
955 1350 1060 1388 citra
1079 1350 1301 1388 memoriae
1320 1352 1415 1388 tuae
1433 1348 1676 1399 periculum.
1699 1365 1740 1395 30

82 1415 296 1455 Affixurus
321 1430 433 1455 eram
459 1419 500 1455 et
523 1416 763 1466 epistolium
791 1427 841 1453 ex
868 1414 1025 1464 Spyris,
1056 1417 1102 1453 vt
1128 1427 1229 1462 reor,
1251 1414 1303 1452 ad
1326 1427 1393 1452 me
1420 1414 1574 1462 datum,
1598 1413 1681 1452 nisi

82 1481 291 1530 rapaculos
310 1481 502 1520 timerem
521 1497 530 1530 3
559 1494 707 1520 verum
725 1480 918 1518 secretius
937 1479 1089 1527 lectito,
1112 1479 1287 1518 subinde
1307 1479 1515 1517 suauians.

137 1546 245 1595 Quid
273 1546 407 1585 haec?
474 1547 688 1595 Quomodo
714 1546 854 1584 animo
879 1545 1085 1584 excideret
1110 1544 1313 1583 eximium
1340 1543 1445 1582 illud
1473 1543 1682 1582 amiciciae

82 1611 368 1650 testimonium
388 1614 429 1650 et
450 1613 756 1658 ornamentum,
780 1624 861 1660 quo
887 1611 1092 1649 Theseum
1112 1612 1235 1648 tuum
1254 1611 1407 1648 vocas‘?
1482 1609 1683 1657 Quamuis

83 1678 222 1715 autem
240 1679 410 1716 tantum
429 1690 545 1724 onus,
569 1691 622 1715 ne
640 1677 843 1715 honorem
864 1676 1011 1723 dicam,
1035 1675 1144 1713 male
1164 1675 1306 1722 feram,
1325 1687 1409 1713 non
1429 1687 1523 1712 sum
1541 1676 1682 1712 tamen
1702 1690 1740 1719 35

84 1742 247 1780 nescius
266 1742 366 1791 quid
396 1742 614 1780 discedens
633 1740 905 1792 promiserim,
931 1740 1126 1778 daturum
1155 1753 1223 1778 me
1253 1753 1419 1790 operam
1439 1753 1490 1778 ne
1511 1739 1682 1777 omnino

84 1819 192 1844 vana
220 1819 342 1856 super
362 1806 658 1856 Ecolampadio
682 1804 834 1844 dixerit
863 1805 1074 1843 Erasmus.
1153 1805 1289 1843 Conor
1308 1803 1487 1854 quidem,
1510 1804 1683 1842 fortasse

84 1870 304 1917 infelicius,
363 1871 548 1910 Multum
587 1873 712 1920 negat
750 1868 906 1908 sterilis
945 1869 1143 1917 Minerua,
1185 1869 1368 1906 multum
1405 1871 1445 1907 et
1491 1869 1683 1918 ambigua

88 1935 285 1975 valitudo.
319 1935 412 1974 Imo
426 1938 468 1974 et
483 1936 582 1974 haec
597 1936 781 1975 multum
793 1935 999 1973 commodi
1009 1934 1138 1981 affert,
1156 1934 1257 1972 dum
1273 1934 1539 1983 compedibus
1551 1934 1684 1972 aureis

87 2000 199 2039 domi
229 2001 398 2039 detinet.
477 1999 726 2050 Hieronymi
755 1999 1116 2050 interpretationes
1146 2012 1241 2037 cum
1273 1998 1491 2038 Hebraicis
1518 1999 1684 2038 confero
1702 2015 1743 2046 40

87 2066 401 2115 exemplaribus,
435 2079 539 2115 quae
571 2079 699 2116 prope
727 2078 943 2115 nunquam
976 2079 998 2103 e
1032 2064 1227 2102 manibus
1257 2066 1522 2114 seponuntur.
1608 2064 1684 2102 Est

88 2143 254 2169 mecum
273 2131 514 2169 adulescens
532 2130 644 2180 paris
668 2129 796 2168 studii
821 2143 868 2168 ac
891 2129 1048 2168 ardoris
1074 2129 1123 2167 ad
1150 2129 1317 2178 quasuis
1335 2129 1484 2178 literas,
1508 2129 1684 2168 Ioannes

89 2196 295 2236 Brentius.
319 2196 382 2234 tui
400 2195 585 2233 nominis
604 2194 942 2234 studiosissimus.

1593 201 1671 238 523

1696 714 1735 735 20

1000 2192 1200 2232 Paramus
1212 2194 1415 2232 πινακίδιον
1433 2192 1478 2231 in
1490 2207 1684 2243 germana

138 2326 187 2356 19.
211 2316 358 2355 ipseipsi
375 2294 448 2346 add.
465 2317 495 2345 F
508 2326 515 2345 :
541 2314 681 2355 ipsiipsi
697 2316 772 2345 mid.
790 2316 828 2344 E.

961 2323 1012 2352 29.
1036 2316 1066 2344 Ε
1082 2324 1089 2344 2
1118 2313 1285 2353 Harpyae
1301 2316 1367 2344 MS.

91 2359 270 2398 lampadio
284 2361 325 2390 E.
457 2368 509 2398 39.
534 2358 613 2390 Imo
630 2368 689 2390 om.
707 2360 745 2388 Ε.

880 2366 933 2395 40.
960 2357 1122 2387 detineor
1137 2359 1175 2388 E.

1501 2323 1553 2352 37.
1579 2314 1683 2345 Oeco-

134 2469 186 2498 31-
212 2458 353 2499 Spyris]
377 2458 613 2497 Presumably
628 2457 736 2487 when
752 2456 854 2487 Eras-
918 2456 1058 2495 obliged
1089 2456 1126 2485 to
1157 2455 1266 2487 leave.
1329 2454 1384 2485 He
1421 2455 1511 2485 then
1541 2455 1684 2485 became

92 2513 173 2534 mus
188 2512 261 2532 was
276 2503 465 2541 returning
481 2501 572 2531 from
588 2501 692 2531 Basle
713 2501 752 2530 111
772 2500 855 2539 1516

94 2546 153 2587 (cf.
179 2546 242 2585 Ep.
270 2555 335 2583 410
357 2544 532 2584 introd.);
563 2545 659 2575 since
681 2543 855 2575 Oecolam-

92 2590 219 2630 padius
240 2588 314 2619 had
335 2588 422 2627 only
438 2597 535 2618 come
558 2590 594 2618 to
616 2587 720 2618 Basle
736 2587 775 2617 in
794 2587 856 2617 the

94 2634 258 2673 previous
275 2633 426 2662 autumn
445 2631 522 2671 (Ep.
539 2631 613 2669 358.
632 2639 651 2668 5
668 2630 721 2670 11).

136 2686 189 2716 34.
215 2673 406 2714 Theseum]
432 2673 482 2705 Cf.
503 2674 566 2714 Ep.
586 2683 660 2712 373.
678 2674 731 2712 69.

136 2730 188 2758 43.
216 2717 403 2758 Brentius]
426 2717 523 2748 John
547 2717 662 2747 Brenz
686 2717 742 2756 (24
763 2716 858 2747 June

96 2772 285 2802 1499-12
302 2762 396 2801 Sept.
418 2762 515 2801 1570)
532 2761 593 2791 the
617 2760 780 2790 Swabian
805 2769 858 2789 re—

94 2808 236 2837 former.
298 2805 355 2835 He
384 2813 456 2834 was
487 2805 575 2834 born
605 2808 641 2834 at
671 2803 765 2833 Weil
796 2803 858 2833 der

94 2849 207 2889 Stadia,
240 2849 296 2879 W.
329 2847 368 2878 of
395 2847 583 2887 Stuttgart,
617 2846 689 2877 and
719 2855 791 2876 was
821 2848 858 2876 at

94 2893 170 2924 this
205 2892 293 2922 time
328 2900 349 2920 a
379 2891 526 2922 student
552 2890 642 2921 with
681 2889 857 2920 000018111-

95 2937 222 2978 padius
257 2936 296 2965 111
329 2934 553 2974 Heidelberg.
615 2933 663 2964 In
695 2933 777 2972 1518
812 2933 857 2962 he

95 2989 168 3010 was
198 2978 365 3017 teaching
395 2977 512 3009 Greek
543 2976 644 3008 there
673 2978 710 3007 to
745 2976 858 3007 Bucer

98 3022 216 3060 (BRE.
251 3022 328 3060 79);
365 3021 429 3051 but
466 3021 506 3051 in
544 3028 785 3059 consequence
823 3019 862 3050 of

97 3067 155 3097 his
191 3065 415 3096 attachment
453 3067 491 3095 to
529 3063 666 3094 Luther
703 3063 748 3093 he
785 3072 858 3093 was

917 2499 1088 2540 preacher
1122 2501 1160 2529 at
1192 2498 1278 2529 Hall
1309 2499 1349 2529 in
1381 2498 1530 2537 Swabia,
1563 2498 1683 2528 where

919 2543 958 2573 in
986 2551 1067 2581 1527
1091 2542 1137 2572 he
1162 2541 1355 2581 published
1378 2541 1440 2572 the
1466 2541 1544 2572 first
1568 2541 1682 2571 Evan-

919 2586 1043 2625 gelical
1067 2585 1270 2616 catechism.
1318 2584 1374 2615 He
1399 2584 1552 2615 suffered
1575 2585 1683 2615 much

919 2629 1052 2668 during
1067 2629 1130 2659 the
1146 2637 1239 2658 wars
1254 2628 1291 2658 of
1302 2628 1452 2667 religion
1466 2638 1474 2666 3
1498 2629 1563 2658 but
1580 2628 1683 2658 Duke

920 2672 1049 2703 Ulrich
1070 2672 1109 2702 of
1120 2671 1371 2710 Wiirtemberg
1390 2671 1570 2711 protected
1591 2671 1679 2709 him,

920 2715 992 2746 and
1013 2716 1053 2745 in
1072 2724 1154 2753 1553
1170 2715 1217 2744 he
1232 2724 1306 2745 was
1325 2714 1517 2753 appointed
1538 2714 1684 2746 Provost·

921 2760 959 2789 of
973 2759 1160 2798 Stuttgart.
1208 2757 1271 2788 See
1287 2757 1394 2788 ADB.
1442 2757 1516 2787 The
1533 2757 1634 2788 dates
1649 2757 1686 2788 of

920 2802 978 2832 his
1005 2812 1065 2841 age
1095 2811 1152 2831 are
1179 2801 1283 2840 given
1310 2800 1402 2831 from
1430 2800 1491 2831 the
1517 2801 1684 2832 collected

920 2845 1058 2876 edition
1082 2844 1120 2875 of
1138 2844 1196 2874 his
1219 2844 1346 2883 works,
1362 2844 1559 2885 Tfibingen,
1581 2845 1685 2883 1576-

918 2899 971 2929 90,
991 2889 1030 2918 in
1046 2888 1067 2918 8
1081 2888 1167 2918 vols.

1008 2930 1195 2972 πινακίδιον]
1253 2929 1430 2970 Probably
1476 2931 1539 2961 the
1592 2940 1685 2962 com-

921 2977 1149 3006 mencement
1187 2974 1225 3004 of
1259 2973 1561 3013 Oecolampadius’
1592 2984 1685 3005 com-

920 3019 1013 3058 plete
1035 3018 1143 3048 index
1159 3019 1196 3048 to
1211 3017 1233 3048 J
1235 3026 1353 3048 erome
1368 3027 1376 3055 ;
1400 3016 1518 3055 Basle,
1533 3017 1682 3058 Froben,

921 3062 1002 3101 May
1022 3071 1114 3100 1520.
