2010 3417
130 156 227 211 322]
480 159 549 198 TO
587 158 927 199 WILLIBALD
964 158 1373 200 PIRCKHEIMER
1668 163 1720 201 47

129 283 215 309 non
243 269 351 308 alius
380 269 445 307 tui
473 269 658 308 nominis
697 269 931 318 studiosior,
961 269 1219 320 praedicatio.
1298 269 1408 308 Nam
1450 269 1576 310 huius
1615 285 1721 321 pene

128 335 335 374 cotidiana
353 334 660 383 consuetudine,
675 334 913 374 doctissima
931 335 1085 386 pariter
1104 336 1144 374 et
1164 334 1454 382 mellitissima,
1471 335 1529 374 sic
1542 335 1722 376 delector
1742 351 1782 375 10

127 403 176 440 vt
203 401 280 440 hac
320 414 361 439 re
395 414 462 439 me
490 400 613 450 plane
642 403 787 451 putem
813 413 902 440 esse
930 401 1037 451 quod
1067 401 1138 439 ille
1166 400 1329 440 dicitur.
1403 400 1447 440 Is
1475 414 1641 440 mecum
1670 403 1721 441 de

128 466 295 505 nemine
324 465 613 505 confabulatur
640 466 706 505 vel
734 466 897 517 saepius
932 466 998 506 vel
1035 465 1379 505 honorificentius
1406 466 1475 505 vel
1511 467 1722 506 amantius

126 544 254 582 quam
282 532 332 570 de
359 544 434 569 suo
463 530 682 570 Bilibaldo.
743 531 874 581 Super
899 532 998 570 haec
1024 531 1195 570 accessit
1223 531 1398 581 epistola
1422 533 1506 579 tua,
1536 546 1621 572 non
1646 532 1721 571 illa

129 597 297 648 quidem
327 597 378 635 ad
408 609 485 644 me,
519 596 591 635 sed
619 598 707 635 tota
734 596 784 635 de
812 609 879 634 me
908 597 1061 646 scripta
1083 612 1093 644 ;
1133 599 1174 635 et
1203 598 1345 635 tamen
1372 597 1422 635 ad
1452 610 1520 635 me
1559 610 1719 647 quoque

126 662 291 712 scripta,
325 660 657 711 quandoquidem
685 661 736 699 ad
766 674 862 700 eum
893 661 987 700 data
1014 664 1075 700 est
1105 674 1228 711 quem
1257 675 1332 710 ego
1361 675 1456 700 vere
1484 666 1570 711 μίαν
1596 663 1719 714 ψυχήν
1742 683 1778 714 15

126 726 286 778 possim
300 725 514 776 appellare.
573 724 725 764 Ambis
743 728 930 764 nostram
951 726 1299 765 necessitudinem
1316 728 1356 764 et
1376 729 1491 776 optas
1507 729 1720 767 consuetu-

127 793 280 839 dinem,
302 802 478 840 quorum
498 791 719 840 vtrumque
738 789 822 829 iam
841 790 1004 840 pridem
1024 790 1111 840 ipse
1131 791 1295 840 magnis
1322 791 1433 829 votis
1460 792 1720 842 suspirabam

124 855 263 895 verius
281 868 407 905 quam
430 854 654 904 sperabam.
716 855 974 905 Quamquam
1001 855 1177 894 seiuncti
1197 867 1354 903 sumus,
1376 854 1486 894 nihil
1505 858 1618 895 vetat
1637 870 1719 908 quo

125 922 268 961 minus
308 920 542 959 arctissima
584 920 888 960 necessitudine
934 920 1184 971 copulemur.
1262 920 1420 959 Demus
1465 934 1632 971 operam
1672 925 1719 961 vt

125 986 284 1026 mutuis
303 985 407 1025 item
426 986 613 1025 fruamur
632 986 903 1036 amplexibus.
1739 1010 1779 1032 20

178 1051 375 1091 Eduntur
399 1051 657 1101 Adagiorum
680 1051 888 1091 Chiliades
918 1052 975 1090 sic
1005 1051 1256 1099 emendatae,
1281 1052 1338 1089 sic
1365 1051 1650 1102 locupletatae,
1673 1055 1720 1091 vt

123 1130 281 1157 nouum
330 1129 432 1167 opus
475 1116 608 1157 videri
645 1117 789 1166 possit.
870 1117 1066 1156 Eduntur
1103 1116 1298 1155 vniuersa
1336 1116 1425 1155 diui
1470 1116 1720 1168 Hieronymi

123 1184 406 1230 monumenta,
428 1183 687 1233 argumentis
707 1185 748 1221 et
767 1183 937 1222 scholiis
959 1196 982 1221 a
1004 1195 1073 1221 me
1092 1181 1311 1231 illustrata,
1336 1195 1411 1220 nec
1433 1182 1521 1221 sine
1541 1183 1719 1222 summis

122 1248 344 1287 sudoribus
369 1247 594 1295 emendata,
616 1248 770 1287 notatis
790 1261 837 1287 ac
856 1248 1026 1287 semotis
1047 1260 1150 1298 quae
1178 1247 1306 1286 notha
1324 1247 1491 1286 fuerant
1519 1248 1715 1288 admixta.

123 1313 454 1352 Emendauimus
472 1314 609 1352 totum
628 1313 797 1352 Nouum
824 1312 1172 1361 Instrumentum,
1193 1312 1345 1352 additis
1375 1313 1544 1352 scholiis
1563 1329 1573 1362 ;
1602 1314 1718 1353 moli·
1739 1325 1776 1358 25

122 1390 219 1417 mur
237 1377 371 1418 obiter
394 1380 436 1416 et
459 1378 551 1417 alia.
614 1378 696 1417 His
721 1378 933 1418 laboribus
957 1379 1016 1417 sic
1044 1378 1260 1417 obruimur
1287 1378 1371 1417 iam
1396 1380 1560 1417 sextum
1587 1379 1717 1417 ferme

122 1456 320 1491 mensem,
344 1446 391 1483 vt
417 1443 490 1482 vix
514 1444 797 1483 valetudinem
822 1443 931 1483 tueri
957 1443 1177 1494 possimus,
1237 1444 1293 1482 Et
1319 1445 1461 1482 tamen
1487 1457 1573 1482 non
1598 1445 1718 1494 potui

122 1509 230 1548 mihi
249 1512 478 1559 temperare
498 1509 599 1560 quin
618 1509 684 1549 his
710 1510 806 1559 plus
833 1523 959 1560 quam
980 1508 1294 1559 extemporariis
1313 1510 1437 1560 nugis
1457 1509 1718 1548 Bilibaldum

120 1575 376 1614 lacesserem.
450 1574 639 1613 Sciebam
668 1575 765 1625 quid
795 1577 866 1613 tua
893 1575 1130 1624 postulabat
1159 1574 1350 1625 dignitas,
1383 1574 1482 1625 quid
1513 1574 1717 1621 eruditio;

120 1640 192 1679 sed
212 1639 312 1679 boni
332 1639 522 1679 consules
548 1640 657 1691 quod
677 1653 761 1679 non
789 1640 920 1679 suasit
940 1640 1011 1679 sed
1030 1640 1251 1690 imperauit
1277 1653 1394 1679 amor
1419 1640 1492 1679 tui.
1550 1640 1719 1678 Praeter
1736 1650 1778 1681 30

119 1705 450 1756 expectationem
484 1706 661 1744 nuntius
689 1706 756 1744 hic
785 1705 948 1744 oblatus
976 1708 1050 1744 est.
1127 1704 1255 1743 Malui
1284 1718 1380 1743 eum
1410 1705 1563 1755 ineptis
1592 1716 1717 1754 quam

121 1770 250 1810 nullis
267 1771 373 1809 meis
392 1771 542 1809 litteris
561 1770 810 1810 comitatum
822 1771 974 1809 venire.
1036 1769 1212 1809 Dabitur
1231 1769 1347 1807 breui
1367 1768 1604 1817 plusculum
1626 1767 1714 1814 otii,

120 1835 286 1886 iamque
311 1848 396 1873 non
421 1835 574 1874 litteris
597 1835 670 1874 sed
689 1835 976 1874 voluminibus
995 1837 1133 1873 tecum
1162 1847 1294 1884 agam.
1352 1833 1526 1872 Vtinam
1549 1832 1718 1883 propius

116 1900 306 1940 abesses!
336 1913 434 1939 nam
459 1912 602 1939 mense
630 1900 779 1939 Martio
806 1900 1070 1939 Britanniam
1093 1902 1241 1950 repeto.
1302 1899 1418 1938 Bene
1441 1899 1543 1947 vale,
1568 1898 1718 1949 praeci-

120 1978 251 2017 puum
270 1968 435 2005 nostrae
457 1965 704 2004 Germaniae
723 1966 857 2005 decus.
915 1965 1112 2004 Basileae.
1172 1978 1229 2004 1x.
1253 1963 1337 2004 Cal.
1361 1964 1476 2003 Febr.
1734 1977 1774 2009 35

175 2042 521 2093 Splendidissimo
546 2042 718 2082 domino
748 2041 956 2081 Bilibaldo
986 2041 1322 2090 Pii-ckheimerio,
1348 2042 1566 2081 Caesareae
1593 2039 1714 2079 Maie-

119 2109 240 2147 statis
259 2107 506 2156 consiliario,
530 2107 710 2146 senatori
731 2107 1086 2157 Norembergensi.

608 2261 704 2303 323.
767 2260 899 2302 FROM
930 2260 1056 2302 JOHN
1087 2260 1225 2302 erz.

165 2362 356 2398 Deventer
373 2362 449 2398 MS.
470 2373 526 2408 91,
543 2364 570 2398 f.
593 2365 659 2409 156
675 2367 726 2398 v0.
1361 2361 1619 2398 Schlettstadt.

166 2420 238 2456 LB.
255 2421 351 2466 App.
371 2431 426 2456 20.
1315 2431 1355 2466 31
1378 2421 1545 2465 January
1567 2428 1666 2465 1515.

121 2546 140 2577 I
165 2503 254 2576 [il'he
268 2505 490 2544 manuscript
512 2505 594 2537 date
610 2514 693 2544 may
709 2505 752 2536 be
768 2504 943 2546 accepted,
962 2505 1109 2536 because
1126 2504 1164 2535 of
1185 2504 1367 2536 Erasmus'
1383 2502 1548 2544 proposal
1565 2505 1602 2533 to
1619 2511 1661 2541 go
1677 2503 1715 2533 to

143 2549 179 2577 ta
196 2555 238 2586 y3
265 2547 307 2578 cf.
325 2547 388 2587 Ep.
406 2558 480 2587 324.

163 2589 259 2620 John
282 2589 387 2631 witz,
407 2601 446 2622 or
471 2591 624 2631 Sapidus
649 2591 688 2632 (†
705 2593 726 2623 8
751 2591 846 2622 June
872 2591 981 2632 1561),
1009 2600 1081 2622 was
1108 2590 1280 2622 edueated
1306 2590 1424 2621 under
1453 2589 1614 2621 Hofman
1640 2588 1714 2619 and

121 2632 300 2664 Gebwiler
323 2635 360 2664 at
383 2634 628 2675 Schlettstadt,
649 2634 688 2665 of
706 2635 828 2666 which
851 2637 951 2666 town
974 2635 1019 2665 he
1042 2644 1114 2665 was
1137 2633 1309 2674 probably
1326 2643 1346 2664 a
1370 2634 1502 2672 native,
1523 2631 1597 2664 and
1624 2631 1712 2663 then

123 2678 218 2707 went
241 2678 278 2706 to
296 2676 397 2707 Paris
419 2677 539 2708 where
562 2678 608 2709 he
631 2678 772 2709 became
795 2678 883 2709 B.A.
903 2679 1042 2717 1506—7,
1063 2677 1154 2709 MA.
1179 2677 1273 2716 1508.
1318 2676 1424 2707 After
1446 2676 1506 2706 his
1528 2677 1654 2706 return
1676 2677 1714 2706 to

121 2719 356 2751 Schlettstadt
378 2720 424 2750 he
447 2721 591 2752 worked
613 2722 668 2752 for
689 2731 710 2752 a
732 2722 821 2752 time
845 2721 963 2752 under
990 2720 1169 2752 Gebwiler
1192 2730 1229 2751 as
1255 2720 1425 2751 assistant
1451 2719 1491 2750 in
1516 2718 1578 2749 the
1605 2718 1712 2749 Latin

121 2762 238 2794 school
252 2774 260 2801 ;
281 2763 324 2795 cf.
339 2763 443 2794 Basle
456 2764 528 2795 MS.
541 2764 582 2796 Gr.
594 2764 644 2796 11.
659 2773 714 2803 30.
730 2765 801 2802 178.
814 2774 846 2804 9,
862 2764 985 2795 which
1001 2765 1099 2794 must
1111 2763 1153 2794 be
1166 2762 1273 2793 dated
1288 2763 1426 2802 1508-9.
1465 2762 1513 2794 In
1529 2762 1611 2793 Dec.
1629 2771 1713 2802 1509

122 2816 142 2838 a
165 2815 341 2838 successor
361 2816 434 2838 was
461 2807 654 2847 appointed
678 2810 715 2838 to
731 2807 909 2838 Gebwiler
925 2818 934 2846 3
958 2807 1023 2837 but
1039 2810 1076 2838 at
1098 2806 1161 2837 the
1178 2806 1249 2837 end
1273 2807 1311 2837 of
1332 2815 1352 2836 a
1368 2815 1452 2845 year
1468 2805 1529 2836 the
1546 2805 1714 2845 appoint-

164 2912 214 2941 25.
242 2902 534 2933 Instrumentum
546 2913 566 2932 a
583 2913 589 2932 :
605 2902 874 2934 Testamentum
889 2901 935 2934 02.
997 2901 1049 2933 28.
1066 2901 1198 2941 nugisa
1214 2912 1220 2930 :
1237 2902 1349 2941 magis
1363 2903 1397 2932 P.
1455 2910 1506 2940 34.
1526 2900 1664 2932 adesses
1676 2902 1712 2932 P.

252 3010 300 3040 13.
317 2999 483 3042 epistola]
509 3000 574 3042 Ep.
594 3001 668 3041 318.
895 3010 947 3040 34.
968 2999 1210 3040 Britanniam]
1237 2999 1288 3032 Cf.
1309 2999 1370 3040 Ep.
1391 3009 1464 3040 324.
1485 3009 1525 3038 27
1542 3009 1578 3030 n.
