2010 3417
123 135 225 189 493]
538 138 691 178 FROM
728 137 994 178 WILLIAM
1033 139 1306 178 BUDAEUS
1633 141 1710 180 391

125 247 311 298 περιττὴν,
333 247 426 286 δοκῶ
450 264 515 298 μοι
541 248 737 300 χαριέντως
761 248 833 286 ὑπὸ
853 250 923 286 σοῦ
944 247 1235 300 καταγελᾶσθαι·
1270 261 1402 299 neque
1430 248 1543 288 enim
1570 262 1713 300 veque-

126 312 227 351 adeo
247 312 409 363 stupide
428 312 534 351 mihi
549 313 667 352 faueo
680 314 726 352 vt
746 325 829 352 non
848 312 1176 352 mediocritatem
1190 326 1327 352 meam
1345 326 1575 364 agnoscam,
1592 327 1716 365 quem

127 379 174 415 tu
193 376 303 416 inter
320 377 476 427 primae
495 380 615 417 notae
633 377 798 428 ingenia
816 378 946 428 ponis.
998 377 1090 416 Ὅτε
1109 377 1139 416 δ’
1158 378 1203 416 αὖ
1221 380 1335 417 πάλιν
1353 379 1421 428 τὴν
1441 380 1631 418 ἐπιείκειαν
1650 379 1716 428 τὴν
1737 393 1754 424 5

127 442 267 492 τρόπου
297 460 368 481 σου
402 444 676 495 στοχαζόμενος
709 446 748 481 ἐκ
777 446 848 481 τῶν
882 444 1185 495 συγγραμμάτων
1217 447 1306 489 σῶν,
1338 444 1405 493 τὴν
1438 445 1641 494 ἐπιστολὴν
1671 445 1715 494 δὴ

127 508 195 556 τὴν
215 507 463 547 ἀποδοθεῖσάν
482 526 546 559 μοι
564 510 665 559 παρά
684 526 755 547 σου
775 509 942 560 ὑπογύως
957 511 1026 561 οὐχ
1046 511 1092 549 ὡς
1109 510 1364 562 πεπαιγμένην
1384 510 1612 561 ἀποδέχομαι
1632 510 1718 548 ἀλλ’

126 573 262 611 ὡσανεὶ
281 572 599 623 ἐσπουδασμένην.
658 573 722 611 Ex
749 573 827 612 hac
852 575 996 612 tamen
1024 573 1269 622 opinionum
1293 574 1563 614 alternatione
1588 575 1716 614 statui

128 637 236 676 mihi
255 637 491 677 faciendum
510 651 597 677 esse
612 641 658 677 vt
679 637 746 677 vel
765 638 900 688 εὐήθως
919 640 1174 677 πιστεύσαντα
1189 639 1351 677 homini
1369 640 1559 690 theologo
1577 640 1716 690 potius

127 715 197 740 me
228 702 446 753 praebeam
478 716 602 753 quam
634 705 680 742 vt
709 703 847 743 animo
877 703 1078 753 suspicaci
1109 703 1158 741 de
1191 706 1232 742 te
1265 704 1373 743 male
1405 706 1554 744 mereri
1586 706 1717 756 deque
1740 718 1779 739 10

126 767 309 806 amiciffla
326 767 416 816 ipsa
434 768 585 807 videar.
646 769 722 806 Καὶ
740 770 808 818 μὲν
828 768 872 817 δὴ
893 769 1124 821 καταγνῶναί
1139 786 1211 818 μου
1230 770 1407 820 πονηρίαν
1425 772 1507 808 τινὰ
1525 773 1590 809 τοῦ
1609 770 1719 820 ἤθους

129 833 361 882 εὐλαβοίμην
388 832 442 881 ἂν,
467 836 498 872 εἰ
524 834 710 883 ἐνωμότως
729 833 865 885 σχεδόν
889 851 926 872 τι
943 834 1128 886 γράψαντι
1152 837 1203 885 τῷ
1222 835 1323 886 φίλῳ
1345 852 1409 873 σοι
1428 837 1493 873 οὑκ
1512 836 1717 874 ἐπίστευον.

129 898 220 937 Stat
239 898 368 948 igitur
393 899 602 937 sententia
627 899 685 937 ita
707 899 870 937 credere
899 900 939 937 et
966 898 1169 937 confidere
1196 898 1303 937 bona
1324 900 1366 938 te
1387 899 1467 938 fide
1491 900 1710 950 scripsisse.

127 962 275 1013 Itaque
294 976 541 1014 magnopere
560 964 773 1013 triumpho
792 964 976 1013 legatum
994 963 1117 1002 illum
1134 964 1259 1014 Regis
1277 964 1454 1014 Angliae
1474 965 1719 1005 Cutbertum

127 1027 408 1076 Tunstallum,
444 1028 584 1067 virum
608 1028 667 1076 (vt
694 1030 741 1067 tu
769 1028 875 1066 mihi
903 1029 1029 1067 fidem
1057 1028 1204 1078 fecisti)
1231 1029 1438 1079 imprimis
1464 1030 1719 1068 commenda·
1741 1044 1777 1075 15

130 1092 257 1132 bilem
275 1093 428 1132 eximia
452 1095 493 1132 et
518 1106 690 1132 amoena
712 1094 929 1144 Vtriusque
954 1093 1122 1143 linguae
1147 1094 1306 1144 peritia,
1328 1094 1439 1133 vltro
1463 1095 1588 1133 etiam
1612 1095 1718 1133 mihi

129 1161 269 1197 tecum
297 1158 588 1197 testimonium
620 1158 821 1208 praebere,
855 1160 1099 1208 praesertim
1130 1160 1239 1209 quod
1272 1159 1322 1198 ad
1354 1160 1553 1199 Graecam
1586 1159 1719 1199 erudi-

126 1223 285 1262 tionem
306 1224 468 1262 attinet.
527 1223 635 1262 Nam
654 1225 793 1262 vestra
816 1224 1036 1262 amborum
1061 1225 1283 1263 autoritate
1305 1225 1437 1264 fretus
1455 1225 1604 1264 iudicio
1623 1238 1718 1264 meo

126 1288 258 1339 ipsius
285 1288 498 1327 interdum
521 1288 646 1327 fidem
672 1288 833 1338 abrogo,
858 1291 905 1328 vt
927 1290 995 1327 vel
1021 1303 1088 1328 me
1117 1303 1278 1341 quoque
1305 1290 1459 1329 Graece
1487 1291 1718 1340 scriptitare

126 1366 247 1404 posse
261 1353 453 1403 epistolia
467 1353 673 1392 confidam
688 1368 697 1393 ε
723 1355 924 1403 ἐνάμιλλον
940 1354 1049 1403 δῆθεν
1065 1356 1222 1404 ἐμαυτὸν
1235 1354 1346 1395 τιθεὶς
1361 1356 1426 1394 τὸν
1441 1356 1643 1406 αὖτομαθῆ,
1656 1357 1720 1394 τὸν
1741 1370 1779 1391 20

128 1419 306 1470 ὀψιμαθῆ,
326 1420 391 1458 τὸν
411 1420 457 1459 ὡς
476 1420 583 1470 ἔτυχε
604 1418 903 1469 πεπαιδευμένον,
923 1422 999 1460 τοῖς
1021 1437 1062 1457 τε
1083 1423 1154 1458 τῶν
1173 1424 1390 1471 νεωτερικῶν
1409 1422 1721 1471 ὀνομαστοτάτους

128 1485 189 1523 καὶ
214 1486 279 1534 τῆς
301 1484 566 1534 παιδομαθείας
590 1485 825 1536 τετυχηκόσι·
856 1485 898 1523 id
925 1485 1035 1535 quod
1060 1485 1195 1524 libens
1222 1487 1345 1536 atque
1363 1486 1490 1525 etiam
1511 1485 1719 1536 perlibens

125 1549 294 1589 fecerim
322 1550 374 1588 ad
401 1551 442 1588 te
468 1549 663 1595 scribens,
691 1551 952 1602 εὐγνωμοσύνῃ
978 1551 1095 1600 δήπου
1120 1552 1168 1601 τῇ
1193 1552 1246 1602 σῇ
1272 1551 1502 1602 τεθαρρηκὼς
1524 1554 1589 1590 τοῦ
1613 1553 1719 1590 πάντ’

127 1616 294 1667 ἀρίστου.
351 1616 504 1654 Totum
522 1615 635 1654 enim
654 1628 721 1653 me
740 1615 819 1654 tibi
838 1615 1022 1655 indicare
1047 1616 1206 1666 optima
1225 1617 1306 1655 fide
1329 1617 1436 1655 mihi
1455 1619 1615 1656 certum
1635 1619 1718 1656 est:

126 1684 174 1720 vt
201 1682 276 1731 qui
304 1681 475 1720 antehac
503 1681 550 1719 in
577 1682 750 1731 vtraque
777 1680 922 1731 lingua
949 1684 1209 1732 praeceptore
1238 1695 1305 1721 me
1338 1684 1505 1720 tantum
1537 1695 1583 1721 ac
1609 1695 1718 1732 prae·
1741 1697 1755 1718 2
1762 1698 1779 1728 5

126 1747 277 1786 lectore
295 1758 394 1784 vsus
413 1758 507 1784 sum
526 1745 584 1795 (id
605 1746 714 1796 quod
734 1759 906 1795 gemens
926 1746 1081 1796 refero),
1105 1760 1195 1785 sero
1214 1747 1364 1785 saltem
1385 1747 1533 1785 melior
1551 1759 1721 1785 censura

127 1814 200 1851 tua
240 1811 349 1850 fiam.
427 1810 560 1861 Atqui
598 1811 632 1849 si
673 1812 715 1849 te
757 1811 976 1861 aliquando
1014 1811 1210 1850 feriatum
1251 1812 1405 1850 nostris
1443 1812 1720 1851 auocamentis

128 1876 306 1925 sensero,
334 1875 530 1914 exercebo
559 1877 601 1914 te
630 1889 728 1915 sane
753 1876 1040 1926 frequentibus
1067 1876 1201 1915 literis
1228 1876 1297 1916 vel
1325 1879 1377 1916 ad
1407 1878 1550 1917 odium
1576 1890 1716 1928 vsque.

129 1944 207 1982 Καὶ
234 1943 308 1994 μὴν
337 1942 397 1980 καὶ
421 1942 536 1994 ἔγωγε
561 1942 650 1991 ἡμῖν
674 1942 835 1993 ἡγοῦμαι
858 1942 999 1991 ἀμφοῖν
1025 1943 1134 1980 τοῦτο
1159 1942 1257 1980 πολὺ
1283 1942 1480 1993 διαφέρειν,
1499 1945 1653 1994 συχναῖς
1677 1959 1721 1994 γε

127 2010 222 2060 πρὸς
240 2008 432 2057 ἀλλήλους
451 2008 667 2046 ἐπιστολαῖς
690 2006 758 2055 τὴν
777 2007 958 2057 ἡμετέραν
984 2009 1034 2047 εἷς
1057 2007 1210 2046 τούπιὸν
1235 2008 1367 2056 φιλίαν
1387 2007 1478 2047 εἶναι
1495 2008 1721 2059 περιβόητον
1740 2021 1780 2052 30

130 2076 190 2113 καὶ
208 2074 391 2127 ’γνώριμον
411 2076 449 2111 ἐν
467 2075 544 2112 τοῖς
562 2074 730 2112 πολλοῖς.

183 2138 293 2177 Ἀλλ’
316 2138 448 2191 ὦγαθὲ,
469 2137 615 2176 amabo
637 2139 689 2186 te,
713 2138 750 2176 si
775 2136 876 2187 quid
900 2136 1025 2176 istinc
1051 2137 1207 2186 exierit,
1230 2137 1324 2176 vide
1348 2139 1395 2177 vt
1417 2137 1508 2177 sine
1532 2138 1720 2187 captione

130 2207 273 2245 nostra
299 2205 385 2243 fiat.
444 2202 550 2242 Mihi
569 2203 683 2241 enim
707 2204 839 2242 errata
864 2202 1045 2255 ἀξιόλογα
1070 2206 1141 2241 τῶν
1165 2201 1417 2255 τυπογροίφων
1447 2205 1650 2253 praestare
1679 2205 1720 2241 te

129 2283 308 2321 aequum
336 2270 399 2308 est
426 2271 548 2319 atque
574 2268 701 2307 etiam
727 2281 820 2306 mea
845 2268 989 2318 ipsius,
1010 2268 1046 2307 si
1070 2281 1149 2307 vsu
1175 2268 1234 2307 ita
1259 2269 1446 2317 venerit3
1475 2268 1719 2318 praesertim

131 2335 168 2374 si
196 2335 242 2373 in
269 2333 533 2384 autographis
565 2333 670 2372 meis
700 2335 834 2373 errata
862 2334 1150 2384 quoquomodo
1179 2334 1360 2373 admissa
1392 2333 1453 2382 (vt
1483 2334 1546 2382 fit)
1581 2333 1720 2372 oculos
1740 2345 1779 2376 35

130 2402 465 2449 recognoscentes
487 2398 718 2438 fefellerint.
780 2398 889 2448 Quid
914 2399 960 2437 ni
985 2399 1099 2437 enim
1123 2399 1167 2437 id
1193 2411 1216 2437 a
1238 2401 1280 2437 te
1301 2399 1474 2448 exigam,
1495 2400 1542 2437 vt
1565 2399 1720 2436 sartam

130 2467 365 2514 tectamque
412 2466 592 2515 praestes
634 2463 986 2503 existimationem
1026 2465 1197 2502 meam?
1246 2463 1372 2502 etiam
1416 2464 1452 2501 si
1493 2463 1642 2501 merito
1677 2464 1719 2501 te

131 2531 406 2581 conquestum
434 2542 521 2568 esse
549 2542 635 2568 non
663 2529 837 2577 inficior,
871 2529 978 2579 quod
1008 2529 1206 2567 idiochira
1235 2530 1375 2567 nostra
1402 2527 1616 2577 negotium
1642 2527 1719 2566 tibi

130 2609 219 2636 non
251 2607 428 2644 paruum
460 2593 757 2633 exhibuissent.
828 2594 960 2642 Quem
992 2593 1186 2644 epistolae
1219 2595 1315 2631 tuae
1346 2592 1487 2631 locum
1520 2591 1720 2630 cachinno

177 2694 207 2714 2.
231 2689 338 2720 quem
353 2681 398 2714 B:
423 2688 530 2718 quam
549 2681 578 2710 G.
670 2688 720 2709 12.
747 2681 793 2713 B:
819 2678 972 2717 ἑνομότως
989 2681 1017 2711 G.
1098 2689 1148 2709 σοι
1159 2689 1217 2709 om.
1231 2680 1265 2712 β.
1359 2686 1409 2718 15.
1432 2679 1474 2708 tu
1490 2677 1575 2712 0¹3:
1598 2688 1658 2709 om.
1674 2678 1718 2710 Οἳ.

136 2737 186 2766 17,
210 2723 377 2765 praebere
395 2725 436 2754 C:
466 2721 732 2753 accommodare
748 2724 781 2757 β.
968 2732 1020 2753 20.
1043 2731 1145 2761 posse
1161 2725 1234 2752 add.
1252 2723 1287 2756 β.
1462 2731 1514 2753 21.
1540 2732 1575 2751 τε
1593 2723 1665 2752 add.
1681 2723 1716 2755 β.

134 2781 186 2801 22.
213 2768 323 2799 etiam
341 2768 391 2801 Οβ
407 2777 414 2796 :
438 2775 495 2797 om.
514 2767 557 2795 H.
672 2774 724 2804 24.
749 2765 842 2796 mihi
857 2775 916 2796 om.
933 2766 966 2799 β.
1088 2765 1139 2795 28.
1163 2767 1198 2796 te
1214 2774 1273 2795 om.
1293 2766 1327 2799 β.
1442 2774 1494 2804 29.
1520 2764 1650 2804 συχνάς
1663 2767 1699 2795 H
1710 2776 1717 2795 :

133 2811 256 2853 συχνῶς
273 2813 303 2842 C.
394 2819 446 2848 32.
472 2809 581 2840 istinc
597 2810 670 2840 add.
691 2809 724 2842 β.
812 2817 864 2847 34.
890 2810 1006 2839 errata
1019 2811 1088 2839 ante
1103 2809 1135 2839 si
1151 2810 1224 2839 add.
1243 2809 1278 2842 β.
1367 2816 1421 2847 35.
1445 2808 1486 2839 in
1504 2809 1554 2842 CB
1569 2819 1577 2838 z
1600 2817 1658 2839 om.
1673 2811 1715 2839 N.

134 2857 251 2889 errata
266 2863 323 2884 om.
342 2855 375 2888 β.
510 2853 564 2891 36.
591 2853 663 2885 CB:
689 2851 972 2891 recognoscentis
988 2854 1023 2882 F.
1155 2852 1210 2890 38.
1236 2851 1411 2883 idiochira
1426 2852 1468 2885 B:
1493 2850 1670 2883 vliochira
1685 2854 1715 2883 C.

176 2945 231 2984 38.
255 2940 449 2981 idiochira]
470 2939 545 2971 The
556 2939 798 2979 meaningless
809 2940 894 2970 mis·
960 2939 1118 2970 editions
1131 2940 1162 2970 is
1177 2939 1333 2971 another
1348 2939 1508 2979 example
1526 2940 1564 2972 of
1571 2942 1669 2972 want
1686 2941 1724 2971 of

133 2987 282 3026 reading
311 2983 545 3025 perpetuated
569 2984 608 3014 in
637 2982 688 3014 all
711 2982 890 3014 Erasmus'
961 2983 1202 3024 supervision;
1217 2983 1261 3015 cf.
1274 2983 1362 3023 Epp.
1380 2984 1451 3015 106.
1468 2994 1481 3014 1
1497 2994 1545 3022 n.‚
1561 2994 1633 3024 497.
1651 2995 1670 3023 4
1682 2994 1716 3014 n.
