2010 3464
321 152 374 191 34
783 150 1034 190 LETTERS
1072 149 1142 189 OF
1180 149 1447 189 ERASMUS
1787 145 1825 200 [1
1835 158 1855 196 5
1864 160 1880 185 1
1889 160 1910 195 4

321 263 559 300 mentorum
588 260 753 310 singula
783 272 899 298 suam
929 257 1137 308 quandam
1166 270 1212 296 ac
1240 257 1488 308 peculiarem
1519 258 1710 296 adferunt
1740 257 1914 308 gratiam

264 340 304 371 30
322 327 362 364 et
381 324 717 364 commoditatem
741 322 939 370 dictioni;
968 321 1209 371 metaphora
1234 321 1322 361 sola
1348 322 1601 361 cumulatius
1625 324 1806 372 praestat
1824 322 1915 362 vni-

321 403 437 429 uersa
456 402 581 439 quam
602 389 886 427 exornationes
906 387 1085 436 reliquae
1104 387 1278 436 singula.
1338 387 1551 426 Delectare
1566 386 1655 425 vis‘?
1684 386 1800 425 nulla
1818 386 1914 437 plus

319 454 444 492 habet
468 453 720 492 festiuitatis.
779 453 931 491 Docere
956 452 1131 491 studes?
1160 465 1244 490 non
1270 451 1350 491 alia
1377 452 1522 502 probat
1541 452 1607 491 vel
1630 452 1827 491 efficatius
1845 451 1912 491 vel

319 518 510 568 apertius.
581 517 764 556 Flectere
801 530 919 568 paras
935 519 955 556 ‘?
994 517 1111 556 nulla
1148 517 1243 567 plus
1280 517 1396 557 addit
1434 517 1689 556 acrimoniae.
1763 517 1913 557 Studes

320 583 455 633 copiae
471 584 491 622 ἱ)
519 596 725 633 nusquam
745 582 960 634 suppellex
979 582 1233 633 locupletior.
1293 582 1437 622 Placet
1456 583 1760 623 Laconismus‘?
1797 582 1915 622 nulla

262 667 301 698 35
319 648 412 699 plus
448 648 690 698 cogitationi
726 649 936 698 relinquit.
1013 647 1323 687 Sublimitatem
1362 649 1564 687 affectas?
1609 648 1709 687 haec
1746 648 1915 699 quiduis

320 713 589 764 quantumuis
617 713 783 753 attollit.
842 714 918 753 Est
937 714 1043 764 quod
1063 713 1166 752 velis
1185 715 1433 753 extenuare?
1462 713 1578 752 nulla
1604 713 1738 764 magis
1761 713 1911 752 deiicit.

318 778 532 831 Ἐνάργειαν
553 781 692 829 captas
711 793 756 818 ac
774 779 912 817 lucem
925 780 945 818 ‘?
974 778 1089 817 nulla
1108 778 1260 818 melius
1278 791 1366 817 rem
1394 779 1445 818 ob
1472 779 1614 818 oculos
1633 778 1763 829 ponit.
1823 777 1915 817 Hac

319 844 402 883 fere
423 844 675 883 condiuntur
693 845 847 894 adagia,
869 844 966 882 huic
985 843 1162 894 gratiam
1182 857 1300 883 suam
1320 844 1473 883 debent
1493 844 1665 894 apologi,
1688 845 1787 882 haec
1807 856 1915 882 com-

320 910 488 948 mendat
517 909 877 960 apophthegmata,
910 910 1036 948 huius
1074 909 1305 948 accessione
1337 909 1651 960 conduplicatur
1685 908 1914 948 sententiae

260 993 303 1023 40
320 975 405 1022 dos,
428 975 528 1013 adeo
554 975 601 1013 vt
629 974 826 1014 Salomon
856 974 939 1022 ille,
965 974 1030 1013 vir
1059 973 1240 1020 diuinus,
1265 975 1428 1013 oracula
1457 987 1530 1013 sua
1558 988 1643 1013 non
1672 975 1751 1013 alio
1781 973 1914 1024 magis

320 1053 443 1090 quam
471 1039 762 1090 parabolarum
790 1039 913 1078 titulo
943 1039 1122 1078 voluerit
1151 1039 1443 1078 commendari.
1504 1040 1620 1078 Tolle
1650 1039 1914 1089 metaphorae

319 1104 650 1155 suppellectilem
670 1118 719 1143 ex
739 1104 980 1153 oratoribus,
1003 1104 1142 1143 ieiuna
1162 1107 1284 1143 erunt
1310 1104 1462 1143 omnia.
1522 1105 1638 1143 Tolle
1658 1104 1874 1155 parabolas
1893 1118 1915 1142 e

318 1170 567 1220 propheticis
585 1172 625 1208 et
644 1170 894 1220 euangelicis
914 1169 1057 1218 literis,
1079 1183 1274 1220 magnam
1293 1169 1447 1220 gratiae
1466 1172 1624 1220 partem
1644 1170 1881 1209 detraxeris.

373 1237 430 1275 At
447 1237 617 1274 fortasse
636 1236 743 1274 dicet
761 1235 921 1286 aliquis,
940 1235 1056 1273 Belle
1076 1235 1144 1274 hic
1163 1248 1320 1274 munus
1340 1248 1463 1274 suum
1475 1237 1595 1274 ornat
1610 1235 1772 1281 verbis;
1798 1235 1916 1285 quasi

260 1317 300 1349 45
319 1314 415 1340 vero
435 1301 579 1351 magni
604 1301 658 1339 sit
681 1300 841 1350 negocii
869 1300 1166 1339 similitudines
1193 1313 1400 1351 nusquam
1425 1314 1511 1339 non
1537 1301 1680 1339 obuias
1699 1301 1911 1340 adducere.

319 1367 476 1406 Verum
510 1379 586 1405 nos
616 1379 701 1404 non
731 1366 887 1416 passim
919 1365 1061 1404 obuias
1091 1366 1359 1416 sumpsimus,
1392 1379 1468 1404 nec
1501 1366 1665 1415 lapillos
1697 1366 1742 1404 in
1775 1365 1915 1404 littore

320 1444 481 1482 sparsos
519 1431 787 1480 collegimus3
834 1431 904 1470 sed
941 1431 1167 1480 exquisitas
1204 1431 1363 1480 aliquot
1400 1443 1586 1480 gemmas
1622 1444 1673 1469 ex
1710 1430 1915 1469 abstrusis

320 1496 533 1535 Musarum
549 1495 754 1534 thesauris
770 1496 1114 1546 deprompsimus.
1161 1495 1304 1546 Neque
1324 1496 1437 1534 enim
1456 1496 1556 1534 haec
1570 1509 1593 1534 a
1608 1495 1829 1534 tonstrinis
1844 1497 1915 1534 aut

320 1561 498 1600 sordidis
525 1561 604 1599 fori
634 1560 917 1599 conciliabulis
944 1562 1155 1611 petuntur,
1185 1574 1286 1611 quae
1316 1561 1529 1599 doctorum
1557 1574 1677 1599 aures
1707 1562 1747 1599 et
1776 1560 1916 1599 oculos

261 1642 302 1674 50
318 1629 544 1666 morentur.
595 1626 663 1664 Ab
682 1626 846 1664 intimis
864 1628 1033 1665 naturae
1054 1626 1223 1675 arcanis,
1241 1639 1262 1664 e
1281 1626 1579 1676 poenitissimis
1600 1625 1915 1676 disciplinarum

320 1692 443 1731 aditis
476 1693 574 1730 sunt
607 1691 796 1739 eruenda,
832 1690 883 1729 ab
918 1690 1203 1741 eloquentium
1237 1693 1453 1741 poetarum
1490 1691 1664 1730 eruditis
1696 1690 1858 1739 fabulis,
1891 1704 1916 1730 a

321 1756 526 1797 nobilium
550 1756 845 1795 historicorum
867 1757 1165 1796 monumentis.
1227 1757 1315 1805 Qua
1342 1757 1510 1807 quidem
1534 1757 1579 1795 111
1605 1770 1660 1805 re,
1690 1759 1737 1795 vt
1762 1755 1915 1806 duplex

320 1825 383 1862 est
398 1822 627 1871 difficultas,
641 1822 699 1861 ita
713 1822 880 1872 gemina
893 1821 985 1861 laus
998 1821 1180 1861 debetur.
1241 1821 1436 1861 Primum
1449 1822 1552 1860 illud
1565 1822 1704 1871 ipsum
1719 1821 1915 1860 nonnihil

320 1891 393 1937 est,
420 1888 717 1939 peruestigasse
743 1888 852 1939 quod
878 1888 934 1927 sit
962 1888 1187 1939 egregium.
1248 1887 1391 1938 Neque
1416 1902 1514 1927 vero
1538 1889 1679 1927 minus
1704 1890 1776 1937 est,
1805 1887 1915 1938 quod

262 1965 301 1996 55
321 1953 650 2004 deprehenderis,
691 1953 733 1992 id
771 1953 1030 1992 concinniter
1067 1953 1386 1992 accommodare.
1455 1953 1815 2002 Quemadmodum
1852 1955 1915 1992 est

321 2019 478 2070 aliquid
497 2019 682 2069 primum
701 2019 909 2069 insignem
924 2018 1151 2068 repperisse
1171 2031 1379 2068 gemmam
1396 2033 1405 2066 ;
1438 2018 1584 2057 deinde
1604 2019 1806 2058 nonnulla
1824 2017 1914 2057 laus

321 2087 384 2123 est
408 2086 614 2134 repertam
637 2086 729 2133 apte
757 2085 927 2133 sceptris
953 2084 1025 2121 aut
1049 2083 1187 2121 anulis
1209 2083 1426 2122 addidisse.
1483 2083 1651 2122 Addam
1676 2084 1913 2133 exemplum

321 2162 401 2200 quo
420 2162 485 2188 res
503 2149 575 2187 fiat
594 2148 826 2187 dilucidior.
884 2147 1028 2186 Cicuta
1046 2161 1255 2186 venenum
1281 2149 1342 2186 est
1365 2147 1537 2196 homini,
1560 2148 1708 2186 vinum
1731 2147 1913 2196 cicutae3

322 2214 431 2265 quod
458 2214 493 2253 si
521 2214 674 2252 cicutae
697 2214 847 2252 vinum
874 2213 1108 2261 admisceas,
1140 2212 1223 2251 iam
1252 2225 1463 2251 venenum
1492 2212 1628 2251 multo
1656 2213 1915 2262 praesentius

260 2283 303 2314 60
322 2282 362 2319 et
387 2292 554 2330 prorsus
579 2277 885 2317 immedicabile
913 2277 1061 2326 reddis,
1082 2278 1295 2328 propterea
1320 2277 1428 2328 quod
1452 2277 1517 2316 vis
1547 2279 1588 2316 et
1616 2277 1799 2327 impetus
1824 2279 1914 2318 vini

321 2344 470 2385 veneni
499 2357 651 2383 noxam
680 2344 804 2382 citius
832 2343 883 2382 ad
911 2343 1055 2382 vitalia
1083 2342 1270 2381 membra
1299 2344 1486 2393 perferat.
1545 2343 1638 2381 Iam
1665 2343 1743 2382 hoc
1771 2344 1912 2394 ipsum

322 2424 410 2450 rem
429 2412 601 2449 naturae
620 2411 707 2448 tam
726 2409 958 2448 abstrusam
977 2410 1127 2457 tenere,
1143 2421 1282 2447 nonne
1300 2421 1394 2458 pars
1414 2410 1476 2446 est
1493 2408 1741 2446 eruditionis
1760 2422 1835 2447 nec
1854 2408 1914 2448 in-

320 2476 485 2526 elegans
504 2488 579 2513 nec
598 2474 852 2513 iniucunda?
900 2476 989 2525 Age
1010 2475 1105 2523 iam,
1127 2473 1163 2511 si
1182 2473 1274 2523 quis
1292 2474 1343 2512 ad
1362 2473 1473 2512 hunc
1492 2486 1613 2511 vsum
1632 2474 1914 2513 accommodet

321 2544 367 2581 vt
387 2541 496 2581 dicat
521 2540 802 2579 adulationem
828 2539 1032 2578 amicitiae
1055 2540 1401 2589 praesentaneum
1419 2551 1505 2577 esse
1525 2552 1742 2587 venenum,
1765 2552 1912 2578 verum

261 2610 301 2651 65
321 2607 358 2646 ei
381 2619 545 2645 rursum
563 2618 724 2645 veneno
744 2618 954 2644 venenum
973 2617 1059 2644 esse
1085 2604 1322 2643 libertatem
1341 2604 1593 2642 admonendi
1617 2617 1741 2655 quam
1767 2603 1912 2643 Graeci

320 2673 469 2711 vocant
486 2671 719 2721 παρρησίανε
749 2671 858 2721 quod
879 2670 914 2708 si
932 2670 1168 2709 libertatem
1187 2669 1304 2719 prius
1322 2669 1490 2717 inficias,
1508 2671 1549 2708 et
1568 2669 1628 2708 ita
1648 2669 1913 2708 commisceas

321 2750 415 2775 cum
435 2736 673 2776 adulatione
694 2738 740 2775 vt
758 2738 850 2775 tum
868 2735 1048 2774 maxime
1069 2734 1250 2773 aduleris
1275 2734 1416 2782 amico,
1442 2747 1536 2773 cum
1555 2734 1736 2773 maxime
1755 2733 1911 2773 videris

323 2800 545 2851 obiurgare,
575 2801 660 2840 iam
685 2800 988 2840 immedicabile
1016 2800 1176 2839 malum
1201 2812 1312 2847 esse3
1345 2799 1515 2839 nullane
1540 2799 1608 2838 1110
1634 2797 1792 2848 ingenii
1818 2797 1910 2837 laus

322 2878 407 2904 esse
426 2866 668 2906 videbitur?
723 2866 817 2906 Non
836 2866 1061 2913 mediocris,
1087 2865 1244 2916 opinor.

365 2972 417 3002 34.
443 2965 506 2997 135:
530 2964 793 2997 Laconissimus
809 2977 862 3006 117.
974 2975 1027 3006 35.
1053 2966 1115 3001 βεε
1138 2965 1317 3004 relinquet
1333 2976 1388 3004 α-γ.
1490 2974 1541 3004 57.
1567 2964 1631 2998 βε;
1655 2963 1836 3002 repertum
1851 2973 1907 3002 αγ.

322 3007 375 3039 62.
400 3008 550 3039 naturae
566 3011 671 3039 aLB:
695 3012 824 3040 natura
836 3011 935 3041 Lond.
