2010 3417
234 168 313 205 444
702 166 956 206 LETTERS
995 165 1065 205 OF
1103 165 1369 205 ERAsMUS
1709 163 1831 219 [1517

235 276 421 315 prompted
453 275 528 306 him
570 277 606 305 to
644 276 747 306 write
779 275 934 307 without
966 275 1114 315 waiting
1143 274 1309 313 further;
1350 275 1415 305 but
1447 274 1521 305 this
1552 274 1661 305 letter
1696 275 1834 306 crossed

234 320 296 359 Ep-
314 318 406 359 531]

567 394 827 425 GVLIELMVS
859 395 1070 425 BVDAEVS
1103 394 1285 425 ERASMO
1316 394 1443 425 ROTE.
1472 395 1505 423 S.

288 475 339 513 IN
377 488 528 525 magna
565 477 850 526 expectatione
883 489 1007 525 eram,
1043 490 1139 515 cum
1178 477 1277 515 haec
1315 475 1470 526 scripsi,
1508 475 1560 514 ob
1597 474 1835 525 epistolium

236 545 385 589 tuum;
437 541 546 591 quod
587 542 645 579 ita
682 541 733 579 ad
773 554 840 580 me
888 541 1095 592 scripsisti
1132 542 1249 592 quasi
1290 541 1556 592 longissimae
1597 539 1836 579 scribendae

233 606 430 656 epistolae
463 606 580 645 breui
611 608 810 645 nacturus
843 607 1108 647 occasionem.
1167 606 1304 647 Simul
1333 607 1437 646 scire
1474 605 1702 656 gestiebam
1735 605 1835 655 quid

233 672 288 710 sit
319 672 428 722 quod
458 672 705 710 Tunstallus
733 672 974 718 Britannus,
1007 672 1147 722 regius
1176 672 1271 711 istic
1300 674 1447 722 orator,
1477 672 1603 710 homo
1633 670 1837 720 singulari

196 748 212 778 5
233 738 433 785 doctrina,
465 739 513 775 vt
543 736 680 782 audio,
714 737 824 775 vltro
857 738 985 776 etiam
1017 738 1068 776 ad
1098 751 1167 776 me
1202 737 1434 787 scripturus
1463 738 1571 776 erat:
1611 736 1655 775 id
1687 739 1752 775 est
1785 737 1835 774 ad

232 802 459 842 amicitiam
489 816 557 840 me
586 805 897 852 prouocatur-us,
921 803 1139 842 hominem
1167 803 1250 842 sibi
1278 804 1471 853 ignotum
1498 816 1544 842 ac
1574 802 1706 841 doctis
1732 814 1837 852 pene

233 868 439 917 omnibus,
462 868 543 907 nisi
563 868 635 918 qui
663 868 714 906 de
739 868 843 906 facie
871 870 1090 908 nonerunt.
1152 868 1332 907 Interim
1351 881 1449 907 vero
1469 869 1571 907 dum
1589 867 1701 906 vices
1720 880 1836 906 meas

231 934 436 972 scribendi
452 934 640 972 nondum
652 934 817 973 venisse
829 934 1135 985 interpretarer,
1151 934 1339 985 epistolis
1353 934 1490 973 libens
1504 932 1833 983 supersedebam,

231 1000 339 1048 quod
369 999 536 1049 quidem
565 1000 616 1037 ad
645 1001 687 1037 te
715 1000 890 1038 attinet:
919 1002 967 1038 vt
987 1000 1060 1050 qui
1085 1000 1166 1039 sim
1195 1000 1246 1039 ad
1275 1000 1512 1039 scribendas
1540 999 1683 1037 literas
1710 998 1835 1037 etiam

173 1081 212 1102 10
232 1065 454 1103 vernaculo
475 1079 664 1104 sermone
685 1066 946 1104 cunctantior
963 1079 1008 1104 ac
1028 1066 1153 1116 plane
1172 1066 1299 1105 etiam
1319 1067 1497 1104 cessator
1517 1067 1558 1103 et
1579 1064 1809 1116 prolatator
1827 1077 1836 1112 ;

229 1129 357 1168 etiam
376 1130 412 1168 si
431 1143 516 1169 non
537 1131 637 1169 satis
656 1131 873 1169 scribendo
900 1132 1001 1170 noui
1027 1131 1299 1181 epistolarum
1319 1131 1505 1178 modum,
1526 1133 1573 1170 vt
1593 1131 1640 1169 tu
1659 1129 1836 1169 antehac

229 1197 423 1245 expertus
443 1209 495 1234 es.
567 1196 648 1234 Sed
672 1196 915 1235 huiusmodi
942 1198 1107 1247 repente
1133 1210 1176 1236 se
1204 1196 1359 1236 obtulit
1379 1197 1535 1235 occasio
1555 1208 1681 1247 quam
1699 1194 1835 1233 libens

228 1260 411 1310 arripere
431 1261 614 1300 debeam.

284 1324 389 1363 Heri
428 1325 558 1364 animi
595 1339 717 1366 causa
755 1326 812 1376 (id
852 1327 961 1377 quod
999 1340 1089 1366 raro
1127 1326 1253 1376 soleo)
1291 1328 1477 1367 tabernis
1513 1326 1833 1376 bibliopolarum

173 1404 208 1435 15
229 1389 431 1429 obeundis
468 1392 773 1441 pomeridianas
810 1391 969 1442 aliquot
1009 1393 1131 1431 horas
1170 1406 1414 1432 consumere
1451 1394 1689 1431 statueram.
1764 1391 1831 1430 Ad

228 1457 402 1496 Ioannis
440 1457 570 1496 Parui
614 1457 839 1506 tabernam,
881 1458 1037 1497 nobilis
1073 1459 1336 1509 bibliopolae,
1379 1459 1534 1498 offendi
1572 1458 1832 1497 Gulielmum

228 1522 426 1570 Paruum,
460 1522 538 1571 illi,
571 1525 618 1561 vt
656 1523 845 1572 arbitror,
882 1523 1107 1574 gentilem;
1150 1524 1289 1563 virum
1321 1525 1500 1563 eundem
1533 1526 1736 1573 magnum
1767 1523 1830 1561 in—

227 1586 375 1636 primis
393 1587 718 1638 theologumque
744 1588 959 1637 eximium,
985 1602 1128 1628 eorum
1155 1590 1359 1628 sodalium
1379 1591 1504 1628 decus
1523 1602 1625 1640 quos
1644 1587 1830 1628 Domini-

225 1652 331 1691 cales
346 1653 570 1702 appellant,
586 1656 857 1703 cognomento
877 1653 1193 1703 Praedicatores‚
1218 1655 1291 1705 qui
1309 1668 1421 1694 nunc
1441 1656 1503 1693 est
1521 1668 1545 1693 a
1564 1654 1831 1693 sacrosanctis

168 1734 208 1756 20
225 1716 553 1756 confessionibus
569 1718 673 1768 Regi
689 1734 697 1757 :
729 1719 836 1768 quod
852 1732 1008 1758 munus
1024 1733 1187 1758 sacrum
1203 1719 1468 1759 oricularium
1482 1720 1689 1770 appellare
1705 1719 1829 1758 soleo.

225 1781 351 1822 Haud
385 1782 472 1822 alio
502 1783 791 1822 concionatore
826 1784 922 1824 aula
955 1798 1001 1822 ac
1031 1785 1170 1834 regius
1202 1785 1425 1824 comitatus
1455 1785 1501 1823 in
1534 1784 1699 1834 magnis
1733 1785 1831 1823 cele-

221 1848 441 1887 britatibus
465 1848 608 1896 vtitur,
641 1862 716 1887 nec
745 1849 947 1888 Ludouici
977 1850 1107 1900 Regis
1134 1852 1321 1900 tempore
1346 1864 1422 1890 vsa
1448 1852 1534 1889 est:
1563 1851 1629 1889 vir
1657 1850 1829 1889 omnino

222 1913 273 1951 ad
293 1913 588 1952 ecclesiasticos
614 1914 929 1965 panegyrismos
948 1918 1088 1954 exacte
1110 1929 1133 1954 a
1152 1918 1303 1956 natura
1322 1916 1606 1955 concinnatus.
1663 1916 1708 1954 Is
1734 1929 1829 1955 cum

222 1978 329 2016 mihi
357 1979 616 2017 familiariter
644 1979 802 2018 amicus
828 1982 890 2018 est
914 1980 1150 2031 amicosque
1179 1995 1294 2020 meos
1323 1984 1445 2030 amat,
1462 1984 1555 2020 tum
1583 1994 1631 2019 eo
1660 1981 1829 2020 nomine

165 2062 202 2093 25
221 2056 318 2081 eum
344 2044 559 2094 praecipue
586 2045 772 2093 obseruo,
796 2046 906 2096 quod
929 2046 1133 2085 librorum
1160 2047 1468 2086 reconditorum
1494 2047 1748 2097 conquisitor
1766 2049 1828 2086 est

268 2177 316 2198 10.
343 2170 391 2198 F:
415 2170 617 2200 cunctatior
636 2173 664 2201 C.

221 2216 263 2241 C:
287 2213 385 2242 ante·
401 2214 434 2251 β,
454 2214 563 2249 influe
580 2223 691 2245 versus.

220 2265 271 2285 22.
298 2255 354 2285 vir
372 2258 415 2285 C:
436 2256 515 2285 viro
531 2258 565 2290 β.

1091 2174 1127 2203 et
1142 2173 1340 2213 prolatator
1356 2176 1430 2204 add.
1448 2174 1482 2208 β.
1597 2182 1646 2204 11.
1671 2173 1826 2204 antehac

1167 2226 1221 2248 20.
1245 2217 1501 2248 auricularium
1520 2218 1562 2251 B:
1586 2219 1638 2247 sed
1653 2219 1691 2254 cf.
1708 2227 1734 2248 v.
1753 2226 1824 2255 104.

756 2172 865 2202 etiam
882 2182 940 2202 om.
965 2173 1000 2206 β.

785 2224 834 2253 13.
859 2215 1025 2246 deberem
1041 2217 1075 2250 β.

701 2268 752 2297 23.
779 2259 994 2290 concinnato
1007 2261 1041 2294 β.

263 2377 294 2404 4.
318 2367 543 2408 Tunstallus]
569 2368 620 2398 Of.
639 2367 705 2407 Ep.
722 2378 797 2407 571.

265 2411 314 2441 16.
340 2411 487 2441 Ioannis
504 2409 629 2450 Parui]
653 2412 716 2442 See
730 2412 793 2451 Ep.
808 2414 882 2450 263.
899 2422 935 2443 11
951 2422 986 2443 n.

266 2463 316 2492 17.
343 2454 516 2496 Paruum]
554 2455 651 2486 Wm.
679 2455 774 2486 Petit
804 2456 874 2496 (†8
901 2456 983 2487 Dec.

222 2497 322 2537 1536)
355 2497 393 2528 of
429 2498 694 2538 Montivilliers,
728 2509 816 2530 near
855 2499 986 2532 Havre.

221 2541 277 2571 He
304 2540 452 2572 entered
479 2542 541 2572 the
565 2542 782 2573 Dominican
809 2543 922 2574 Order
950 2545 987 2574 at

220 2584 345 2615 Rouen
368 2596 396 2616 c.
426 2586 518 2626 1480,
547 2585 687 2616 became
710 2586 799 2618 D.D.
826 2588 863 2617 at
887 2587 987 2618 Paris

223 2637 324 2667 1502;
351 2628 422 2659 and
437 2629 529 2659 after
545 2629 653 2668 being
669 2630 770 2660 Prior
790 2631 827 2661 at
844 2630 987 2661 Evreux

219 2672 259 2701 in
290 2673 375 2710 1506
405 2672 476 2702 and
504 2672 602 2703 Blois
633 2674 672 2703 in
704 2674 799 2712 1508,
828 2683 901 2707 was
927 2684 986 2714 ap-

218 2715 367 2753 pointed
382 2715 572 2746 Confessor
591 2719 628 2747 to
645 2717 752 2747 Louis
768 2726 823 2747 ΧΠ
837 2727 866 2749 c.
888 2727 982 2757 1509.

219 2757 276 2788 He
288 2759 373 2789 held
384 2759 446 2790 the
459 2769 555 2790 same
566 2760 663 2790 office
673 2760 791 2791 under
803 2761 949 2792 Francis
958 2771 983 2800 1,

219 2802 291 2832 and
322 2812 394 2833 was
423 2802 608 2834 advanced
639 2806 675 2834 to
711 2804 775 2834 the
806 2805 916 2844 bpric.
950 2805 988 2835 of

218 2844 348 2883 Troyes
378 2847 417 2876 in
452 2856 544 2885 1519.
608 2847 677 2878 His
712 2847 893 2878 tolerance
924 2848 984 2878 led

219 2888 256 2917 to
286 2890 484 2927 suspicions
514 2890 553 2920 of
580 2891 767 2921 Lutheran
797 2891 983 2932 leanings3

218 2930 283 2960 but
306 2933 549 2963 never-theless
576 2934 621 2964 he
650 2935 812 2965 received
835 2935 898 2965 the
926 2945 983 2965 see

218 2972 256 3002 of
274 2973 392 3004 Senlis
413 2976 452 3005 in
477 2977 558 3014 1528
579 2978 650 3007 and
667 2977 751 3007 held
768 2979 797 3008 it
818 2979 917 3009 until
937 2979 984 3009 he

217 3015 312 3047 died.
361 3017 429 3048 His
459 3019 607 3058 literary
635 3021 786 3060 activity
812 3022 851 3051 in
884 3022 983 3053 Paris

1054 2380 1127 2400 was
1172 2373 1281 2410 great,
1323 2371 1395 2402 and
1439 2371 1571 2410 during
1614 2371 1678 2401 the
1722 2379 1826 2410 years

1057 2415 1205 2452 1508—13
1226 2414 1318 2444 with
1338 2415 1401 2445 the
1422 2415 1649 2454 cooperation
1672 2415 1711 2445 of
1726 2415 1824 2446 John

1055 2457 1161 2498 Petit,
1191 2457 1337 2497 Badius,
1364 2458 1436 2489 and
1464 2458 1511 2490 H.
1544 2458 1749 2498 Stephanus
1775 2459 1823 2489 he

1054 2501 1176 2532 edited
1194 2511 1233 2532 01·
1255 2501 1478 2541 encouraged
1501 2502 1623 2532 others
1646 2503 1682 2533 to
1703 2502 1780 2532 edit
1803 2512 1824 2533 a

1053 2545 1204 2575 number
1214 2545 1252 2575 of
1259 2545 1417 2586 authors,
1429 2545 1620 2586 including
1631 2545 1823 2577 Durandus

1053 2588 1096 2618 de
1119 2588 1250 2619 Sancto
1267 2589 1435 2620 Portiano
1458 2599 1504 2620 on
1527 2589 1590 2620 the
1614 2589 1820 2629 Sentences,

1053 2631 1195 2672 Hilary,
1221 2633 1362 2673 Origen,
1389 2633 1573 2674 Eusebius,
1603 2633 1761 2672 Gregory
1787 2632 1826 2663 of

1052 2675 1171 2713 Tours,
1188 2676 1347 2716 Sigebert
1365 2677 1403 2707 of
1415 2676 1625 2716 Gembloux,
1641 2675 1822 2715 Sulpitius

1053 2718 1215 2750 Severus'
1240 2719 1318 2750 Life
1340 2719 1379 2751 of
1403 2720 1451 2751 st.
1480 2719 1615 2750 Mai-tin
1640 2719 1679 2750 of
1697 2719 1821 2758 Tours,

1051 2762 1124 2793 and
1161 2763 1374 2803 Aymoinus.
1436 2764 1484 2795 In
1518 2763 1580 2794 the
1614 2763 1753 2803 preface
1783 2765 1821 2794 to

1053 2805 1197 2846 Hilary,
1227 2806 1336 2847 Paris,
1365 2806 1511 2846 Badius,
1538 2807 1618 2837 Jan.
1652 2806 1745 2848 1513,
1772 2806 1819 2837 he

1052 2850 1082 2879 is
1110 2850 1188 2881 said
1222 2851 1258 2881 to
1294 2850 1423 2889 belong
1454 2852 1490 2880 to
1521 2849 1582 2880 the
1612 2852 1819 2889 monastery

1051 2892 1091 2922 of
1108 2893 1159 2924 St.
1177 2894 1363 2933 Benignus
1386 2895 1423 2924 at
1448 2892 1567 2931 Dijon.
1614 2893 1678 2924 See
1699 2892 1822 2933 Quetif

1050 2937 1121 2967 and
1153 2937 1308 2975 Echani,
1340 2940 1452 2974 script.
1478 2939 1589 2967 Praeti.
1621 2936 1658 2967 ii.
1693 2946 1820 2975 loo-23

1050 2979 1121 3010 GC.
1146 2990 1179 3010 x.
1207 2989 1343 3020 1441,2;
1373 2980 1445 3011 and
1472 2979 1635 3020 Lefranc‚
1664 2982 1748 3012 Hist.
1773 2982 1817 3010 du

1051 3025 1159 3062 Collcqe
1175 3027 1210 3054 cle
1225 3027 1350 3064 Franco,
1368 3033 1403 3063 p.
1418 3033 1460 3061 47
1472 3033 1505 3054 n.
