2010 3417
120 169 212 223 323]
644 171 797 211 FROM
833 172 862 211 J
865 172 986 212 OHN
1023 171 1175 212 WITZ
1651 174 1703 211 49

115 281 391 320 Maximiliani
404 281 449 321 P.
466 281 508 320 F.
525 282 575 320 A.
590 293 614 320 a
633 281 807 328 secretis,
822 281 888 320 vir
898 282 1059 331 praeter
1078 294 1270 332 magnam
1290 281 1567 320 eruditionem
1580 281 1703 320 etiam

115 345 223 385 mira
247 346 481 396 integritate
506 346 741 396 praeditus3
771 346 842 396 qui
868 346 1036 397 quidem
1063 346 1222 397 pridem
1247 359 1296 385 ex
1323 346 1488 385 Vienna
1507 346 1702 385 Austriae

114 412 292 461 patriam
316 411 453 450 rediit.
512 411 556 449 Is
575 411 713 450 studio
733 414 775 449 te
793 411 959 450 visendi
978 412 1082 450 meis
1101 411 1286 450 stimulis
1305 411 1488 450 multum
1509 411 1699 450 incensus

114 478 177 515 est
205 489 329 527 seque
357 479 398 515 te
427 476 638 515 aditurum
665 476 855 526 promisit
884 490 1008 527 quam
1027 477 1213 527 primum
1242 477 1320 516 sibi
1347 490 1420 526 per
1448 478 1699 527 oportunum

114 541 290 581 ociolum
326 541 499 580 licuerit.
559 541 736 580 Interim
768 555 866 580 vero
897 542 977 581 tibi
1011 543 1213 593 supplicat
1245 545 1292 581 vt
1326 554 1367 581 se
1395 542 1438 580 in
1473 542 1699 581 amicorum

113 609 279 646 tuorum
299 607 440 645 album
459 606 674 644 adsumere
694 619 778 645 non
799 607 1044 657 dedigneris.

169 672 214 711 Si
250 674 390 710 autem
431 671 592 721 quaeris
633 684 705 709 cur
741 671 919 710 scribam
957 672 1035 710 tibi
1072 672 1157 711 iam
1194 686 1279 710 non
1318 672 1460 711 minus
1501 675 1697 723 occupato

112 736 326 776 litterariis
352 735 532 786 negociis
565 749 689 786 quam
728 736 856 785 priori
896 739 1090 787 tempore,
1132 738 1357 787 respondeo
1398 751 1464 777 me
1502 751 1586 776 non
1618 738 1697 777 im-

112 814 338 840 memorem
356 800 629 840 Calendarum
649 801 760 849 Mar„
784 814 887 851 quae
912 803 953 840 te
972 802 1078 840 forte
1097 803 1334 852 propediem
1355 802 1500 841 Italiae
1519 803 1693 841 tradent.

111 866 302 905 Persuasi
321 866 459 916 itaque
485 866 592 904 mihi
618 880 640 904 e
665 879 710 904 re
736 880 827 906 mea
851 867 951 916 fore⁷
974 868 1010 905 si
1029 867 1134 906 meis
1153 867 1305 906 litteris
1326 867 1557 917 digressum
1577 870 1696 906 tuum

108 931 402 981 praeuenirem‚
421 945 524 982 quae
539 931 681 982 Sapidi
700 932 954 980 memoriam,
973 933 1036 971 tui
1051 932 1255 971 mehercle
1273 932 1465 971 omnium
1483 932 1696 971 studiosis-

109 996 214 1040 simi.
242 996 321 1035 tibi
348 999 545 1047 tanquam
574 997 722 1036 hulcus
750 997 990 1036 refricarent
1018 997 1158 1048 sicque
1187 998 1496 1048 reintegrarent.
1556 997 1696 1036 Nullis

108 1063 221 1100 enim
238 1062 377 1101 verbis
394 1075 578 1112 vnquam
601 1062 796 1112 consequi
821 1075 992 1112 possum
1018 1064 1220 1113 quantum
1245 1063 1431 1113 mihiipsi
1450 1062 1697 1113 applaudam

111 1130 234 1176 atque
249 1127 520 1177 congratuler,
537 1128 862 1178 quandocunque
873 1128 982 1166 mihi
995 1128 1277 1167 infantissimo
1293 1129 1507 1167 doctorum
1522 1127 1699 1166 familia-

111 1193 212 1231 ritas
235 1192 450 1242 contingit.
509 1193 642 1231 Tanto
670 1193 808 1243 itaque
835 1193 940 1232 mihi
967 1193 1016 1232 de
1045 1196 1118 1232 tua
1146 1193 1279 1243 magis
1304 1194 1453 1244 placeo,
1476 1195 1630 1243 quanto
1650 1195 1697 1232 tu

108 1258 210 1296 alios
233 1257 446 1307 praecellis
474 1258 715 1306 eruditione,
740 1258 940 1308 sapientia
965 1260 1006 1297 et
1031 1259 1262 1309 probitate;
1290 1259 1347 1298 ita
1367 1261 1504 1298 autem
1529 1258 1695 1297 excellis

107 1326 153 1361 vt
181 1323 270 1373 tibi,
296 1336 426 1374 quum
454 1323 649 1362 omnibus
677 1337 750 1373 par
778 1323 846 1371 sis,
873 1323 1055 1362 similem
1083 1324 1272 1363 inuenire
1301 1338 1385 1363 non
1413 1323 1556 1374 possis.
1616 1324 1695 1363 Sed

106 1388 205 1438 quid
225 1388 304 1426 soli
322 1388 465 1427 lumen
488 1389 619 1427 infero
632 1390 653 1427 ἵ)

160 1453 262 1492 Vale
281 1453 528 1493 festinanter
545 1453 678 1504 pridie
698 1454 770 1493 cal.
795 1454 889 1493 Feb.
914 1468 965 1494 ex
987 1454 1192 1494 Schlestat
1217 1465 1332 1503 1515.

563 1621 660 1662 324.
719 1621 784 1662 To
815 1620 942 1662 JOHN
972 1621 1234 1664 REUCHLIN.

152 1711 359 1747 Illustrium
376 1711 538 1746 virorum
556 1711 736 1757 epistolae
753 1711 795 1747 f0.
817 1711 857 1746 s3.
1387 1711 1560 1758 <Basle.>

152 1768 227 1803 RE.
249 1774 344 1814 113³.
1304 1779 1318 1804 1
1341 1769 1470 1805 March
1491 1769 1646 1817 (1515).

149 1849 232 1891 [For
259 1849 320 1880 the
344 1858 466 1880 source
489 1858 545 1880 see
572 1849 636 1889 Ep.
654 1859 720 1889 300
736 1849 869 1881 introd.
904 1857 996 1888 1515,
1017 1850 1164 1880 because
1187 1849 1356 1880 Erasmus
1382 1849 1412 1880 is
1437 1849 1513 1880 still
1539 1852 1691 1882 contem-

104 1893 242 1933 plating
257 1893 320 1924 the
333 1891 489 1932 journey
504 1894 540 1923 to
557 1892 676 1924 Rome.
726 1893 853 1932 Geiger
870 1893 901 1923 is
918 1893 1019 1932 quite
1035 1902 1157 1932 wrong
1173 1893 1212 1924 in
1228 1892 1355 1932 dating
1373 1892 1484 1933 1510.]

520 1979 725 2010 ERASMVS
755 1979 1020 2010 REVCHLINO
1051 1980 1134 2010 SVO
1167 1980 1199 2011 S.
1235 1980 1275 2010 D.

156 2060 240 2098 IAM
260 2059 323 2098 bis
343 2060 394 2098 ad
414 2061 454 2098 te
473 2060 628 2109 scripsi,
646 2060 833 2099 fortassis
852 2060 1132 2110 negligentius
1151 2073 1276 2111 quam
1300 2061 1438 2099 decuit
1456 2061 1506 2099 ad
1525 2063 1691 2099 tantum

101 2125 250 2174 virum,
281 2125 353 2164 sed
382 2127 522 2164 tamen
564 2126 694 2164 amice
736 2125 1088 2176 simpliciterque:
1126 2128 1167 2164 at
1206 2126 1253 2164 tu
1284 2139 1336 2164 ne
1370 2125 1496 2165 verbo
1523 2126 1701 2176 quidem-

101 2190 331 2240 respondes.
404 2190 498 2229 Non
540 2204 710 2241 possum
739 2191 961 2241 quicquam
991 2191 1041 2229 de
1069 2192 1110 2229 te
1143 2190 1354 2241 suspicari,
1387 2191 1470 2230 nisi
1498 2191 1606 2242 quod
1636 2192 1690 2230 sit

100 2255 381 2294 eruditissimo
434 2256 561 2294 simul
617 2258 658 2294 et
711 2256 1016 2295 humanissimo
1062 2256 1152 2294 viro
1200 2256 1385 2306 dignum.
1463 2256 1691 2306 Episcopus

1729 426 1762 458 ¹5

1721 753 1760 774 20

1717 1399 1758 1429 30

101 2320 316 2367 Roffensis,
337 2320 403 2359 vir
422 2320 754 2360 absolutissimae
774 2321 994 2370 doctrinae,
1018 2321 1061 2359 in
1081 2321 1167 2360 suis
1187 2321 1235 2360 ad
1259 2335 1326 2360 me
1346 2321 1480 2360 literis
1505 2321 1563 2360 ita
1582 2322 1630 2360 de
1650 2323 1689 2359 te
1708 2335 1724 2366 5

100 2386 316 2424 meminit:
347 2387 356 2405 ⁴
373 2386 489 2434 Quod
509 2386 592 2424 mei
611 2387 850 2425 meminisse
870 2386 1051 2425 volueris
1078 2389 1118 2425 et
1143 2399 1208 2424 me
1235 2399 1308 2437 per
1333 2387 1473 2425 literas
1496 2387 1683 2433 salutare,

99 2450 251 2499 gratias
278 2463 355 2500 ago
382 2450 460 2488 tibi
487 2451 700 2499 maximas,
725 2453 766 2489 et
794 2451 1011 2501 praecipue
1039 2451 1146 2500 quod
1177 2451 1226 2489 de
1254 2451 1459 2490 Reuchlin
1488 2453 1572 2489 tam
1601 2451 1687 2489 dili-

99 2516 242 2563 genter
269 2515 409 2553 omnia
438 2515 649 2566 scripseris
663 2531 673 2563 ;
707 2517 774 2554 cui
803 2530 877 2567 ego
908 2516 1029 2555 valde
1055 2516 1182 2563 faueo,
1214 2529 1448 2566 quanquam
1476 2516 1684 2565 incognito

100 2579 233 2617 mihi.'
287 2580 350 2617 Ac
379 2579 500 2629 paulo
530 2582 650 2630 post:
684 2582 777 2620 ‘Ad
798 2581 1007 2620 Reuchlin
1032 2580 1153 2619 illum
1183 2581 1313 2628 redeo,
1342 2582 1461 2619 cuius
1489 2594 1620 2630 opera,
1652 2581 1686 2619 si

99 2657 176 2693 qua
202 2643 374 2682 ediderit
397 2657 498 2694 quae
517 2646 624 2695 apud
645 2658 720 2684 nos
740 2659 824 2684 non
844 2646 1009 2693 fuerint,
1028 2659 1145 2684 cures
1165 2659 1314 2695 quaeso
1334 2645 1383 2683 ad
1405 2658 1480 2683 nos
1498 2645 1681 2694 perferri.
1709 2665 1745 2686 10

101 2707 209 2746 Nam
228 2707 334 2746 mihi
352 2708 470 2747 valde
489 2710 621 2759 placet
640 2710 826 2748 hominis
845 2710 1034 2758 eruditio,
1049 2712 1104 2758 vt,
1122 2711 1193 2760 qui
1211 2710 1390 2748 vicinius
1410 2710 1460 2748 ad
1481 2710 1683 2749 Ioannem

100 2774 248 2812 Picum
269 2773 495 2821 accesserit,
518 2774 647 2813 alium
667 2776 803 2813 extare
834 2775 1045 2813 neminem
1065 2776 1238 2813 credam.
1298 2773 1475 2820 Vellem,
1496 2775 1678 2820 Erasme‚

263 2871 336 2901 323.
362 2880 413 2909 25.
439 2870 668 2911 appllaudem
685 2873 753 2901 MS.
886 2881 938 2910 30.
965 2871 1071 2910 quid.
1091 2893 1099 2901 .
1120 2894 1125 2900 .
1143 2872 1159 2901 ⁶?
1172 2873 1246 2901 LB:
1271 2872 1354 2910 quia
1372 2895 1380 2904 .
1396 2895 1403 2902 .
1425 2895 1432 2902 .
1448 2873 1515 2903 MS.

140 2971 214 3001 323.
244 2980 292 3010 13.
315 2970 456 3011 P.F.A.]
474 2970 528 3001 Pii
545 2969 671 3001 Felicis
686 2970 850 3010 Augusti.
921 2969 1027 3000 letter
1043 2968 1252 3000 mentioned
1268 2969 1369 3000 there
1386 2970 1424 3000 in
1441 2969 1464 3001 1.
1483 2979 1535 3009 37.

139 3014 216 3045 324.
235 3023 260 3045 1.
277 3014 348 3055 bis]
366 3013 429 3054 Ep.
443 3023 508 3053 300
524 3013 594 3044 and
611 3013 673 3044 the
688 3013 852 3053 previous
964 3022 994 3052 5.
1021 3012 1211 3053 Roffensis]
1228 3013 1352 3044 Fisher
1366 3024 1373 3051 ;
1397 3013 1439 3045 cf.
1459 3014 1520 3054 Ep.
1541 3023 1613 3054 229.

162 3079 270 3099 anm-:u
290 3080 319 3099 11
873 3081 897 3106 E
