2010 3417
302 200 381 238 538
769 198 1020 238 LETTERS
1059 199 1129 238 OF
1167 198 1436 238 ERASMUS
1772 198 1811 253 [1
1820 211 1842 249 5
1851 213 1865 238 1
1875 209 1896 248 7

302 308 533 359 aliquando,
565 310 612 346 vt
640 308 686 346 in
716 308 888 347 domum
916 308 1108 359 Capellae
1141 308 1325 359 digneris
1358 309 1564 347 diuertere
1592 311 1633 347 et
1662 308 1808 349 fratres
1835 310 1900 349 tui

303 374 615 413 amantissimos
634 374 828 413 inuisere.
837 373 858 391 ’⁹
871 376 881 391 '

348 438 439 477 Hec
466 438 547 477 fuit
579 439 774 478 salutatio
807 453 909 488 mea,
941 441 1112 479 Erasme
1143 440 1408 487 doctissime3
1452 441 1559 490 'quae
1597 439 1634 478 si
1671 439 1764 490 plus
1801 439 1902 480 satis

244 520 281 551 15
302 504 520 542 temeraria
543 504 632 543 visa
657 504 797 554 fuerit,
823 518 1041 555 precamur
1068 505 1378 545 humanitatem
1401 507 1520 544 tuam
1548 507 1595 545 vt
1614 505 1657 544 id
1681 505 1815 545 amori
1833 505 1903 545 tri-

302 569 415 609 buas.
473 569 611 608 Aliter
640 571 755 608 enim
781 572 823 609 te
845 571 1069 609 sollicitare
1100 583 1187 609 non
1212 571 1364 619 debeo3
1395 583 1492 609 nam
1522 571 1734 621 praeclara
1763 571 1904 610 studia

302 637 374 673 tua
407 648 492 673 non
524 635 778 685 ignoramus.
837 635 1018 676 Interim
1043 649 1141 675 vero
1167 649 1242 675 nos
1263 636 1312 675 de
1344 637 1384 675 te
1406 636 1513 675 bene
1538 636 1770 685 sentiendo,
1799 636 1903 676 bene

301 700 520 750 loquendo,
560 701 666 740 bene
705 701 945 751 ominando,
988 702 1090 741 bene
1127 702 1333 752 precando
1371 702 1433 753 (vt
1470 702 1674 741 hactenus
1710 702 1902 752 fecimus)

302 766 486 805 amicicie
505 769 643 817 partes
666 767 889 806 tuebimur.
948 768 1064 816 Vale,
1088 767 1212 806 decus
1237 767 1385 807 aetatis
1408 769 1576 807 nostrae
1599 768 1899 817 dulcissimum,

245 848 283 869 20
303 834 344 871 et
362 846 439 872 nos
458 833 494 871 si
514 833 603 871 fieri
624 835 760 883 potest
780 833 917 884 dilige,
940 833 1036 884 quia
1055 846 1132 872 nos
1152 835 1193 872 te
1213 833 1441 884 diligimus.

356 898 411 936 In
430 898 553 938 domo
573 898 764 949 Capellae
789 899 884 938 diue
904 899 1056 939 Mariae
1085 913 1213 950 prope
1233 899 1419 950 Angiam
1442 901 1589 938 octauo
1616 899 1721 938 Idus
1740 898 1905 950 Aprilis

308 974 423 1012 1517.

362 1093 499 1148 571583
558 1091 691 1134 FROM
725 1092 975 1134 CUTHBERT
1006 1092 1248 1134 TUNSTALL
1279 1104 1333 1134 To
1366 1092 1586 1134 WILLIAM
1619 1092 1857 1133 BUDAEUS.

350 1182 570 1218 Auctarium
589 1196 626 1228 p.
645 1185 701 1220 68.
1590 1182 1833 1230 <Antwerp.>

352 1241 387 1275 F.
408 1253 444 1287 p.
467 1244 552 1278 116:
579 1242 669 1278 HN:
696 1242 812 1278 Lond.
832 1242 871 1277 ii.
894 1253 958 1288 29:
987 1242 1059 1278 LB.
1080 1252 1160 1288 253.
1576 1241 1708 1289 (April
1729 1241 1855 1289 1517.)

349 1323 451 1364 [This
471 1323 580 1355 letter
600 1323 673 1354 and
690 1324 738 1354 its
760 1334 901 1355 answer
916 1334 1010 1355 were
1027 1323 1198 1355 included
1215 1325 1262 1364 by
1278 1324 1447 1355 Erasmus
1465 1325 1503 1354 in
1520 1323 1579 1354 his
1600 1324 1903 1365 correspondence

304 1367 376 1398 and
400 1377 482 1407 may
505 1367 681 1398 therefore
704 1367 782 1398 find
804 1367 904 1407 place
928 1368 1024 1399 here.
1069 1368 1190 1399 When
1215 1368 1280 1407 Ep.
1306 1377 1369 1406 572
1395 1377 1468 1399 was
1492 1370 1583 1407 sent,
1602 1368 1678 1399 this
1702 1368 1809 1399 letter
1831 1367 1904 1398 had.

304 1410 451 1451 already
467 1412 557 1442 been
580 1411 770 1451 composed
787 1414 975 1443 iamdudum
989 1422 998 1450 3
1021 1412 1086 1442 but
1108 1413 1136 1442 it
1153 1422 1225 1442 was
1246 1412 1418 1451 probably
1434 1412 1498 1442 not
1521 1411 1628 1443 dated
1645 1422 1732 1452 very
1748 1411 1846 1451 early
1863 1411 1903 1441 in

304 1454 420 1495 April,
438 1455 536 1486 since
552 1456 581 1485 it
598 1455 661 1485 did
680 1456 742 1485 not
758 1455 862 1486 reach
881 1455 1047 1486 Budaeus
1063 1454 1122 1486 till
1138 1456 1158 1485 6
1176 1455 1257 1494 May
1275 1455 1354 1495 (Ep.
1374 1456 1446 1494 583.
1465 1457 1534 1494 50).

349 1499 409 1529 Dr.
429 1498 568 1529 Reich's
590 1499 771 1529 inference
791 1499 872 1529 that
894 1499 923 1529 it
945 1500 1043 1530 must
1064 1499 1106 1529 be
1128 1498 1253 1538 placed
1271 1500 1389 1529 before
1404 1508 1445 1538 25
1464 1499 1598 1537 March,
1617 1499 1764 1530 because
1786 1500 1815 1529 it
1833 1508 1903 1529 was

305 1542 452 1626 fvriItAEer}
476 1542 568 1573 from
592 1542 766 1580 Brussels,
788 1542 819 1573 is
843 1542 951 1573 based
975 1552 1021 1573 011
1044 1551 1064 1572 a
1088 1542 1170 1573 date
1194 1542 1322 1581 added,
1347 1542 1504 1581 entirely
1528 1543 1682 1573 without
1705 1542 1902 1582 authority,

306 1596 344 1616 111
423 1611 430 1617 .

507 1673 767 1704 CVTBERTVS
798 1673 1084 1703 TVNSTALLVS
1117 1673 1352 1704 GVLIELMO
1384 1674 1567 1704 BVDAEO
1599 1675 1633 1704 S.
1660 1675 1703 1704 D.

359 1755 478 1803 QVOD
499 1768 592 1794 mea
612 1757 760 1805 sponte
780 1768 853 1805 per
874 1754 1023 1804 ocium,
1045 1754 1110 1793 vir
1128 1754 1422 1803 eruditissime,
1445 1755 1631 1794 facturus
1649 1768 1774 1804 eram,
1791 1757 1837 1793 vt
1852 1755 1904 1793 ad

303 1823 344 1858 te
363 1821 592 1869 scriberem,
612 1821 719 1859 mihi
738 1820 780 1859 id
795 1821 838 1859 in
856 1821 1005 1859 mediis
1020 1822 1125 1859 meis
1145 1821 1487 1871 occupationibus
1500 1820 1653 1859 crebris
1671 1821 1757 1859 suis
1771 1820 1905 1859 literis

303 1887 475 1924 extorsit
494 1886 697 1925 Erasmus
715 1901 724 1934 ;
754 1887 825 1937 qui
845 1886 932 1933 tibi,
949 1888 995 1924 vt
1015 1886 1084 1934 ait,
1102 1886 1313 1936 pollicitus
1328 1888 1390 1925 est
1409 1886 1452 1924 id
1469 1899 1534 1925 me
1550 1886 1668 1925 breui
1682 1886 1900 1925 facturum.

304 1953 443 2001 Atque
470 1951 560 1989 ideo
586 1952 633 1989 vt
655 1951 778 1989 amici
803 1951 928 1990 fidem
955 1951 1139 1999 liberem,
1165 1951 1274 2001 quod
1301 1951 1346 1990 in
1370 1951 1482 1990 diem
1505 1951 1660 2002 alioqui
1678 1951 1807 1990 facere
1826 1953 1904 1990 sta·

267 2030 283 2060 5
302 2020 476 2064 tueram,
500 2019 802 2067 repraesentare
829 2030 923 2056 sum
949 2018 1128 2057 coactus.
1189 2017 1298 2056 Nam
1319 2017 1421 2055 dum
1440 2017 1513 2055 ille
1533 2017 1621 2056 suis
1640 2017 1692 2056 ad
1712 2019 1753 2055 te
1772 2016 1905 2055 literis

306 2083 355 2122 de
380 2085 452 2121 tua
473 2084 517 2121 in
545 2086 718 2133 vtraque
749 2083 891 2133 lingua
919 2083 1068 2134 peritia
1098 2096 1240 2122 meum
1266 2083 1382 2122 velut
1409 2083 1610 2123 idoneum
1644 2083 1764 2123 affert
1792 2082 1904 2121 testi-

306 2148 509 2195 monium,
545 2151 672 2199 tuque
703 2149 767 2187 illi
797 2149 846 2187 de
875 2161 942 2187 me
972 2148 1096 2187 fidem
1131 2149 1290 2188 habens
1328 2151 1522 2188 nostrum
1556 2162 1642 2187 non
1674 2148 1902 2199 aspernaris

304 2213 516 2262 iudicium,
539 2214 657 2252 velut
686 2227 753 2252 me
781 2214 826 2252 in
855 2214 1041 2252 iudicum
1069 2227 1294 2264 agnoscens
1323 2214 1430 2263 albo,
1461 2214 1659 2264 putabam
1687 2214 1738 2252 ad
1767 2226 1904 2252 meam

304 2279 598 2318 verecundiam
636 2292 722 2330 non
759 2292 906 2328 parum
936 2279 1113 2318 attinere
1147 2282 1193 2318 vt
1227 2292 1305 2330 qua
1336 2293 1461 2319 arena
1493 2280 1574 2318 duo
1607 2279 1740 2318 nostri
1772 2277 1902 2318 seculi

249 2355 287 2377 10
305 2344 483 2384 Milones
519 2345 564 2383 in
601 2344 733 2383 literis
761 2344 1028 2384 amicissimis
1059 2344 1245 2394 epistolis
1277 2345 1388 2383 inter
1420 2358 1464 2383 se
1493 2346 1710 2393 certarent,
1742 2356 1904 2394 quaque

305 2409 410 2448 alter
434 2410 482 2448 de
506 2409 634 2448 altero
659 2422 876 2448 censuram
903 2412 1045 2459 ageret
1071 2423 1156 2448 non
1180 2410 1449 2458 ineruditam,
1472 2423 1522 2448 ex
1545 2423 1591 2449 ea
1610 2423 1677 2448 me
1696 2408 1905 2460 quampri-

306 2489 424 2514 mum
443 2475 716 2514 subducerem
734 2490 742 2523 ;
773 2488 868 2514 cum
889 2489 964 2514 nec
984 2476 1020 2514 is
1041 2475 1122 2514 sim
1143 2476 1215 2525 qui
1235 2489 1330 2514 cum
1351 2476 1527 2514 Erasmo
1547 2488 1764 2514 censuram
1783 2487 1904 2524 agere

306 2541 353 2579 de
390 2540 534 2589 literis,
570 2554 704 2590 neque
743 2540 791 2579 de
830 2541 999 2580 Budaeo
1036 2540 1239 2579 subeunte
1277 2540 1480 2579 iudicium
1511 2540 1784 2590 pronunciare
1822 2539 1902 2578 sim

306 2605 489 2645 idoneus.
551 2606 738 2654 Quorum
766 2607 951 2656 vterque,
983 2605 1162 2656 patriam
1194 2618 1311 2644 suam
1339 2606 1555 2644 illustrans
1586 2608 1627 2643 et
1660 2605 1751 2644 orbi
1778 2607 1904 2643 terra-

250 2681 286 2711 15
305 2684 398 2708 rum
414 2670 525 2709 fama
539 2671 740 2720 cognitus,
756 2684 803 2709 ea
814 2673 875 2709 est
890 2671 998 2721 apud
1014 2671 1197 2709 eruditos
1211 2671 1431 2709 autoritate
1446 2672 1492 2709 vt
1507 2670 1704 2720 quicquid
1716 2672 1921 2709 vestrum·

307 2736 463 2774 vteruis
483 2735 527 2773 in
547 2735 682 2774 literis
711 2736 927 2783 censuerit,
951 2749 1101 2786 magno
1120 2736 1162 2774 id
1185 2749 1389 2774 consensu
1405 2749 1535 2785 vsque
1555 2736 1657 2774 adeo
1678 2735 1902 2774 defendant

307 2811 461 2848 omnes,
498 2803 544 2839 vt
574 2801 818 2851 praeiudicii
849 2801 936 2839 vim
969 2801 1014 2839 in
1051 2803 1264 2850 posterum
1301 2801 1451 2839 habere
1488 2801 1688 2839 videatur.
1757 2801 1904 2850 Itaque

309 2864 451 2903 Oreste
470 2878 553 2903 non
580 2866 732 2905 iniuria
757 2866 887 2904 videri
913 2879 1077 2916 possem
1108 2866 1305 2915 insanior,
1328 2866 1364 2904 si
1392 2866 1609 2916 vtriusque
1637 2866 1803 2916 linguae
1829 2865 1902 2903 im-

318 3000 320 3002 ,
351 2973 424 3003 571.
452 2983 484 3003 2.
509 2974 639 3015 literis]
667 2975 716 3006 Cf.
735 2975 798 3014 Ep.
818 2984 891 3013 572.
916 2985 984 3014 1-4.
1181 2985 1211 3013 7.
1236 2984 1307 3005 non
1324 2974 1542 3015 aspernaris]
1568 2974 1631 3014 Ep.
1651 2983 1723 3014 493.
1746 2974 1786 3003 18
1801 2982 1873 3012 seq.

353 3025 381 3052 3.
409 3016 588 3053 pollicitus
605 3018 676 3057 est]
702 3019 764 3057 Ep.
787 3029 860 3057 531.
886 3020 923 3048 16
941 3029 1011 3058 seq.
1178 3019 1209 3049 8.
1234 3018 1328 3059 albo]
1347 3018 1397 3049 Cf.
1413 3019 1508 3049 Suet.
1531 3021 1640 3049 Claud.
1661 3019 1712 3056 16,
1727 3020 1814 3048 Dom.
1832 3017 1861 3047 8.

354 3067 382 3094 5.
412 3059 544 3099 literis]
569 3061 632 3100 Ep.
652 3062 724 3099 480.
750 3071 788 3100 13
806 3072 876 3100 seq.
1181 3062 1229 3093 18.
1257 3061 1395 3102 Oreste]
1421 3062 1472 3093 Cf.
1493 3062 1582 3092 Hor.
1598 3065 1631 3092 S.
1649 3071 1679 3092 2.
1696 3071 1725 3100 3.
1750 3070 1809 3100 133
1826 3069 1900 3098 seq.
