2010 3417
106 144 210 198 492]
267 146 418 185 FROM
447 146 673 185 ADRIAN
703 146 773 185 ΤΟ
802 145 1122 186 CORNELIUS
1151 146 1221 185 OF
1250 146 1566 185 BAARLAND
1619 147 1699 186 387

164 256 225 294 De
253 255 418 294 Erasmi
446 255 804 295 lucubrationibus
834 256 941 305 quod
972 255 1073 294 scire
1101 256 1166 295 vis
1194 256 1350 302 ordine,
1369 256 1447 295 tibi
1471 269 1582 295 nunc
1610 269 1696 306 per-

110 321 313 369 scribam;
348 333 586 370 quanquam
611 334 695 359 non
724 322 824 359 sunt
849 321 926 359 hoc
954 323 1139 371 tempore
1165 321 1216 360 ad
1243 334 1415 360 manum
1437 321 1579 360 omnia
1597 334 1698 372 quae
1720 332 1760 353 20

109 386 176 424 vir
204 386 275 425 ille
304 386 558 436 conscripsit,
582 386 812 436 quibusque
837 385 1033 424 Latinam
1059 386 1246 436 linguam
1274 386 1332 424 ita
1359 386 1628 436 locupletauit
1654 387 1701 425 vt

111 464 196 490 non
217 451 438 490 debeamus
456 451 532 490 hac
560 453 804 500 tempestate
830 463 1078 500 magnopere
1104 451 1217 500 queri
1237 451 1290 490 ob
1312 452 1487 491 amissos
1506 451 1700 491 authores

110 530 183 566 per
204 516 438 556 Gothorum
458 516 503 554 in
527 515 696 554 Italiam
718 516 1010 554 incursionem.
1071 516 1262 555 Primum
1288 516 1416 565 igitur
1437 519 1484 556 vt
1507 518 1558 556 ad
1578 530 1699 567 opera

110 582 199 620 eius
227 581 402 629 veniam,
434 583 548 619 extat
578 580 851 619 Enchiridion
880 580 1030 619 Militis
1059 581 1298 630 Christiani,
1329 582 1574 631 opusculum
1602 595 1699 621 vere

108 659 282 686 aureum
308 648 350 684 et
375 646 570 685 omnibus
595 646 775 685 maxime
801 645 1067 694 conducibile,
1092 646 1163 696 qui
1190 659 1232 684 se
1258 660 1281 684 a
1307 647 1486 696 corporis
1515 648 1700 697 volupta-
1722 657 1758 689 25

110 712 223 751 tibus
247 711 445 750 abducere
469 713 511 749 et
539 710 589 749 ad
610 710 778 749 virtutis
804 711 884 749 iter
910 711 1120 761 accingere
1147 713 1188 750 et
1211 711 1262 750 ad
1292 711 1517 759 Christum,
1540 713 1612 763 qui
1639 714 1702 752 est

108 777 262 815 veritas
295 778 336 815 et
369 776 464 824 vita,
500 776 792 815 constituerint
827 776 1027 814 accedere.
1087 775 1357 814 Contionator
1389 777 1559 826 quidam
1592 777 1701 827 apud

107 842 438 891 Antuerpienses
470 841 626 880 celeber
656 843 698 879 et
731 841 858 891 primi
886 840 1078 887 nominis,
1110 840 1226 879 cuius
1254 840 1361 879 mihi
1390 854 1474 880 non
1503 843 1702 881 succurrit

110 919 277 956 nomen,
309 908 476 945 tantum
507 906 656 945 tribuit
691 906 791 945 olim
825 906 870 944 in
901 906 988 945 vita
1016 905 1114 944 huic
1147 906 1358 955 opusculo,
1387 908 1434 944 vt
1464 907 1626 956 saepius
1656 907 1703 945 in

110 983 303 1010 consessu
332 971 458 1009 etiam
482 984 731 1020 magnorum
757 970 1003 1009 iudicauerit
1035 983 1084 1009 ex
1114 970 1289 1020 singulis
1318 969 1488 1020 pagellis
1517 969 1701 1020 singulas
1722 983 1763 1014 30

108 1050 228 1086 posse
265 1036 354 1074 fieri
391 1038 432 1075 et
469 1036 612 1075 haberi
649 1035 872 1074 contiones.
940 1036 1016 1074 Est
1053 1035 1335 1085 Panegyricus
1367 1036 1418 1074 ad
1457 1035 1702 1086 Philippum

110 1101 362 1151 Principem,
385 1101 665 1140 Archiducem
690 1101 895 1149 Austriae,
920 1100 1137 1139 continens
1162 1100 1462 1150 triumphalem
1480 1100 1597 1140 illius
1615 1113 1704 1150 pro-

110 1167 330 1205 fectionem
351 1166 395 1204 in
415 1165 642 1216 Hispanias
662 1165 904 1215 felicemque
930 1166 976 1204 in
1002 1167 1180 1216 patriam
1201 1166 1251 1204 ad
1271 1179 1369 1205 suos
1388 1166 1581 1204 reditum.
1641 1166 1703 1204 De

109 1246 190 1282 quo
209 1245 326 1282 opere
346 1245 439 1271 vere
458 1231 565 1269 mihi
583 1231 726 1271 videor
744 1244 863 1280 posse
883 1230 1016 1270 dicere
1039 1232 1148 1280 quod
1170 1231 1218 1269 de
1238 1231 1434 1270 Cicerone
1455 1231 1561 1270 dixit
1578 1231 1703 1280 Quin-

110 1298 294 1346 tilianus,
313 1297 471 1336 elucere
490 1297 535 1335 in
549 1310 597 1335 eo
616 1296 865 1334 immortalis
879 1295 1038 1346 ingenii
1052 1298 1139 1334 eius
1156 1295 1442 1335 beatissimam
1461 1296 1702 1343 vbertatem,
1724 1307 1762 1339 35

110 1376 187 1401 nec
218 1376 313 1402 eum
344 1362 508 1411 pluuias
538 1375 665 1412 aquas
699 1360 888 1411 colligere
917 1361 989 1400 sed
1022 1360 1120 1400 viuo
1148 1361 1310 1410 gurgite
1341 1361 1559 1400 exundare.
1622 1360 1705 1399 Hic

111 1428 356 1478 Philippum
390 1427 525 1466 adhuc
559 1426 756 1465 iuuenem
789 1439 998 1476 propeque
1031 1426 1262 1465 imberbem
1296 1426 1436 1465 laudat
1467 1424 1705 1475 obiectaque

109 1493 278 1532 virtutis
295 1493 477 1542 imagine
497 1492 735 1531 cohortatur
754 1492 805 1530 ad
825 1491 1010 1530 honesta.
1067 1491 1254 1541 Reliquit
1274 1491 1422 1530 deinde
1442 1491 1706 1529 Precationes

110 1559 268 1610 aliquot
297 1571 427 1608 quum
456 1558 639 1596 eruditas
667 1560 760 1595 tum
787 1557 954 1607 pietatis
978 1557 1133 1606 plenas,
1161 1557 1211 1595 ad
1240 1557 1383 1595 Iesum
1413 1558 1455 1595 et
1485 1556 1704 1606 Virginem

111 1625 299 1663 matrem.
370 1623 482 1662 Pene
513 1622 621 1661 mihi
651 1622 855 1661 exciderat
886 1622 990 1660 alter
1018 1621 1290 1672 panegyricus
1323 1622 1422 1670 siue,
1454 1623 1502 1661 vt
1531 1621 1618 1671 ipse
1648 1621 1706 1659 in·
1725 1635 1767 1665 40

111 1689 287 1738 scripsit,
314 1688 502 1738 Epistola
530 1687 811 1726 exhortatoria
839 1687 889 1725 ad
919 1687 1212 1737 capescendam
1240 1687 1448 1734 virtutem,
1479 1685 1707 1736 conscripta

113 1754 327 1804 dicataque
373 1752 569 1803 Adolpho
616 1752 796 1803 principi
842 1752 1047 1791 Veriensi.
1122 1751 1375 1797 Enchiridio‚
1421 1751 1536 1789 cuius
1582 1764 1706 1801 supra

111 1818 394 1866 meminimus,
419 1817 660 1868 adiungitur
689 1816 868 1864 subtilis,
889 1817 1041 1866 grauis,
1069 1818 1212 1855 ornata
1239 1815 1475 1866 Disputatio
1504 1816 1554 1854 de
1581 1815 1704 1864 tedio,

110 1884 341 1934 pauore,‘ac
361 1882 531 1921 tristitia
551 1882 823 1931 redemptoris
841 1882 973 1920 nostri
993 1881 1102 1920 Iesu.

167 1947 398 1988 Transtulit
418 1947 528 1986 idem
549 1961 598 1986 ex
617 1946 800 1986 Luciano
815 1947 1042 1997 permultos
1061 1959 1106 1985 ac
1120 1946 1254 1985 varios
1274 1945 1467 1995 dialogos,
1491 1946 1535 1984 in
1556 1946 1706 1996 quibus
1724 1959 1765 1991 45

113 2014 219 2052 mihi
256 2016 391 2051 tersus
429 2014 551 2063 atque
590 2012 753 2062 elegans
787 2011 966 2050 maxime
999 2011 1172 2050 videtur.
1245 2011 1426 2049 Proinde
1458 2011 1605 2060 dignos
1638 2024 1706 2049 eos

112 2092 258 2118 censeo
292 2091 396 2127 quos
428 2090 573 2116 omnes
601 2076 813 2115 literarum
843 2089 954 2115 sacra
985 2075 1165 2115 colentes
1195 2089 1280 2114 non
1309 2076 1434 2114 modo
1463 2075 1601 2125 legant
1632 2075 1704 2114 sed

112 2144 297 2182 ediscant
315 2142 442 2181 etiam
467 2144 508 2180 et
534 2141 725 2180 omnium
749 2141 1128 2191 peregrinationum
1149 2141 1319 2179 comites
1337 2140 1527 2180 habeant.
1588 2141 1706 2179 Inter

113 2209 296 2258 dialogos
315 2209 378 2246 est
398 2207 641 2246 declamatio
660 2207 845 2245 eiusdem
865 2206 1035 2245 Luciani
1055 2206 1105 2245 ab
1125 2207 1297 2245 Erasmo
1311 2219 1441 2254 versa,
1464 2219 1559 2245 cum
1578 2206 1704 2245 altera

113 2273 299 2313 eiusdem
327 2272 491 2312 Erasmi
520 2285 621 2323 quae
649 2272 892 2311 Lucianicae
916 2271 1148 2322 respondet.
1205 2271 1421 2322 Leguntur
1448 2271 1631 2310 studiose
1654 2271 1704 2309 ab
1725 2285 1767 2317 50

114 2337 372 2388 eloquentiae
392 2336 623 2376 candidatis
637 2336 751 2387 pleni
765 2336 895 2375 bonae
909 2336 1042 2386 frugis
1057 2336 1118 2374 De
1133 2336 1257 2387 Copia
1272 2349 1411 2374 rerum
1427 2349 1471 2374 ac
1486 2335 1706 2374 verborum

112 2402 411 2442 commentarii.
472 2402 754 2441 Circunfertur
774 2401 841 2439 hic
866 2401 1034 2440 libellus
1054 2401 1276 2440 Similium.
1338 2401 1400 2439 Ex
1419 2401 1641 2439 Plutarcho
1660 2401 1707 2439 in

115 2467 315 2507 Latinum
334 2467 385 2506 ab
405 2467 548 2506 eodem
568 2467 754 2505 traducta
774 2466 861 2506 vidi
880 2467 1002 2506 haec:

225 2550 482 2601 Opusculum
504 2552 552 2591 de
571 2551 726 2590 tuenda
744 2551 853 2590 bona
870 2551 1120 2590 valetudine.

227 2617 316 2666 Quo
337 2618 455 2666 pacto
475 2617 568 2666 quis
588 2617 795 2655 dinoscere
815 2616 946 2666 possit
964 2616 1221 2654 adulatorem
1243 2615 1292 2653 ab
1311 2614 1455 2653 amico.
1727 2629 1767 2662 55

226 2681 315 2730 Quo
333 2682 463 2756 pacto
472 2680 564 2730 quis
584 2681 740 2719 efficere
759 2680 889 2730 possit
908 2681 955 2719 vt
974 2681 1105 2730 capiat
1123 2680 1349 2718 vtilitatem
1369 2678 1450 2718 ab
1439 2677 1621 2716 mimico.

160 2793 212 2820 24.
238 2778 491 2819 Enchiridion]
516 2780 580 2820 Ep.
601 2780 674 2818 164.
993 2790 1045 2819 43.
1070 2779 1291 2820 Disputatio]
1316 2781 1403 2820 Epp.
1426 2781 1507 2811 108-
1512 2788 1562 2809 11.

159 2836 212 2865 31.
237 2822 493 2864 Panegyricus]
517 2823 775 2863 Epp.179,180.
992 2833 1043 2861 45.
1068 2823 1239 2864 Luciano]
1265 2823 1352 2863 Epp.
1387 2824 1458 2864 187,
1490 2831 1605 2865 191-3‚
1634 2833 1705 2865 197,

160 2879 212 2908 34.
240 2865 500 2908 Quintilianus]
532 2869 878 2906 Inst.10.1.109;
951 2876 1026 2905 199,
1041 2876 1115 2905 205,
1135 2868 1207 2904 261,
1226 2868 1301 2906 267.

114 2913 267 2952 quoting
284 2909 429 2950 Pindar,
451 2912 494 2941 Ol.
516 2919 563 2941 11.
990 2919 1040 2948 51.
1068 2909 1191 2950 Copia]
1216 2910 1280 2950 Ep.
1298 2912 1372 2943 260.

160 2956 214 2994 3.ss
239 2952 480 2993 Precationes]
504 2952 556 2985 Cf.
576 2953 640 2993 Ep.
657 2962 709 2993 93.
730 2962 839 2985 101n.
991 2962 1042 2992 52.
1067 2953 1267 2995 Similium]
1296 2955 1356 2994 Ep.
1371 2963 1446 2993 312.

161 3009 213 3037 41.
240 2995 415 3038 Epistola]
443 2997 506 3036 Ep.
524 3006 576 3036 93.
1036 2996 1242 3038 Plutarcho]
1266 2997 1353 3038 Epp.
1369 2999 1444 3039 268,
1463 3008 1537 3041 272,
1555 3009 1629 3040 297.

865 3064 973 3090 002
