2010 3417
109 168 206 223 335]
759 168 828 207 To
866 167 974 207 LEO
1013 166 1054 205 X
1650 166 1702 203 89

162 281 222 320 At
260 291 459 329 quorsum
490 279 622 318 haec?
659 278 820 328 inquiet
850 278 1049 317 sanctitas
1079 279 1176 325 tua;
1223 275 1424 314 nimirum
1456 274 1538 313 huc
1575 274 1699 322 ibam,

109 344 346 384 beatissime
372 345 503 394 pater.
559 343 678 382 Nihil
705 346 768 382 est
797 343 1128 394 Hieronymiano
1157 341 1324 381 nomine
1351 340 1566 388 celebrius,
1595 339 1703 378 nihil
1724 351 1784 382 325

107 409 198 460 ipso
232 408 549 459 comprobatius,
587 410 629 447 et
665 410 804 447 tamen
840 408 958 447 video
989 408 1192 458 quantum
1221 406 1318 445 huic
1351 406 1466 452 lucis,
1499 406 1703 456 quantum

110 474 306 524 ponderis
332 476 374 512 et
398 473 633 513 autoritatis
659 474 716 512 sit
741 487 1026 521 accessurum3
1056 472 1208 512 Leonis
1234 471 1364 522 gloria
1386 471 1495 510 nihil
1520 470 1703 509 luculen-

109 540 203 588 tius,
226 541 268 578 et
286 541 427 578 tamen
447 538 558 578 haud
578 538 808 587 mediocris,
832 539 878 577 ni
905 539 1038 582 fallor,
1060 538 1158 577 huic
1180 537 1429 587 adiungetur
1447 536 1648 575 accessio:
1667 535 1704 575 si

109 606 197 644 tam
224 616 376 651 rarum,
399 606 486 642 tam
514 604 672 652 ingens,
697 605 782 641 tam
810 603 1018 653 inclytum
1048 616 1149 652 opus
1172 602 1411 641 felicissimo
1437 603 1500 640 tui
1520 600 1705 640 nominis

108 669 290 720 auspicio
304 669 437 707 veluti
456 668 591 706 denuo
611 670 801 706 renatum
821 668 866 705 in
885 667 1021 706 lucem
1040 669 1082 705 et
1101 667 1145 705 in
1166 667 1386 705 hominum
1405 679 1556 705 manus
1575 667 1700 704 exeat.
1724 677 1785 709 350

110 734 165 772 Et
193 733 364 784 pulchre
391 732 558 771 videtur
586 733 809 771 conuenire
838 734 884 771 vt
914 745 1059 771 omnes
1086 732 1218 770 bonae
1247 731 1418 779 litterae,
1457 745 1560 780 quae
1597 731 1706 781 pacis

107 799 301 838 alumnae
334 799 444 846 sunt,
472 811 545 847 per
577 810 674 836 eum
708 797 956 836 Pontificem
991 797 1271 844 reflorescant,
1309 809 1382 846 per
1415 809 1538 846 quem
1570 795 1705 834 ocium

107 866 149 903 et
176 876 256 914 pax
285 863 518 901 studiorum
546 862 671 901 altrix
701 863 791 901 orbi
819 864 1023 901 terrarum
1051 863 1168 912 parta
1202 863 1288 907 est;
1329 863 1370 899 et
1403 860 1573 910 pulchre
1612 873 1704 910 qua-

107 928 292 968 drauerit
311 930 358 967 vt
385 928 546 977 primus
575 928 832 967 Christianae
860 927 1075 978 religionis
1101 927 1255 966 Doctor
1280 926 1465 964 eiusdem
1491 925 1706 975 religionis

109 993 303 1032 Antistiti
331 1006 494 1032 summo
521 992 742 1041 dedicetur,
774 995 816 1032 et
845 993 1028 1043 optimus
1054 992 1245 1031 omnium
1273 991 1490 1041 theologus
1517 990 1705 1029 omnium
1724 1001 1785 1033 335

107 1058 259 1108 optimi
278 1058 497 1097 Pontificis
515 1058 642 1097 titulo
667 1059 989 1097 commendetur.
1049 1057 1255 1107 Equidem
1280 1056 1393 1095 haud
1418 1068 1514 1094 sum
1540 1055 1706 1094 nescius

109 1120 298 1170 religiose
327 1134 489 1171 quoque
524 1120 785 1169 tentandum,
816 1123 863 1161 vt
891 1119 1141 1159 beatitudini
1173 1122 1268 1158 tuae
1302 1119 1524 1169 quicquam
1551 1118 1705 1157 dedice-

110 1187 205 1233 tur;
244 1186 417 1235 dignum
446 1186 620 1224 numine
648 1186 702 1225 sit
731 1188 892 1236 oportet
920 1186 1030 1236 quod
1063 1185 1228 1224 numini
1260 1186 1530 1223 consecretur.
1585 1185 1704 1223 Atta-

109 1264 206 1289 men
226 1252 262 1290 si
282 1264 445 1289 sensero
465 1251 540 1290 hac
559 1251 605 1289 in
625 1265 668 1290 re
694 1256 789 1290 tuae
815 1264 976 1302 quoque
1002 1250 1231 1289 maiestatis
1249 1250 1443 1297 fauorem,
1465 1263 1550 1287 non
1569 1249 1705 1288 solum

110 1315 232 1354 hasce
251 1316 558 1355 lucubrationes
576 1317 850 1355 verumetiam
878 1317 1123 1356 vniuersum
1149 1314 1383 1353 studiorum
1406 1327 1593 1352 meorum
1615 1327 1705 1364 pro·
1725 1327 1786 1358 340

110 1382 285 1419 uentum
323 1381 486 1431 cupiam
524 1382 654 1420 Leoni
684 1395 931 1420 consecrare.
992 1381 1086 1430 Ipse
1122 1394 1170 1419 ex
1203 1381 1332 1419 tantis
1363 1380 1584 1418 sudoribus
1621 1392 1706 1417 non

108 1445 240 1484 alium
280 1447 449 1496 expecto
496 1446 680 1485 fructum
728 1460 853 1497 quam
900 1448 947 1486 vt
992 1447 1134 1485 nostra
1182 1444 1456 1495 qualicunque
1502 1444 1707 1483 industria

109 1511 345 1550 Christiana
363 1511 496 1561 pietas
522 1525 572 1551 ex
598 1512 850 1562 Hieronymi
878 1511 1163 1551 monumentis
1188 1511 1418 1550 adiuuetur.
1481 1509 1525 1548 Is
1545 1509 1707 1548 abunde

110 1576 305 1626 rependet
332 1577 541 1626 premium
568 1577 614 1616 in
643 1577 762 1616 cuius
789 1578 968 1628 gratiam
995 1577 1072 1615 hoc
1106 1576 1260 1615 laboris
1288 1575 1454 1615 desudo.
1513 1576 1553 1613 A
1578 1575 1706 1624 pluri-

111 1641 190 1681 bus
225 1642 398 1691 legetur,
432 1643 468 1681 si
500 1642 626 1681 fuerit
656 1656 678 1681 a
714 1643 906 1693 pluribus
939 1642 1175 1681 intellectus
1208 1642 1520 1691 Hieronymus3
1562 1641 1633 1679 sed
1667 1643 1707 1679 et
1726 1654 1786 1686 345

111 1705 312 1745 libentius
355 1706 516 1757 legetur
556 1708 607 1746 ab
648 1708 856 1755 omnibus,
896 1708 932 1746 si
974 1706 1081 1745 tanti
1123 1705 1342 1744 Pontificis
1384 1706 1540 1743 calculo
1584 1705 1708 1744 fuerit

111 1772 414 1821 comprobatus.

168 1836 440 1875 Sanctitatem
483 1839 601 1876 tuam
649 1837 771 1876 nobis
808 1839 850 1876 et
896 1836 1112 1876 vniuersae
1156 1835 1404 1886 reipublicae
1448 1834 1707 1873 Christianae

114 1913 240 1951 quam
266 1901 501 1940 diutissime
528 1904 663 1940 seruet
677 1902 941 1951 incolumem,
959 1914 1200 1951 semperque
1225 1900 1414 1939 felicibus
1439 1900 1708 1939 incrementis

114 1967 159 2004 in
196 1966 332 2005 maius
369 1967 571 2017 prouehat
610 1967 721 2005 idem
763 1967 835 2017 qui
871 1969 913 2006 te
951 1966 1121 2005 donauit
1159 1965 1250 2004 orbi
1287 1965 1476 2005 Christus
1514 1965 1707 2015 Optimus
1726 1979 1788 2012 350

114 2030 330 2069 Maximus.

170 2095 556 2135 Reuerendissimus
605 2097 655 2136 D.
698 2097 1023 2145 Cantuariensis,
1061 2096 1127 2135 vir
1161 2095 1278 2134 omni
1316 2096 1521 2134 virtutum
1560 2108 1708 2145 genere

113 2161 474 2201 cumulatissimus
501 2175 547 2201 ac
575 2163 682 2201 miro
702 2176 747 2201 ac
776 2164 820 2201 in
849 2162 990 2201 sedem
1018 2161 1250 2200 Romanam
1273 2161 1315 2199 et
1333 2160 1378 2198 in
1399 2162 1516 2199 tuam
1535 2161 1707 2200 beatitu-

114 2226 258 2276 dinem
286 2225 461 2278 (studio)
489 2227 610 2266 iussit
637 2228 701 2266 vti
723 2241 798 2267 suo
823 2228 992 2266 nomine
1018 2227 1196 2265 salutem
1222 2226 1478 2264 ascriberem.
1535 2225 1643 2265 Nam
1671 2226 1708 2264 is

159 2341 234 2379 326.
259 2341 344 2372 huic
364 2365 371 2372 .
390 2365 397 2372 .
417 2365 425 2373 .
444 2351 518 2381 327.
545 2343 581 2372 et
597 2345 671 2373 add.
686 2346 728 2373 A.
821 2353 897 2382 327.
914 2342 1044 2373 Leonis
1058 2366 1065 2373 .
1080 2365 1087 2372 .
1103 2365 1110 2372 .
1130 2342 1204 2380 328.
1221 2341 1438 2380 adiungetur
1454 2343 1485 2370 A
1503 2351 1510 2371 :
1526 2341 1561 2370 et
1573 2339 1707 2378 alioqui

117 2384 365 2422 probatissimo
378 2385 601 2424 Hieronymo
613 2388 734 2417 nostro
745 2397 753 2425 ;
769 2387 805 2417 et
818 2389 902 2417 tuae
914 2386 1045 2426 gloriae
1057 2395 1130 2416 non
1143 2385 1332 2416 mediocris
1343 2383 1445 2415 fieta.
1537 2393 1613 2423 329.
1632 2384 1708 2412 tam

118 2427 244 2466 ingens
264 2450 272 2458 .
287 2451 296 2459 .
316 2452 324 2460 .
340 2427 549 2460 felicissimo
564 2431 594 2459 A
611 2439 618 2459 z
641 2431 678 2460 et
694 2431 822 2470 ingens
838 2439 925 2470 opus
941 2431 977 2461 et
993 2429 1162 2460 inclitum
1177 2440 1206 2459 α.
1384 2437 1460 2467 331.
1485 2427 1532 2457 Et
1548 2450 1555 2457 .
1573 2449 1581 2457 .
1602 2449 1609 2456 .
1626 2435 1708 2456 con-

117 2471 242 2500 uenire
257 2472 288 2500 A
303 2481 310 2500 :
335 2471 516 2503 Conuenit
532 2472 632 2502 enim
647 2484 681 2503 α.
767 2483 842 2513 331.
870 2482 959 2512 quae
973 2496 980 2504 .
996 2496 1003 2504 .
1018 2495 1026 2503 .
1045 2482 1121 2512 332.
1147 2473 1232 2502 sunt
1248 2473 1318 2501 calcz.
1338 2474 1380 2502 A.
1463 2480 1536 2509 333.
1560 2468 1708 2509 pulchre

117 2512 349 2551 quadrauerit
364 2517 395 2545 A
409 2527 417 2546 ε
434 2517 540 2555 probe
556 2515 710 2553 quadrat
726 2528 756 2547 a.
833 2526 910 2556 334.
934 2519 964 2546 F
977 2528 997 2546 a
1012 2526 1020 2546 τ
1044 2515 1243 2546 Christiani
1259 2517 1300 2544 A.
1371 2523 1445 2553 335.
1472 2513 1641 2543 Antistiti
1654 2535 1661 2542 .
1677 2535 1684 2541 .
1698 2535 1706 2543 .

118 2555 305 2587 dedicetur
318 2560 372 2588 A:
402 2568 540 2590 summo
561 2558 723 2600 Principi
739 2561 970 2600 nuncupetur
986 2570 1016 2590 α.
1087 2559 1251 2590 omnium
1267 2560 1337 2594 post
1360 2557 1548 2596 theologus
1570 2558 1644 2586 add.
1662 2558 1705 2585 A.

119 2599 194 2638 336.
225 2598 401 2638 Equidem
417 2623 426 2631 .
444 2625 452 2632 .
471 2624 481 2632 .
500 2602 642 2633 nescius
657 2606 709 2633 A:
734 2603 812 2634 Scio
828 2614 857 2634 a.
985 2602 1059 2642 338.
1089 2602 1239 2641 dignum
1258 2624 1263 2630 .
1283 2624 1291 2631 .
1312 2625 1318 2631 .
1337 2601 1559 2631 consecretur
1574 2601 1646 2629 aclcl.
1663 2602 1706 2629 A.

119 2650 194 2681 339.
220 2641 287 2673 hac
302 2665 311 2674 .
331 2666 340 2674 .
359 2666 367 2674 .
384 2644 582 2676 maiestatis
596 2648 626 2675 A
643 2657 651 2676 :
672 2646 728 2676 tui
743 2646 908 2676 numinis
923 2657 952 2676 α.
1051 2654 1126 2683 340.
1153 2645 1257 2675 hasce
1279 2644 1544 2674 lucubrationes
1559 2645 1590 2673 A
1604 2652 1612 2672 :
1643 2642 1708 2673 has

117 2685 260 2724 vigilias
275 2696 304 2716 α.
450 2697 524 2726 341.
551 2689 693 2727 cupiam
711 2689 822 2720 Leoni
840 2692 890 2720 A:
914 2689 1017 2728 cupio
1032 2689 1094 2718 tuo
1110 2687 1253 2718 numini
1269 2698 1297 2718 α.
1437 2695 1511 2724 341.
1538 2685 1621 2725 Ipse
1638 2709 1645 2716 .
1667 2709 1675 2716 .
1696 2708 1704 2715 .

118 2738 192 2767 347.
217 2729 464 2769 comprobatus
487 2734 557 2762 add.
576 2734 617 2761 A.
793 2733 868 2771 348.
891 2732 994 2762 nobis
1009 2733 1045 2762 et
1060 2733 1132 2762 add.
1150 2732 1192 2761 A.
1330 2728 1554 2760 Christianae
1569 2730 1641 2759 add.
1660 2732 1703 2759 A.

119 2781 193 2810 349.
218 2771 381 2803 felicibus
397 2795 404 2803 .
426 2795 433 2802 .
450 2797 458 2804 .
487 2784 562 2813 350.
589 2776 704 2805 maius
719 2778 747 2805 A
765 2786 772 2805 :
797 2774 840 2805 ad
857 2775 1006 2805 meliora
1021 2785 1051 2804 α.
1191 2782 1265 2812 350.
1288 2772 1385 2803 idem
1402 2795 1410 2802 .
1431 2795 1437 2802 .
1454 2795 1462 2803 .
1482 2772 1557 2803 orbi
1573 2774 1646 2803 add.
1663 2774 1706 2803 A.

118 2823 191 2888 352.
219 2815 550 2849 Reuerendissimus
566 2842 574 2849 .
594 2844 601 2851 .
623 2842 631 2851 .
651 2827 724 2857 357.
745 2818 870 2848 Iunias
884 2828 926 2848 a:
950 2818 1083 2848 Datum
1099 2816 1255 2847 Londini
1269 2816 1376 2847 tertio
1393 2815 1568 2847 Calendas
1583 2815 1703 2847 Maias.

154 2868 190 2889 n.
208 2868 340 2890 mnxv.
366 2863 408 2890 A.

163 2978 238 3009 352.
271 2969 312 3000 D.
339 2968 623 3010 Cantuariensis]
650 2969 723 2999 The
747 2967 1000 3007 Archbishop's
1023 2967 1234 2999 salutations
1259 2976 1317 2998 are
1339 2966 1491 2998 omitted
1511 2966 1551 2997 in
1571 2965 1620 2997 all
1643 2965 1706 2996 the

120 3013 263 3054 printed
278 3014 450 3044 versions.
