2010 3417
242 156 323 196 456
706 154 958 194 LETTERS
995 154 1064 193 OF
1101 154 1367 194 ERASMUS
1712 151 1834 207 [1517

181 283 223 313 40
241 269 348 307 hanc
386 266 535 314 sedem,
576 268 719 304 tamen
767 265 997 303 sedendum
1044 267 1151 303 esset
1190 264 1422 314 vbicunque
1467 266 1657 303 senectus
1701 264 1838 313 depre-

240 332 463 370 hendisset.
524 331 589 369 Ad
627 331 704 368 hec
742 330 886 379 alligat
925 329 1062 368 Caroli
1100 329 1308 378 Principis
1346 329 1495 379 optimi
1523 329 1758 380 benignitas
1794 333 1836 368 et

239 396 402 435 animus
428 396 474 435 in
503 396 726 434 euehendis
755 395 925 444 optimis
952 394 1104 433 studiis
1126 395 1183 432 sic
1208 407 1305 432 611111
1332 394 1398 432 tui
1425 394 1550 444 Regis
1575 395 1716 434 animo
1746 407 1837 434 con·

238 461 433 508 sentiens.
468 464 516 500 vt
553 461 678 500 huius
712 460 846 499 laudis
879 461 1089 498 certamen
1127 473 1223 498 cum
1260 459 1334 498 illo
1371 459 1601 509 suscepisse
1632 460 1832 499 videatur.

239 527 518 576 Quamobrem
545 526 651 565 nihil
676 528 740 564 est
767 525 877 576 quod
896 525 941 563 in
960 525 1193 575 praesentia
1217 538 1340 575 super
1364 525 1440 563 hac
1465 538 1509 562 re
1536 527 1646 563 certo
1672 538 1836 575 respon-

177 610 217 640 45
238 594 369 639 deam,
393 592 476 631 nisi
502 605 570 630 me
596 594 638 630 et
663 591 831 641 penitus
857 603 1078 640 agnoscere
1103 589 1227 640 Regis
1253 589 1401 640 optimi
1427 603 1522 640 erga
1545 603 1613 628 me
1636 590 1833 638 studium,

236 662 276 698 et
305 658 482 709 gratiam
510 658 660 696 habere
689 656 861 707 perinde
889 669 936 695 ac
965 656 1002 694 si
1031 655 1166 695 delata
1193 655 1310 694 illius
1338 654 1596 705 benignitate
1624 655 1709 693 iam
1736 668 1837 695 vsus

236 736 396 771 essem3
425 736 558 774 neque
587 723 829 762 defuturum
857 735 924 760 me
952 721 997 759 in
1026 724 1240 771 posterum
1259 721 1472 760 voluntati
1499 721 1608 760 tanti
1635 721 1836 771 principis

235 791 345 828 vltro
365 802 440 827 sua
458 788 703 827 liberalitate
723 787 998 837 prouocantis,
1022 788 1057 826 si
1079 787 1248 837 quidem
1267 786 1311 825 id
1330 786 1441 825 bona
1461 799 1556 825 cum
1574 786 1655 825 fide
1674 800 1836 837 cunque

236 856 380 894 decoro
400 854 553 893 licebit.
611 854 729 902 Quod
756 853 791 891 si
813 866 898 891 non
921 853 1146 902 continget,
1168 866 1242 903 ego
1268 865 1336 890 me
1359 852 1494 891 nihilo
1519 852 1662 891 minus
1687 853 1835 892 debere

177 935 218 968 50
234 920 388 971 putabo
413 919 598 966 Galliae3
627 921 667 958 et
685 932 760 958 vos
779 918 966 957 vicissim
989 917 1089 956 boni
1114 918 1352 966 consuletis,
1376 918 1412 956 si
1436 931 1520 956 non
1542 919 1705 968 praesto
1725 918 1835 968 quod

234 998 318 1024 non
349 998 529 1034 possum.
590 984 892 1034 Corpusculum
924 983 1002 1022 hoc
1033 983 1146 1023 haud
1179 996 1351 1033 possum
1383 982 1581 1022 omnibus
1614 997 1834 1023 commune

232 1050 376 1098 facere,
400 1049 593 1089 animum
612 1050 824 1100 animique
842 1050 1072 1099 prouentus
1090 1061 1270 1098 possum.

287 1117 504 1155 Caeterum
524 1116 690 1166 quando
701 1115 821 1154 video
836 1114 1130 1153 celsitudinem
1149 1115 1308 1164 regiam
1323 1116 1520 1164 tuamque
1538 1115 1834 1164 paternitatem

232 1181 274 1219 id
302 1183 519 1231 tantopere
548 1181 699 1229 conari,
721 1182 768 1219 vt
798 1180 982 1219 Galliam
1010 1182 1197 1219 vestram
1224 1180 1387 1230 egregie
1415 1180 1555 1230 probis
1583 1194 1628 1219 ac
1655 1180 1833 1220 literatis

174 1259 214 1293 55
232 1247 334 1285 viris
371 1246 590 1294 exornetis,
631 1246 898 1284 commodum
944 1244 1052 1284 mihi
1098 1246 1303 1284 succurrit
1341 1245 1551 1284 Henricus
1588 1246 1830 1293 Glareanus,

231 1312 394 1362 pridem
428 1311 537 1350 mihi
573 1311 762 1350 Basileae
800 1310 1023 1349 domestica
1061 1311 1361 1349 consuetudine
1400 1313 1537 1359 notus,
1573 1311 1701 1350 homo
1736 1324 1834 1350 mea

231 1376 439 1416 sententia
457 1377 508 1415 ad
528 1378 625 1415 vota
643 1378 795 1424 vestra,
817 1375 852 1414 si
879 1376 1100 1426 quisquam
1125 1376 1243 1425 alius,
1266 1377 1564 1415 accommodus.
1625 1377 1736 1415 Eum
1754 1377 1833 1416 tibi

231 1443 373 1492 paucis
401 1441 610 1480 deliniabo
636 1441 708 1480 sed
727 1440 955 1479 verissime.
1018 1441 1176 1480 Genere
1204 1441 1396 1480 Eluetius
1422 1443 1539 1491 (nam
1566 1442 1643 1481 hec
1671 1456 1832 1492 quoque

233 1509 346 1547 natio
384 1507 618 1546 studiorum
655 1506 830 1557 gloriam
863 1520 959 1545 cum
998 1506 1175 1546 militiae
1210 1507 1329 1546 laude
1363 1508 1512 1557 incipit
1550 1507 1827 1558 coniungere),

172 1575 215 1609 60
231 1575 364 1613 aetate
391 1573 570 1621 florenti,
605 1574 755 1623 quippe
787 1572 976 1610 nondum
1006 1571 1264 1611 tricesimum
1299 1585 1487 1622 egressus
1521 1587 1692 1622 annum,
1725 1574 1830 1613 vale-

231 1639 376 1677 tudine
418 1638 660 1676 firmissima
696 1651 742 1676 ac
779 1637 931 1676 laboris
977 1638 1340 1686 tolerantissimus,
1379 1651 1514 1677 annos
1550 1639 1635 1677 iam
1671 1639 1831 1689 aliquot

230 1706 418 1743 versatus
443 1704 489 1742 in
514 1703 768 1753 professione
790 1702 1026 1741 liberalium
1055 1702 1383 1753 disciplinarum,
1406 1704 1593 1752 primum
1621 1703 1830 1752 Coloniae,

230 1782 327 1808 mox
345 1769 542 1816 Basileae,
563 1781 639 1807 nec
666 1768 710 1806 id
737 1780 835 1806 sane
863 1769 956 1806 sine
981 1781 1147 1807 summa
1171 1768 1303 1807 laude.
1364 1768 1534 1818 Septem
1553 1769 1709 1808 artium
1730 1784 1833 1820 quas

229 1836 379 1873 vocant
398 1835 561 1882 Doctor,
581 1847 667 1872 non
685 1833 810 1872 titulo
828 1835 1007 1881 tantum,
1026 1833 1377 1883 quemadmodum
1397 1833 1548 1884 vulgus
1568 1834 1656 1873 eius
1675 1835 1834 1874 ordinis

167 1903 211 1946 65
230 1900 345 1939 solet.
407 1899 660 1949 sophistices
679 1898 968 1948 peritissimus,
990 1899 1061 1937 sed
1089 1899 1286 1949 quoniam
1306 1899 1493 1949 resipuit,
1515 1913 1627 1939 nunc
1645 1900 1831 1940 eiusdem

229 1966 364 2004 hostis
379 1979 424 2004 ac
439 1965 621 2015 perfuga.
681 1964 951 2014 Theologiam
970 1978 1055 2003 non
1075 1967 1241 2003 tantum
1257 1978 1281 2004 a
1294 1964 1442 2003 limine
1461 1965 1668 2014 salutauit,
1684 1980 1830 2006 verum

230 2031 281 2068 ad
309 2030 400 2079 ipsa
419 2043 549 2079 vsque
576 2029 806 2079 penetralia
833 2043 1073 2080 progressus
1102 2030 1339 2080 quondam;
1367 2031 1438 2069 sed
1468 2031 1650 2069 offensus
1677 2032 1831 2081 partim

229 2095 394 2146 frigidis
418 2095 506 2133 illis
531 2095 705 2145 argutiis
726 2094 879 2144 quibus
905 2096 1005 2134 solis
1031 2109 1136 2145 pene
1161 2109 1272 2134 1111116
1298 2096 1344 2134 111
1370 2096 1523 2134 scholis
1551 2097 1828 2147 applauditur,

228 2161 384 2211 partim
412 2160 696 2210 inexplicabili
730 2161 1018 2211 theologorum
1052 2161 1164 2200 inter
1196 2175 1239 2199 se
1272 2161 1534 2200 contentione
1563 2161 1825 2213 dissidioque,

170 2239 212 2273 70
228 2226 378 2276 pedem
397 2226 552 2274 retulit,
575 2228 616 2265 et
637 2226 851 2264 Christum
870 2240 920 2265 ex
938 2227 1041 2276 ipsis
1060 2227 1248 2266 fontibus
1267 2241 1391 2278 quam
1409 2241 1460 2266 ex
1479 2227 1650 2266 illorum
1668 2227 1829 2266 lacunis

229 2292 396 2330 haurire
425 2291 587 2330 maluit.
647 2290 701 2329 In
727 2292 840 2329 hunc
867 2305 991 2331 vsum
1019 2292 1192 2331 Grecam
1218 2293 1482 2332 literaturam
1507 2306 1660 2343 magno
1689 2293 1828 2333 studio

229 2358 338 2408 cepit
355 2358 564 2408 amplecti.
615 2357 743 2396 Poeta
762 2371 847 2397 non
868 2358 1117 2397 inuenustus
1133 2373 1142 2407 ;
1171 2372 1271 2397 nam
1290 2359 1336 2398 in
1355 2360 1433 2399 hoc
1453 2373 1599 2409 genere
1619 2361 1829 2410 quondam

227 2424 454 2462 admodum
482 2422 720 2462 adolescens
747 2423 855 2473 apud
886 2423 1102 2463 Coloniam
1134 2425 1415 2474 Agrippinam
1445 2439 1468 2463 a
1498 2424 1668 2464 Caesare
1700 2425 1828 2465 Maxi-

228 2489 400 2527 miliano
429 2489 613 2527 lauream
642 2490 806 2529 meruit.
867 2490 920 2528 In
950 2490 1134 2528 oratione
1164 2491 1300 2529 soluta
1329 2491 1424 2530 talis
1443 2493 1490 2529 vt
1510 2505 1586 2530 nec
1611 2491 1827 2541 ingenium

169 2566 208 2600 75
227 2566 302 2592 nec
329 2554 608 2593 eruditionem
637 2554 866 2604 desyderes,
889 2569 1015 2594 vsum
1044 2556 1230 2595 fortassis
1248 2558 1289 2595 et
1308 2557 1647 2596 exercitationem
1675 2557 1828 2596 alicubi

227 2619 421 2668 requiras.
483 2620 633 2670 Magna
651 2621 923 2659 historiarum
943 2621 1125 2670 cognitio
1142 2635 1151 2669 3
1180 2622 1225 2659 in
1245 2622 1413 2670 musica,
1434 2623 1481 2660 in
1500 2622 1824 2672 cosmographia,

226 2683 271 2721 in
300 2685 470 2723 caeteris
499 2686 603 2723 item
634 2686 866 2736 disciplinis
899 2699 1000 2736 quas
1033 2687 1348 2726 mathematicas
1380 2689 1541 2735 vocant,
1578 2687 1829 2726 exercitatis·

227 2749 369 2788 simus.
429 2751 537 2789 Nam
557 2751 602 2789 in
621 2751 688 2790 his
708 2752 924 2801 praecipue
945 2755 1089 2801 regnat
1107 2753 1191 2791 ille.

271 2855 323 2882 41.
350 2846 467 2877 Caroli
485 2850 560 2879 add.
576 2851 618 2879 H.
792 2858 843 2887 53.
869 2850 1127 2888 paternitatem
1146 2852 1186 2880 C:
1210 2850 1492 2890 amplitudinem
1508 2853 1545 2882 F.
1686 2850 1739 2879 61.
1765 2848 1800 2879 02
1816 2860 1825 2879 z

227 2887 371 2921 firmiss.
389 2914 396 2921 .
416 2915 422 2921 .
443 2915 449 2921 .
466 2892 685 2922 tolerantiss.
707 2892 736 2922 C¹
871 2893 923 2931 65.
951 2893 1005 2923 0²:
1029 2894 1164 2933 respuit
1182 2892 1227 2925 0¹.

271 2975 323 3004 55.
348 2948 562 3008 Glassegnvus]
588 2969 651 2999 See
668 2979 701 3008 p.
720 2978 794 3007 279.
1103 2979 1153 3008 73.
1178 2970 1397 3010 adolescens]
1415 2971 1522 3001 when
1539 2969 1625 3010 aged
1642 2980 1694 3007 24.

270 3010 322 3047 65.
350 3009 583 3051 Sophistiees]
608 3012 659 3043 Cf.
678 3013 740 3051 Ep.
757 3013 834 3051 328.
851 3022 892 3051 43
909 3021 943 3043 n.
1104 3014 1155 3051 78.
1180 3013 1320 3054 regnat]
1346 3013 1397 3044 Cf.
1413 3014 1479 3053 Ep.
1497 3023 1571 3052 415.
1592 3022 1630 3043 11
1650 3023 1686 3044 n.
