2010 3417
289 158 342 195 94
756 157 1007 196 LETTERS
1046 157 1116 196 OF
1153 156 1418 195 ERASMUS
1758 153 1883 208 [1515

289 267 436 317 poculo
470 266 716 316 praelinunt.
782 266 865 304 Nec
898 265 943 303 in
976 265 1107 303 alium
1136 277 1260 303 vsum
1286 265 1444 304 veteres
1477 263 1539 302 illi
1573 265 1778 314 princlpes
1807 266 1885 304 hoc
1921 313 1926 317 .

289 332 525 370 morionum
551 343 683 380 genus
707 330 753 368 in
779 329 893 368 aulas
920 341 1014 367 suas
1036 329 1292 367 induxerunt
1312 341 1436 378 quam
1456 330 1502 367 vt
1527 327 1678 366 horum
1698 328 1886 369 libertate

288 396 443 435 leuiora
463 394 663 445 quaedam
682 394 786 434 vitia
809 394 913 432 citra
932 393 1060 432 vllius
1087 393 1286 432 offensam
1305 395 1347 432 et
1365 392 1623 443 aperirentur
1642 395 1683 431 et
1700 394 1888 433 emenda-

289 462 444 499 rentur.
504 459 694 498 Fortasse
727 458 942 498 Christum
979 459 1024 497 in
1056 458 1133 497 hoc
1171 458 1314 497 album
1348 471 1492 497 vocare
1530 471 1615 496 non
1653 457 1883 498 conueniat.

211 539 271 561 110
288 526 445 564 Verum
475 524 511 563 si
540 524 638 563 licet
666 523 859 562 coelestia
889 537 984 562 cum
1017 523 1215 562 humanis
1244 523 1330 562 vllo
1365 523 1487 562 modo
1518 523 1713 572 conferre,
1749 535 1889 562 nonne

288 589 412 628 huius
432 588 649 639 parabolae
668 588 829 627 confine
849 588 1046 639 quiddam
1065 589 1218 628 habent
1239 602 1335 627 cum
1354 589 1545 627 veterum
1564 588 1748 638 apologis
1761 589 1781 627 ‘?
1833 588 1888 628 Et

288 654 509 693 iucundius
523 653 712 692 illabitur
727 655 768 692 et
782 654 916 692 acrius
932 654 1080 693 insidit
1094 654 1140 692 in
1155 653 1317 693 animos
1332 653 1571 704 euangelica
1585 653 1736 692 veritas
1750 653 1890 692 huius·

287 719 400 758 modi
419 718 639 758 lenociniis
666 719 966 767 commendata,
989 731 1114 769 quam
1138 719 1174 758 si
1193 719 1304 758 nuda
1325 719 1627 769 produceretur,
1650 719 1693 757 id
1713 718 1824 769 quod
1843 718 1888 757 in

289 798 409 835 opere
438 785 487 824 de
516 784 704 824 doctrina
724 784 961 823 Christiana
989 785 1113 823 diuus
1131 785 1395 835 Augustinus
1424 783 1584 834 copiose
1613 784 1886 834 persequitur.

211 863 268 894 115
287 850 488 890 Videbam
509 864 634 901 quam
660 852 767 889 esset
790 849 1031 888 mortalium
1050 849 1202 900 vulgus
1228 849 1487 888 stultissimis
1512 849 1777 899 opinionibus
1803 862 1889 888 cor-

288 918 470 965 ruptum,
489 916 611 966 idque
628 915 673 953 in
690 915 867 964 singulis
882 915 994 954 vitae
1008 915 1224 963 institutis,
1241 917 1283 953 et
1297 914 1473 953 remedii
1486 917 1633 954 votum
1648 916 1735 952 erat
1749 913 1888 953 verius

290 994 415 1032 quam
438 994 541 1031 spes.
602 980 783 1019 Proinde
812 980 982 1019 videbar
1008 980 1114 1018 mihi
1142 980 1370 1030 repperisse
1399 979 1604 1018 rationem
1630 981 1676 1018 vt
1703 979 1889 1018 delicatis

290 1047 440 1085 animis
454 1047 531 1085 hac
545 1048 632 1085 arte
646 1048 845 1096 tanquam
862 1045 1101 1095 obreperem
1116 1047 1156 1084 et
1172 1058 1266 1083 cum
1282 1045 1495 1095 voluptate
1511 1057 1672 1095 quoque
1688 1045 1885 1084 mederer.

289 1112 344 1151 Et
356 1125 626 1161 sepenumero
639 1124 930 1161 conspexeram
943 1111 1141 1149 festiuum
1154 1111 1231 1150 hoc
1243 1113 1284 1149 et
1296 1110 1479 1149 iocosum
1493 1110 1747 1148 admonendi
1757 1122 1889 1160 genus

213 1189 272 1212 120
289 1177 436 1216 multis
455 1176 697 1215 felicissime
717 1176 870 1214 cedere.

345 1242 461 1291 Quod
480 1242 516 1281 si
536 1241 803 1291 respondebis
822 1254 1039 1292 personam
1060 1254 1186 1292 quam
1205 1241 1351 1280 induxi
1371 1241 1569 1280 leuiorem
1589 1253 1678 1279 esse
1698 1253 1824 1290 quam
1843 1242 1889 1279 vt

290 1307 365 1346 sub
385 1307 500 1345 illius
519 1309 733 1357 praetextu
754 1307 804 1345 de
823 1307 945 1345 rebus
970 1306 1087 1345 seriis
1114 1306 1356 1356 disputetur,
1380 1306 1486 1345 hanc
1513 1306 1676 1356 culpam
1702 1305 1889 1344 fortassis

288 1384 521 1421 agnoscam.
577 1371 717 1421 Inepti
744 1371 1104 1421 reprehensionem
1134 1384 1220 1410 non
1247 1371 1472 1410 admodum
1501 1372 1706 1421 deprecor,
1732 1383 1889 1409 amaru-

289 1437 391 1476 lenti
416 1438 618 1487 deprecor.
679 1437 924 1487 Quanquam
949 1439 992 1475 et
1017 1437 1123 1476 illud
1148 1437 1273 1487 probe
1298 1437 1409 1476 tueri
1434 1449 1612 1487 possem,
1635 1437 1671 1475 si
1696 1449 1781 1474 non
1807 1436 1889 1474 alia

212 1516 270 1548 1²5
290 1503 457 1551 ratione,
482 1504 589 1541 certe
617 1504 680 1540 tot
709 1502 1051 1551 grauissimorum
1080 1503 1302 1541 hominum
1331 1502 1530 1552 exemplo,
1555 1496 1657 1552 quos
1685 1501 1729 1539 in
1758 1500 1888 1551 ipsius

289 1568 421 1607 libelli
448 1567 777 1618 praefatiuncula
804 1567 1001 1607 recensui.
1063 1567 1170 1616 Quid
1200 1570 1339 1607 autem
1368 1568 1581 1607 facerem?
1637 1566 1889 1605 Diuersabar

289 1634 330 1672 id
358 1633 556 1683 temporis
580 1633 689 1683 apud
710 1633 875 1671 Morum
900 1646 1043 1672 meum
1069 1647 1118 1671 ex
1146 1633 1271 1672 Italia
1297 1646 1497 1681 reuersus,
1521 1646 1566 1671 ac
1594 1645 1745 1671 renum
1773 1631 1889 1670 dolor

290 1698 594 1748 complusculos
627 1698 714 1736 dies
744 1698 858 1736 domi
890 1697 1137 1737 continebat.
1197 1699 1253 1737 Et
1289 1711 1381 1736 mea
1413 1697 1662 1736 bibliotheca
1699 1696 1889 1735 nondum

289 1764 421 1801 fuerat
450 1762 630 1801 aduecta.
691 1762 799 1800 Tum
828 1761 864 1801 si
892 1762 1072 1801 maxime
1101 1763 1258 1810 fuisset,
1287 1776 1373 1801 non
1401 1762 1564 1801 sinebat
1593 1762 1760 1800 morbus
1780 1760 1889 1811 quic-

213 1842 272 1873 130
291 1841 416 1878 quam
435 1828 479 1866 in
504 1827 764 1877 grauioribus
783 1828 935 1866 studiis
962 1828 1095 1867 acrius
1121 1829 1284 1877 agitare.
1345 1828 1469 1878 Coepi
1488 1841 1560 1877 per
1579 1828 1716 1866 ocium
1737 1826 1889 1867 Morias

290 1894 525 1932 encomium
551 1893 704 1941 ludere,
728 1906 803 1932 nec
831 1894 877 1931 in
906 1894 986 1932 hoc
1014 1906 1113 1932 sane
1131 1895 1178 1933 vt
1206 1893 1405 1939 aederem,
1433 1893 1502 1932 sed
1526 1895 1573 1932 vt
1600 1893 1737 1932 morbi
1765 1892 1889 1932 mole·

290 1959 414 1997 stiam
427 1960 504 1997 hoc
516 1958 631 1997 velut
646 1961 913 1997 auocamento
926 1959 1117 1998 leuarem.
1161 1959 1306 2009 Operis
1320 1959 1497 2009 incoepti
1512 1960 1684 2008 gustum
1697 1957 1889 1997 amiculis

290 2022 448 2072 aliquot
473 2023 652 2072 exhibui,
677 2038 758 2074 quo
783 2023 1004 2062 iucundior
1041 2026 1148 2064 esset
1174 2026 1283 2063 risus
1309 2037 1403 2063 cum
1428 2024 1618 2074 pluribus
1641 2023 1885 2063 communis.

291 2087 450 2136 Quibus
479 2101 574 2126 cum
594 2089 862 2127 vehementer
880 2088 1114 2138 placuisset,
1137 2089 1380 2128 institerunt
1399 2089 1461 2128 vti
1483 2102 1708 2139 pergerem.
1766 2087 1889 2127 Obse-

212 2167 271 2199 135
291 2154 410 2192 cutus
435 2166 540 2201 sum,
562 2156 604 2192 et
632 2153 677 2191 in
703 2154 779 2192 hoc
805 2153 964 2203 negocii
989 2158 1147 2203 septem
1166 2154 1263 2203 plus
1289 2154 1429 2193 minus
1451 2154 1538 2193 dies
1564 2152 1752 2204 impendi
1766 2166 1775 2200 ;
1816 2151 1888 2202 qui

291 2231 388 2257 sane
411 2220 602 2268 sumptus
628 2218 734 2256 mihi
761 2231 835 2268 pro
859 2218 1094 2267 argumenti
1121 2219 1300 2269 pondere
1323 2219 1480 2258 nimius
1508 2219 1635 2257 etiam
1655 2217 1888 2257 videbatur.

290 2283 449 2323 Deinde
469 2297 646 2334 quorum
673 2283 874 2322 instinctu
900 2284 1153 2334 scripseram,
1177 2285 1403 2323 eorundem
1430 2298 1551 2335 opera
1576 2285 1814 2334 deportatus
1842 2284 1888 2322 in

291 2349 472 2387 Galliam
501 2348 668 2387 libellus
698 2348 889 2387 formulis
919 2362 1092 2388 excusus
1122 2350 1193 2397 est,
1226 2349 1296 2387 sed
1330 2349 1381 2387 ab
1414 2350 1600 2399 exemplo
1631 2363 1716 2388 non
1750 2349 1887 2388 solum

292 2415 486 2453 mendoso
517 2427 663 2452 verum
698 2414 826 2452 etiam
859 2414 1021 2452 mutilo.
1082 2414 1210 2453 Porro
1243 2427 1364 2465 quam
1398 2415 1654 2465 displicuerit
1682 2414 1749 2453 vel
1780 2414 1887 2453 illud

213 2492 273 2524 140
292 2479 390 2518 satis
418 2482 480 2518 est
508 2479 752 2529 argumenti,
777 2479 884 2529 quod
914 2479 1026 2517 intra
1053 2479 1250 2529 pauculos
1277 2492 1441 2518 menses
1469 2480 1565 2530 plus
1591 2480 1739 2530 septies
1764 2479 1890 2519 fuerit

291 2545 402 2595 typis
431 2544 613 2584 stanneis
639 2546 895 2595 propagatus,
925 2544 1048 2594 idque
1077 2544 1252 2583 diuersis
1280 2545 1325 2583 in
1354 2544 1465 2583 locis.
1526 2545 1771 2584 Demirabar
1799 2544 1888 2595 ipse

292 2610 389 2660 quid
410 2611 467 2649 ibi
489 2609 680 2660 cuiquam
700 2609 889 2659 placeret.
936 2609 1067 2658 Hanc,
1092 2609 1152 2647 mi
1171 2609 1312 2660 Dorpi,
1334 2610 1371 2648 si
1390 2609 1590 2660 ineptiam
1610 2624 1743 2658 vocas,
1760 2609 1887 2649 habes

291 2688 406 2713 reum
427 2675 695 2714 confitentem
721 2676 792 2713 aut
811 2676 919 2713 certe
946 2688 1031 2713 non
1058 2674 1365 2714 reclamantem.
1424 2675 1493 2713 Ad
1513 2675 1625 2714 hunc
1652 2675 1826 2714 modum
1845 2676 1887 2712 et

291 2753 363 2789 per
382 2741 518 2778 ocium
539 2741 580 2783 et
599 2739 791 2778 amiculis
811 2740 1096 2778 obsecundans
1114 2740 1303 2790 ineptiui,
1328 2739 1451 2790 idque
1471 2740 1599 2779 semel
1618 2740 1821 2778 duntaxat
1840 2738 1886 2777 in

214 2817 273 2849 145
291 2804 386 2842 vita.
445 2805 546 2852 Quis
578 2808 718 2843 autem
752 2804 946 2843 omnibus
979 2805 1091 2843 horis
1122 2806 1266 2855 sapit?
1322 2805 1379 2843 At
1413 2805 1502 2855 ipse
1534 2806 1678 2844 fateris
1710 2805 1886 2842 caeteras

291 2868 596 2907 lucubrationes
612 2882 724 2908 meas
740 2869 941 2908 eiusmodi
958 2883 1044 2908 esse
1070 2872 1115 2908 vt
1135 2869 1249 2908 iuxta
1268 2869 1349 2920 piis
1365 2872 1488 2920 atque
1503 2869 1676 2907 eruditis
1693 2867 1886 2907 omnibus

339 2964 408 2993 127.
424 2955 584 2995 Morum]
602 2956 666 2986 For
683 2956 757 2986 this
772 2958 922 2987 account
939 2956 978 2987 of
989 2957 1051 2987 the
1167 2966 1241 2995 145.
1265 2957 1428 2987 omnibus
1459 2955 1574 2997 horis]
1611 2954 1703 2986 Plin.
1734 2956 1821 2986 N.H.
1855 2963 1884 2992 7.

292 2998 406 3037 origin
426 2998 462 3028 of
476 2998 538 3028 the
554 3001 653 3029 Moria
670 3008 727 3029 see
744 2999 805 3039 Ep.
824 3010 895 3030 222.
914 2999 1048 3031 introd.
1122 3010 1174 3038 40.
1198 3009 1267 3039 131.
