2073 3464
135 189 233 244 3⁰5]
527 245 676 286 302305.
739 243 802 285 To
831 243 983 285 ‹JAMES
1015 244 1330 287 VVIMPFELING.
1676 192 1726 230 17

181 342 311 379 Grouda
329 343 404 379 MS.
429 337 528 390 13'23,
547 344 571 378 f.
592 353 648 389 25.
1415 343 1534 381 Basle.

180 402 234 438 De
253 401 370 447 Copia
386 401 411 437 f.
433 412 475 447 73
494 407 545 441 v0.
1271 411 1311 436 21
1332 400 1552 447 September
1573 411 1674 447 1514.

177 496 269 538 [The
285 497 363 527 best
379 500 456 528 text
471 498 502 528 is
517 496 622 536 again
638 496 719 526 that
736 495 775 526 of
788 496 848 526 the
867 495 990 527 Gouda
1005 496 1075 528 MS.
1090 507 1098 534 ;
1115 497 1179 527 but
1196 497 1214 527 I
1234 497 1325 527 have
1341 497 1530 529 discarded
1548 499 1595 528 its
1611 507 1721 529 some-

133 540 230 571 what
253 541 446 572 barbarous
461 539 704 579 orthography
720 540 758 570 in
777 538 903 570 favour
919 539 957 570 of
977 540 1055 571 that
1078 540 1116 571 of
1134 541 1169 578 β,
1186 542 1312 581 except
1334 541 1374 572 in
1397 541 1460 572 the
1485 541 1568 573 date
1585 541 1658 572 and
1680 541 1720 571 in

134 585 405 624 contemporary
421 593 548 624 proper
564 582 714 623 names]

134 700 406 732 DESIDERIVS
436 700 641 731 ERASMVS
670 699 833 730 IACOBO
861 698 1191 740 WIMPHILINGO,
1219 701 1463 731 GERMANVS
1492 702 1723 743 GERMANO,

190 769 452 800 THEOLOGVS
482 768 731 807 THEOLOGO,
762 767 1024 798 LITERARVM
1056 768 1370 799 SCIENTISSIMO
1402 770 1665 802 LITERARVM

539 835 899 867 SITIENTISSIMVS
934 836 1140 866 SALVTEM
1174 836 1312 868 DICIT.

186 916 298 965 Qvn)
326 916 396 964 ais,
421 915 481 955 mi
499 914 837 965 Wimphilinge‘?
893 914 1013 953 Itane
1037 917 1083 953 tu
1110 928 1232 955 vocas
1252 916 1378 965 istud,
1409 916 1509 955 boui
1530 917 1718 965 clitellas,

131 981 238 1032 quod
267 981 345 1020 tibi
372 981 638 1032 potissimum
666 980 717 1018 ad
747 993 825 1019 nos
853 980 1060 1019 scribendi
1089 981 1234 1020 datum
1262 984 1323 1020 est
1355 982 1610 1032 negocium?
1666 984 1724 1022 At

131 1046 237 1085 mihi
255 1046 377 1096 plane
397 1046 563 1085 Videtur
581 1045 698 1091 illud,
714 1045 821 1095 quod
842 1045 990 1083 Graeci
1010 1045 1155 1084 dicunt
1177 1048 1515 1097 παροιμιαζόμενοι,
1528 1049 1593 1087 τὸν
1613 1048 1726 1087 ἵππον

134 1115 183 1153 εἰς
201 1112 336 1151 πεδίον.
397 1111 506 1150 Nam
529 1111 646 1149 cuius
667 1110 856 1149 humeris
883 1111 1019 1160 aptius
1048 1112 1129 1150 ista
1159 1112 1330 1151 sedisset
1360 1113 1532 1161 sarcina,
1558 1115 1629 1152 aut
1659 1114 1725 1152 cui

131 1178 282 1216 rectius
307 1178 384 1216 hoc
408 1177 593 1215 muneris
612 1176 797 1225 delegare
817 1177 976 1226 poterat
995 1176 1317 1226 Argentinensis
1339 1178 1412 1217 illa
1432 1178 1631 1218 sodalitas
1651 1179 1725 1229 (sic
1746 1193 1762 1224 5

130 1242 243 1281 enim
272 1245 318 1281 tu
346 1242 481 1291 vocas)
510 1254 592 1280 non
620 1240 903 1279 literatissima
930 1241 1054 1280 modo
1092 1242 1161 1280 sed
1189 1245 1230 1280 et
1258 1243 1571 1292 humanissima,
1601 1257 1726 1293 quam

132 1307 459 1357 Wimphelingo,
473 1319 569 1345 cum
586 1305 791 1344 bonarum
806 1306 1023 1344 literarum
1043 1307 1151 1357 apud
1171 1320 1268 1346 suos
1286 1307 1403 1347 facile
1423 1308 1611 1359 principi,
1634 1310 1725 1347 tum

133 1372 269 1411 omnis
296 1371 571 1411 humanitatis
590 1371 804 1410 antistiti?
860 1371 1003 1422 Neque
1023 1385 1119 1410 vero
1141 1373 1437 1412 commissurus
1456 1387 1569 1412 eram
1588 1376 1635 1413 vt
1653 1388 1727 1413 vos

133 1437 446 1476 anteuerteretis
471 1437 601 1476 officio
632 1437 861 1482 literarum,
887 1437 931 1474 ni
961 1437 1077 1476 labor
1105 1437 1172 1476 hic
1203 1439 1521 1488 recognoscendi
1549 1439 1727 1490 locuple-

130 1503 327 1553 tandique
342 1516 454 1542 meas
469 1501 770 1551 annotationes,
787 1515 887 1552 quas
899 1501 944 1540 in
960 1502 1128 1541 Nouum
1140 1504 1385 1553 scripsimus
1400 1504 1725 1553 Testamentum,
1749 1519 1788 1541 10

133 1569 192 1607 ita
216 1570 354 1607 totum
378 1582 445 1607 me
473 1568 554 1607 sibi
583 1567 752 1606 affixum
782 1580 828 1606 ac
856 1567 989 1606 veluti
1017 1568 1193 1618 pist-rino
1223 1569 1439 1619 alligatum
1470 1570 1649 1619 haberet,
1682 1573 1728 1609 vt

131 1633 203 1672 vix
238 1634 364 1673 etiam
405 1633 594 1683 capiendi
633 1632 713 1671 cibi
758 1635 948 1683 suppetat
987 1634 1132 1673 ocium.
1207 1634 1302 1673 Non
1344 1636 1459 1674 enim
1496 1637 1729 1686 vsqueadeo

132 1699 324 1750 stupidus
349 1700 411 1738 est
438 1699 639 1738 Erasmus
660 1700 707 1736 vt
730 1700 817 1736 tam
841 1698 1074 1738 inauditam
1100 1701 1145 1738 in
1169 1713 1211 1738 se
1230 1700 1532 1750 benignitatem
1560 1715 1645 1739 non
1664 1701 1727 1739 in-

132 1764 306 1815 telligat,
327 1778 457 1815 neque
476 1766 564 1803 tam
584 1763 812 1802 obliuiosus
832 1766 879 1803 vt
899 1778 985 1803 non
1005 1765 1258 1813 meminerit,
1284 1779 1416 1815 neque
1435 1768 1522 1804 tam
1541 1765 1727 1804 inciuilis

133 1832 180 1869 vt
200 1829 444 1877 dissimulet,
468 1842 601 1879 neque
623 1832 712 1868 tam
735 1830 922 1879 ingratus
946 1831 992 1868 vt
1021 1843 1106 1868 non
1131 1843 1206 1880 pro
1229 1830 1343 1870 virili
1369 1833 1540 1869 conetur
1566 1843 1729 1881 respon·
1748 1850 1785 1881 15

134 1895 242 1934 dere.
263 1922 265 1924 -
299 1895 408 1933 Nam
428 1895 588 1945 quoties
604 1894 710 1932 mihi
729 1894 847 1933 venit
861 1895 905 1933 in
926 1896 1112 1933 mentem
1132 1897 1221 1934 tam
1242 1895 1414 1934 celebris
1435 1896 1727 1934 eruditissimo-

135 1973 228 1998 rum
267 1959 490 1998 hominum
529 1961 678 2005 coetus,
713 1972 838 2010 quam
876 1959 1020 2007 obuiis,
1058 1961 1106 1998 vt
1138 1960 1265 2007 aiunt,
1306 1961 1418 1999 vlnis
1455 1974 1522 1999 me
1568 1975 1726 2000 nouum

134 2025 342 2075 hospitem
363 2025 576 2076 exceperit,
594 2038 719 2075 quam
738 2024 943 2076 singulari
962 2026 1274 2064 consuetudinis
1293 2026 1550 2066 iucunditate
1570 2027 1727 2066 fessum

134 2090 332 2137 refecerit,
353 2093 505 2142 quanta
529 2090 784 2141 benignitate
809 2090 977 2139 fouerit,
998 2092 1153 2140 quanto
1178 2091 1314 2129 studio
1337 2104 1584 2141 germanum
1603 2105 1727 2131 suum

135 2155 374 2206 complexus
393 2156 458 2205 sit,
478 2158 633 2206 quanto
653 2156 825 2194 candore
844 2168 1049 2206 quamque
1069 2156 1198 2195 amice
1219 2156 1450 2207 suspexerit
1469 2157 1595 2196 etiam
1614 2158 1727 2196 hunc
1746 2176 1785 2198 20

134 2221 458 2260 homuncionem
492 2222 612 2272 longe
645 2222 827 2270 positum
856 2221 965 2260 infra
993 2222 1339 2270 mediocritatem,
1369 2222 1521 2272 quibus
1558 2224 1724 2270 ornarit,

134 2286 265 2326 immo
276 2300 379 2337 pene
395 2287 583 2335 onerarst,
599 2286 751 2334 officiis,
768 2299 894 2337 quam
905 2287 1165 2336 hospitaliter
1180 2287 1393 2334 dimiserit,
1411 2300 1534 2337 quam
1552 2288 1727 2327 officiose

134 2351 384 2402 produxerit,
407 2353 561 2402 partim
588 2352 694 2402 apud
719 2365 787 2390 me
813 2353 967 2401 pudore
998 2353 1176 2402 quodam
1200 2352 1428 2401 suffundor,
1450 2353 1600 2403 quippe
1622 2353 1727 2391 mihi

136 2417 324 2456 conscius
358 2430 482 2467 quam
512 2417 605 2455 istis
634 2420 722 2456 tam
755 2417 989 2468 magnificis
1021 2417 1161 2456 officiis
1192 2431 1276 2456 non
1307 2418 1552 2468 respondeat
1584 2421 1725 2457 nostra

136 2481 318 2520 tenuitas
332 2484 373 2521 et
392 2484 518 2531 curta,
536 2482 885 2532 quemadmodum
900 2483 957 2522 ait
978 2483 1156 2528 Persius,
1171 2483 1285 2522 domi
1304 2483 1519 2533 suppellex
1535 2498 1544 2531 ;
1572 2483 1725 2533 partim
1746 2502 1761 2523 2
1766 2502 1784 2533 5

138 2547 382 2586 Germaniae
401 2550 566 2586 nostrae
585 2548 784 2597 gratulor,
805 2561 908 2598 quae
930 2551 1017 2587 tam
1036 2548 1203 2596 multos,
1227 2551 1314 2587 tam
1329 2548 1503 2586 eximios
1523 2548 1666 2598 gignat
1684 2550 1725 2586 et

137 2611 219 2649 alat
241 2612 364 2658 viros,
388 2625 472 2651 non
501 2613 637 2651 solum
666 2614 782 2651 omni
811 2613 1022 2652 doctrinae
1055 2627 1203 2664 genere
1234 2613 1527 2663 praecellentes
1565 2624 1725 2650 verum-

139 2676 264 2715 etiam
283 2677 373 2726 pari
392 2690 557 2716 morum
576 2678 812 2728 integritate
831 2679 1003 2729 parique
1023 2679 1225 2718 modestia
1243 2678 1460 2728 praeditos.

193 2741 302 2790 Quin
321 2743 362 2779 et
381 2741 468 2791 ipse
487 2743 594 2780 mihi
612 2743 698 2792 (cur
716 2743 830 2782 enim
851 2757 937 2781 non
958 2744 1169 2782 effundam
1188 2744 1233 2782 in
1253 2744 1395 2781 sinum
1414 2745 1537 2781 tuum
1556 2743 1726 2781 affectus

139 2820 252 2846 meos
264 2807 298 2856 ‘?)
319 2807 515 2845 nonnihil
540 2808 677 2857 placeo
702 2808 985 2858 blandiorque,
1009 2809 1120 2858 quod
1145 2809 1246 2848 viris
1275 2809 1396 2857 longe
1424 2807 1726 2859 probatissimis
1745 2816 1786 2847 30

185 2919 217 2950 3.
251 2907 523 2950 παροιμιαζόμενοι
552 2934 558 2942 .
587 2935 594 2942 .
621 2934 628 2941 .
657 2921 686 2949 4.
723 2909 828 2941 πεδίον
855 2911 898 2943 B:
934 2910 1004 2942 Hic
1031 2911 1144 2942 Greca
1169 2922 1199 2942 a.
1375 2921 1424 2950 13.
1460 2912 1500 2942 in
1527 2921 1563 2942 se
1590 2913 1663 2942 add.
1691 2911 1724 2944 β.

143 2963 191 2992 17.
215 2953 407 2984 hominum
424 2956 497 2985 add.
517 2955 551 2988 Β.
683 2963 733 2994 25.
760 2955 803 2988 B:
833 2953 977 2985 Parsius
993 2965 1022 2985 α.

745 3050 794 3080 25.
818 3041 976 3082 Persius]
1000 3051 1030 3079 4.
1049 3051 1099 3081 52.

206 3107 312 3127 annm<
330 3107 356 3127 11
920 3110 940 3136 C
