2010 3417
151 126 249 182 446]
799 131 870 170 TO
908 132 1016 172 LEO
1055 133 1096 172 X
1664 135 1745 175 289

147 239 374 289 augustius,
411 239 563 278 Leonis
592 239 916 291 incomparabile
948 242 1174 292 fastigium.
1207 242 1317 281 vltro
1346 242 1453 280 meis
1481 243 1744 293 interpellare

147 304 295 344 literis.
351 306 511 344 Verum
531 305 640 353 haec,
663 308 710 345 vt
729 306 860 355 video,
883 306 1052 346 audacia
1074 307 1180 346 mihi
1206 307 1328 357 longe
1348 308 1587 347 felicissime
1608 309 1739 348 cessit.
1764 318 1781 349 5

147 369 258 410 Vicit
278 370 393 408 enim
415 372 456 408 et
482 384 575 420 spes
598 372 639 409 et
661 372 758 410 vota
786 374 927 411 nostra
948 373 1079 421 pietas
1105 372 1185 411 ista
1211 375 1283 411 tua
1308 373 1529 423 plusquam
1554 376 1738 423 paterna,

146 436 293 484 sponte
326 435 468 474 missis
497 435 658 474 duobus
688 436 905 485 Breuibus,
936 450 1113 487 quorum
1143 438 1272 476 altero
1305 451 1371 476 me
1404 451 1576 488 meaque
1605 440 1743 478 studia

146 500 474 550 locupletissimo
507 501 634 539 simul
664 503 706 540 et
737 502 985 551 grauissimo
1014 502 1255 541 testimonio
1285 506 1415 552 ornat,
1447 504 1576 542 altero
1610 505 1742 554 regiae

146 565 356 604 maiestati
369 579 453 604 non
466 566 609 605 minus
622 568 812 605 amanter
827 581 952 617 quam
968 568 1186 617 diligenter
1201 569 1473 608 commendat.
1516 570 1742 610 Summum

146 632 210 669 est
237 630 426 668 numinis
454 631 610 669 aeterni
634 632 882 682 suffragium
907 632 1204 681 promeruisse:
1245 633 1341 672 huic
1368 636 1475 672 certe
1503 635 1741 683 proximum
1763 649 1803 672 10

145 707 232 734 esse
260 708 352 733 reor
374 696 528 734 summi
556 696 772 735 Pontificis
797 697 961 735 oraculo
988 698 1266 747 comprobari;
1301 698 1396 747 plus
1420 699 1546 737 etiam
1575 699 1739 749 Leonis,

145 759 223 798 hoc
242 762 304 798 est
323 760 413 799 eius
433 760 504 810 qui
530 774 740 800 summam
766 762 876 801 inter
904 762 1098 801 mortales
1127 763 1375 812 dignitatem
1399 764 1515 801 omni
1532 764 1742 804 virtutum

144 837 191 863 ac
209 825 426 864 literarum
445 839 593 874 genere
614 826 802 866 vicissim
822 827 1074 866 condecorat.

200 890 260 929 Ea
298 891 334 928 si
372 891 478 929 mihi
515 893 676 930 mature
717 892 896 931 fuissent
940 893 1099 931 reddita
1142 893 1327 932 Basileae
1366 895 1458 931 tum
1501 895 1652 943 agenti,
1691 908 1742 934 ne

143 954 345 994 itinerum
374 956 542 1006 quidem
570 956 656 995 vlla
683 958 868 1007 pericula
896 971 962 996 me
992 958 1198 996 deterrere
1225 957 1465 1007 potuissent,
1491 972 1571 1008 quo
1601 959 1742 997 minus
1763 972 1799 1004 15

143 1020 195 1060 ad
213 1021 475 1060 beatissimos
495 1022 596 1060 istos
612 1022 734 1072 pedes
748 1023 1018 1062 aduolassem.
1066 1023 1124 1061 At
1141 1036 1253 1061 nunc
1274 1023 1319 1061 in
1334 1023 1511 1073 patriam
1526 1036 1742 1062 reuersum

143 1099 238 1128 cum
268 1089 379 1126 aetas
411 1087 605 1126 nonnihil
639 1087 933 1137 ingrauescens
965 1090 1206 1136 remoratur,
1242 1090 1337 1126 tum
1371 1101 1470 1127 vero
1504 1088 1742 1138 principum

143 1152 296 1190 retinet
326 1152 572 1201 benignitas,
605 1155 646 1190 et
675 1166 793 1191 rarus
824 1153 994 1203 quidam
1024 1154 1178 1202 patriae
1207 1153 1250 1191 in
1278 1167 1356 1192 nos
1383 1154 1555 1192 affectus
1584 1154 1738 1204 alligat.

143 1217 359 1267 Siquidem
392 1217 704 1256 illustrissimus
741 1218 943 1269 Princeps
981 1219 1163 1267 Carolus,
1200 1219 1288 1258 Rex
1329 1219 1579 1268 Catholicus,
1616 1220 1742 1259 huius

143 1282 296 1321 saeculi
321 1283 455 1321 nostri
478 1283 622 1321 lumen
646 1297 692 1322 ac
719 1284 841 1322 decus
864 1284 1200 1334 incomparabile,
1222 1285 1266 1322 in
1287 1285 1411 1323 cuius
1435 1284 1593 1323 ditione
1619 1287 1742 1323 natus
1761 1301 1801 1323 20

142 1361 238 1388 sum
266 1347 462 1397 cuiusque
490 1348 599 1398 patri
629 1348 827 1399 Philippo
852 1349 1061 1399 quondam
1084 1350 1146 1388 fui
1173 1363 1259 1388 non
1289 1351 1411 1388 modo
1441 1352 1565 1388 notus
1593 1363 1741 1390 verum

142 1413 269 1452 etiam
287 1413 446 1461 charus,
469 1416 510 1451 et
535 1413 751 1452 absentem
774 1427 842 1452 me
864 1427 1004 1453 annuo
1023 1414 1171 1453 salario
1197 1415 1504 1464 benignissime
1531 1415 1738 1463 inuitauit,

141 1478 264 1527 idque
296 1491 372 1516 nec
404 1477 658 1517 ambientem
690 1492 765 1517 nec
799 1482 1108 1529 expectantem:
1149 1482 1190 1518 et
1227 1493 1394 1519 reuerso
1432 1494 1478 1519 ac
1509 1480 1582 1518 vix
1614 1480 1740 1520 etiam

141 1555 305 1585 reuerso
320 1543 595 1582 sacerdotium
608 1545 700 1582 tum
715 1544 903 1595 amplum
918 1546 1009 1583 tum
1026 1545 1303 1584 honorificum
1318 1545 1480 1584 detulit.
1523 1545 1739 1584 Caeterum

143 1610 349 1659 quantum
388 1609 644 1647 serenissimi
689 1610 814 1660 Regis
849 1610 1087 1660 Anglorum
1128 1610 1307 1661 pristino
1349 1624 1444 1660 erga
1482 1623 1548 1649 me
1589 1610 1734 1658 fauori,
1759 1628 1796 1659 25

143 1675 346 1724 quantum
365 1674 704 1713 reuerendissimi
724 1675 955 1714 Cardinalis
970 1676 1241 1715 Eboracensis
1256 1676 1301 1713 in
1321 1689 1389 1714 me
1409 1675 1736 1725 beneuolentiae,

142 1741 183 1776 et
221 1740 426 1787 quantum
466 1739 780 1789 Archiepiscopi
818 1740 1132 1779 Cantuariensis
1174 1741 1306 1779 veteri
1346 1754 1441 1790 erga
1486 1754 1552 1779 me
1596 1741 1735 1780 studio

142 1816 164 1842 e
184 1803 543 1842 commendatione
562 1806 657 1844 tuae
678 1805 912 1843 sanctitatis
936 1805 1162 1852 accesserit,
1186 1806 1309 1843 certis
1333 1806 1588 1855 argumentis
1607 1806 1738 1845 habeo

143 1870 412 1917 compertum.
483 1868 543 1908 Ea
580 1870 672 1908 tum
711 1870 817 1908 mihi
856 1871 1009 1920 gratior
1047 1870 1208 1917 accidit,
1244 1872 1335 1909 tum
1375 1871 1484 1920 apud
1522 1871 1618 1909 illos
1654 1872 1738 1911 fuit

145 1933 352 1982 efficacior,
375 1934 482 1984 quod
502 1947 587 1973 non
605 1937 766 1974 extorta
784 1935 977 1985 precibus
996 1935 1067 1973 sed
1087 1934 1198 1973 Vltro
1217 1935 1390 1985 prestita
1408 1935 1544 1975 fuerit.
1756 1954 1797 1985 30

198 1998 379 2037 Proinde
405 2012 500 2037 cum
526 2000 772 2050 perspiciam
798 2013 866 2038 me
893 2001 988 2038 tuae
1016 2000 1265 2038 beatitudini
1293 1999 1440 2038 debere
1467 2001 1734 2051 permultum,

143 2063 373 2113 plurimum
401 2064 537 2102 eidem
561 2065 706 2103 debere
732 2065 864 2115 cupio.
921 2065 1014 2103 Imo
1039 2065 1202 2103 iuuabit
1228 2065 1388 2104 omneis
1411 2066 1600 2105 fortunas
1623 2080 1737 2107 meas

144 2141 190 2167 ac
218 2129 428 2167 felicitatis
457 2142 667 2168 summam
696 2131 770 2169 vni
799 2130 929 2169 Leoni
961 2132 1168 2180 acceptam
1195 2130 1310 2169 ferre.
1370 2130 1447 2169 Est
1477 2133 1617 2169 autem
1645 2145 1738 2170 meo

143 2193 311 2244 quidem
330 2195 470 2234 animo
489 2196 694 2234 nonnulla
713 2196 925 2235 felicitatis
944 2209 1040 2246 pars
1064 2195 1211 2234 debere
1230 2196 1416 2234 libenter.
1477 2197 1583 2245 Quid
1604 2197 1646 2235 id
1667 2197 1734 2245 sit,

144 2259 392 2298 reuerendus
422 2260 468 2298 in
501 2260 664 2300 Christo
697 2263 824 2310 pater,
856 2261 1085 2311 Episcopus
1114 2261 1440 2310 Vuigorniensis,
1473 2262 1737 2301 inuictissimi
1756 2278 1794 2310 35

144 2324 381 2373 Anglorum
414 2325 542 2374 Regis
574 2325 682 2375 apud
715 2328 833 2365 tuam
864 2326 1127 2365 sanctitatem
1161 2328 1383 2377 perpetuus
1417 2329 1564 2376 orator,
1599 2340 1736 2366 coram

147 2390 334 2438 exponet,
350 2391 391 2428 et
402 2390 595 2430 Andreas
609 2391 874 2440 Ammonius,
890 2393 984 2430 tuae
1000 2392 1235 2430 sanctitatis
1249 2392 1358 2441 apud
1370 2392 1532 2442 Anglos
1546 2392 1733 2440 nuncius,

144 2453 277 2492 literis
296 2454 554 2504 significabit.
603 2457 692 2505 Qua
707 2457 876 2506 quidem
895 2457 940 2494 in
960 2470 1003 2495 re
1023 2470 1107 2495 non
1123 2457 1267 2495 dubito
1282 2457 1385 2506 quin
1400 2470 1491 2495 eam
1506 2457 1736 2496 bonitatem

145 2531 340 2558 sensurus
360 2520 454 2567 sim,
478 2534 604 2569 quam
630 2522 737 2560 mihi
762 2523 855 2560 tum
885 2521 964 2560 ista
989 2524 1161 2560 naturae
1187 2524 1282 2560 tuae
1307 2522 1550 2571 benignitas,
1572 2535 1651 2571 qua
1669 2522 1735 2561 vel

435 2634 485 2656 12.
510 2625 676 2656 mortales
692 2629 800 2657 BLB:
825 2636 950 2657 omnes
964 2629 1060 2658 Lond.
1196 2637 1246 2665 27.
1270 2629 1306 2657 et
1323 2629 1394 2658 add.
1414 2628 1454 2657 0³.

193 2723 242 2754 16.
267 2722 307 2752 in
323 2723 496 2764 patriam]
520 2723 670 2764 Though
686 2724 793 2755 dated
816 2725 907 2755 from
1020 2734 1073 2755 22.
1098 2725 1292 2766 inuitauit]
1319 2725 1372 2757 Cf.
1392 2726 1455 2766 Ep.
1475 2735 1550 2765 370.
1568 2728 1609 2757 18
1625 2736 1660 2759 n.

146 2765 304 2805 London,
317 2766 392 2797 this
409 2766 514 2797 let-ter
525 2776 596 2798 was
613 2767 798 2807 evidently
814 2777 907 2798 com·
1020 2778 1075 2806 24.
1099 2768 1353 2809 sacerdotium]
1379 2769 1430 2800 Of.
1446 2770 1508 2809 Ep.
1529 2771 1603 2808 436.
1622 2780 1641 2809 5
1658 2780 1696 2805 n.

145 2809 253 2850 posed
283 2811 320 2839 at
348 2811 523 2850 Antwerp
552 2811 591 2841 in
619 2810 706 2850 July
721 2821 729 2849 3
767 2810 809 2841 cf.
841 2811 906 2850 Ep.
1018 2821 1069 2849 32.
1093 2811 1307 2851 plurimum]
1334 2813 1385 2844 Cf.
1403 2812 1465 2852 Ep.
1484 2823 1546 2852 447
1562 2814 1692 2846 introd.

145 2853 211 2892 338
226 2852 357 2884 introd.
414 2853 482 2884 For
498 2853 561 2884 the
578 2863 719 2885 reasons
735 2855 789 2885 for
804 2854 908 2894 delay
1018 2864 1069 2893 35.
1086 2854 1374 2896 Vuigorniensis]
1391 2855 1443 2887 Cf.
1456 2857 1518 2896 Ep.
1528 2865 1588 2895 521
1599 2857 1732 2891 introd.

145 2897 184 2927 in
201 2896 326 2935 dating
344 2905 402 2927 see
418 2896 484 2936 Ep.
501 2906 562 2936 447
581 2897 711 2929 introd.
1019 2907 1071 2936 37.
1119 2898 1292 2940 nuncius]
1330 2899 1380 2929 As
1415 2900 1660 2932 sub-collector
1698 2902 1736 2933 of

189 2949 241 2971 21.
266 2939 449 2981 Philippo]
475 2939 526 2971 cf.
551 2940 638 2981 Epp.
667 2950 727 2980 179
749 2939 820 2972 and
847 2941 905 2971 181
977 2940 1110 2972 Peter's
1120 2941 1235 2973 Pence
1248 2942 1287 2972 in
1300 2942 1467 2982 England
1482 2953 1489 2982 ;
1506 2943 1548 2975 cf.
1565 2944 1651 2985 Epp.
1668 2946 1731 2976 218

145 2983 279 3015 introd.
976 2984 1108 3016 introd.
1125 2985 1197 3016 and
1212 2995 1286 3026 517.
1304 2994 1358 3024 74.

211 3048 320 3069 ALLEN
338 3048 366 3068 u
923 3053 952 3079 U
