2010 3417
178 151 275 205 447]

578 155 647 194 ΤΟ
687 155 1031 196 LAMBERTUS
1070 155 1368 196 GRUNNIUS

1691 157 1770 195 295

174 262 338 301 scendis
357 264 519 303 artibus
545 264 799 313 liberalibus,
822 266 866 304 ni
893 279 1037 304 rursus
1056 267 1244 304 tutorum
1268 265 1531 316 indiligentia
1550 265 1659 304 bona
1676 279 1770 316 pars

175 326 462 367 intercidisset.

175 392 284 432 bona
311 394 393 432 fide
422 395 612 446 vigilent.

521 329 610 369 Scis
639 344 764 380 quam
789 331 909 380 pauci
934 332 1131 370 mortales
1156 332 1243 370 sint
1270 332 1341 381 qui
1367 331 1411 369 in
1441 330 1573 369 alieno
1600 331 1770 381 negocio

673 397 849 435 Tutores
877 398 1017 435 autem
1044 397 1127 434 huc
1154 397 1342 435 animum
1371 396 1604 435 adiecerant
1629 398 1674 435 vt
1702 409 1771 435 eos

166 459 397 506 ,educarent
423 460 682 508 monasterio,
704 461 852 499 miram
876 461 1161 500 existimantes
1185 461 1381 511 pietatem
1404 461 1440 499 si
1466 461 1549 499 illis
1579 461 1628 500 de
1657 461 1771 501 victu

173 526 436 573 prospectum
455 528 574 565 esset.
619 526 714 564 Huc
733 528 877 576 suapte
897 529 1042 576 sponte
1061 539 1287 575 propensos
1304 526 1566 566 Guardianus
1586 526 1766 576 quidam,
1788 531 1829 561 80

173 589 299 629 homo
314 591 609 640 superciliosus
625 604 857 642 magnaque
871 592 1034 641 pietatis
1050 591 1255 641 opinione,
1272 591 1515 641 perpulerat,
1530 592 1770 641 praesertim

174 668 318 706 vnum,
340 656 418 695 sub
439 670 520 705 quo
539 657 627 694 ludi
649 656 822 695 literarii
840 656 1039 706 magistro
1058 657 1103 694 in
1122 656 1258 706 prima
1276 656 1459 705 puericia
1481 658 1771 705 grammatices

173 721 308 769 prima
328 721 566 760 rudimenta
585 722 824 761 didicerant.
869 722 971 760 Erat
984 724 1125 760 autem
1146 722 1182 759 is
1202 721 1318 759 iuxta
1336 721 1550 770 vulgarem
1565 722 1770 761 existima·

175 785 336 824 tionem
369 787 434 824 vir
463 787 557 836 pius
583 789 624 825 et
649 787 858 834 innocens,
887 787 965 825 hoc
992 789 1054 825 est
1079 799 1155 825 nec
1179 787 1268 825 alea
1292 799 1367 824 nec
1394 787 1540 825 scortis
1566 801 1640 826 nec
1667 788 1769 826 luxu

172 863 248 889 nec
269 851 518 890 temulentia
544 865 620 890 nec
646 852 742 891 aliis
767 852 1014 890 criminibus
1041 851 1236 899 infamis;
1265 851 1336 890 sed
1363 851 1488 889 homo
1513 851 1595 890 sibi
1620 851 1770 891 viuens
1787 858 1826 897 85

171 928 217 954 ac
237 917 342 954 mire
361 930 520 966 parcus,
545 930 620 955 nec
646 917 799 956 iudicio
827 917 1046 967 quicquam
1072 917 1197 966 vulgo
1223 917 1508 966 praestantior,
1530 930 1604 955 nec
1627 917 1768 956 literas

170 982 415 1032 approbans,
450 983 534 1021 nisi
568 996 670 1033 quas
702 984 790 1033 ipse
820 983 1084 1034 perturbatas
1120 996 1165 1021 ac
1198 995 1347 1032 paucas
1379 982 1587 1021 didicerat.

1660 983 1768 1021 Nam

171 1046 386 1086 Florentio
426 1048 834 1098 decimumquartum
873 1062 1032 1087 annum
1074 1048 1225 1097 agenti,
1267 1061 1395 1097 quum
1434 1048 1499 1085 illi
1537 1048 1768 1098 scripsisset

170 1113 384 1163 aliquanto
411 1113 593 1163 politius,
625 1114 837 1164 respondit
866 1114 1075 1162 seueriter,
1108 1115 1155 1151 vt
1184 1113 1220 1152 si
1249 1113 1421 1162 posthac
1449 1113 1635 1152 mitteret
1664 1114 1769 1152 tales

170 1179 374 1228 epistolas,
392 1179 634 1230 adiungeret
649 1180 1017 1218 commentarium:
1047 1179 1128 1229 ipsi
1148 1192 1311 1228 semper
1326 1179 1437 1217 hunc
1452 1178 1580 1218 fuisse
1595 1193 1764 1228 morem,
1785 1192 1827 1223 90

170 1246 216 1282 vt
243 1244 366 1294 plane
395 1245 592 1283 scriberet
621 1247 662 1283 et
695 1245 1027 1294 ‘punctuatim’3
1067 1258 1166 1283 nam
1194 1245 1271 1283 hoc
1300 1244 1426 1282 verbo
1454 1247 1516 1282 est
1545 1257 1654 1284 vsus.
1724 1244 1768 1283 Is

169 1309 334 1348 videtur
363 1310 441 1348 hoc
471 1311 620 1348 affectu
654 1310 782 1348 fuisse
816 1324 896 1360 quo
926 1310 1133 1361 plurimos
1161 1323 1250 1349 esse
1283 1309 1394 1357 noui,
1432 1311 1478 1348 vt
1508 1310 1768 1349 existimaret

169 1387 210 1413 se
247 1375 465 1413 victimam
503 1375 590 1413 Deo
627 1375 907 1425 gratissimam
950 1376 1176 1423 immolare,
1218 1375 1255 1413 si
1300 1387 1423 1424 quem
1470 1375 1765 1425 discipulorum

168 1440 396 1479 addixisset
423 1441 532 1480 vitae
561 1441 826 1480 monasticae.

897 1441 1092 1491 Soletque
1119 1440 1418 1491 gloriabundus
1446 1453 1767 1479 commemorare

168 1507 270 1555 quot
302 1505 632 1545 adolescentulos
665 1520 828 1556 quoque
860 1520 970 1545 anno
1003 1507 1069 1546 vel
1104 1506 1320 1545 Francisco
1351 1505 1418 1543 vel
1449 1505 1668 1544 Dominico
1698 1507 1765 1545 vel
1784 1517 1823 1549 95

167 1571 391 1609 Benedicto
420 1571 488 1610 vel
515 1571 757 1621 Augustino
786 1573 855 1611 vel
884 1571 1077 1623 Brigidae
1105 1571 1387 1610 lucrifecisset.

220 1635 405 1675 Proinde
447 1650 577 1686 quum
621 1637 705 1675 iam
749 1639 886 1676 essent
927 1637 1084 1676 maturi
1127 1637 1279 1675 scholis
1323 1649 1424 1685 quas
1461 1635 1766 1674 Vniuersitates

167 1702 534 1751 appellant—nam
567 1703 609 1740 et
640 1702 741 1740 satis
773 1704 892 1741 erant
925 1702 1183 1753 grammatici
1221 1704 1262 1740 et
1297 1701 1414 1739 Petri
1452 1699 1632 1749 Hispani
1669 1701 1763 1739 Dia-

168 1767 359 1805 lecticam
397 1780 545 1817 magna
584 1780 633 1805 ex
671 1770 786 1816 parte
825 1768 1132 1815 didicerant—;
1180 1769 1322 1805 tamen
1360 1767 1552 1804 metuens
1589 1779 1641 1804 ne
1677 1766 1763 1804 illic

166 1831 384 1870 haurirent
414 1831 570 1881 aliquid
602 1832 804 1871 mundani
831 1833 1003 1882 spiritus
1031 1845 1077 1870 ac
1106 1832 1251 1881 iugum
1283 1831 1574 1877 detrectarent,
1604 1831 1764 1869 curauit
1785 1842 1846 1865 100

167 1896 262 1935 illos
299 1897 550 1946 ablegandos
587 1897 632 1935 in
672 1897 993 1936 contubernium
1032 1898 1293 1948 quorundam
1333 1897 1404 1945 qui
1441 1897 1566 1946 vulgo
1601 1896 1764 1935 Fratres

167 1961 453 2001 Collationarii
503 1963 715 2011 vocantur,
765 1963 838 2013 qui
886 1976 1096 2012 nusquam
1147 1962 1337 2012 gentium
1388 1975 1473 2000 non
1525 1961 1764 2000 nidulantes

166 2028 438 2066 instituendis
470 2028 610 2078 pueris
644 2030 863 2077 quaestum
896 2028 1098 2067 factitant.

1159 2027 1324 2066 Horum
1357 2027 1464 2066 illud
1498 2028 1762 2077 praecipuum

166 2094 229 2131 est
266 2092 466 2141 studium,
502 2095 549 2131 vt
587 2092 623 2131 si
662 2106 785 2142 quem
822 2107 999 2143 puerum
1035 2093 1206 2132 videant
1247 2093 1386 2131 indole
1423 2093 1682 2142 generosiore
1722 2093 1764 2130 et

166 2158 373 2206 alacriore,
396 2158 629 2197 cuiusmodi
649 2159 733 2196 fere
753 2160 852 2197 sunt
878 2158 1044 2208 ingenia
1070 2157 1317 2206 felicissima,
1343 2171 1434 2196 eam
1453 2157 1598 2207 plagis,
1622 2156 1758 2204 minis,
1785 2170 1841 2200 105

167 2223 526 2273 obiurgationibus
567 2223 740 2273 aliisque
779 2223 907 2262 variis
945 2223 1106 2262 artibus
1144 2224 1338 2272 frangant
1378 2236 1423 2261 ac
1466 2222 1760 2261 deiiciant—id

165 2285 377 2335 appellant
423 2285 855 2335 cicurare—vitaeque
900 2286 1151 2325 monasticae
1199 2286 1372 2335 fingant.

1456 2285 1544 2334 Quo
1592 2284 1759 2335 quidem

167 2351 337 2389 nomine
365 2351 465 2389 satis
492 2353 686 2390 amantur
713 2364 737 2389 a
764 2351 1052 2390 Dominicanis
1079 2365 1124 2390 ac
1153 2351 1449 2398 Franciscanis,
1482 2350 1589 2399 quod
1621 2350 1761 2387 dicant

167 2416 353 2465 ipsorum
365 2416 530 2454 ordines
542 2416 659 2455 breui
670 2416 924 2465 interituros,
940 2417 1021 2455 nisi
1032 2429 1159 2467 penes
1170 2416 1265 2454 illos
1277 2416 1453 2454 aleretur
1466 2415 1737 2454 seminarium
1749 2428 1759 2461 ;

297 2502 350 2532 80.
376 2502 458 2533 Huc
474 2505 595 2542 scripsi,
614 2505 652 2540 cs.
667 2513 711 2533 τυ.
729 2512 803 2540 202,
821 2512 841 2541 3
857 2514 863 2533 :
888 2503 965 2534 Hac
981 2505 1023 2534 H.

210 2568 265 2598 80.
302 2567 547 2608 Guardianus]
594 2568 669 2598 The
707 2568 800 2599 head
839 2567 877 2598 of
911 2578 931 2598 a

167 2611 381 2641 Franciscan
397 2611 516 2649 house,
536 2612 708 2650 probably
725 2614 761 2642 at
783 2612 907 2641 Gouda
922 2622 930 2650 ;

166 2655 287 2685 where
307 2663 379 2684 van
402 2654 568 2685 Heussen
590 2655 628 2695 (i.
648 2655 728 2695 303)
746 2655 930 2684 mentions

166 2708 185 2729 a
201 2697 418 2728 settlement.

209 2742 262 2772 88.
289 2739 504 2780 scripsisset]
529 2740 580 2771 Cf.
600 2741 665 2781 Ep.
686 2750 700 2770 1
719 2740 854 2771 introd.

207 2785 263 2824 98.
305 2783 477 2824 Hispani]
518 2784 621 2814 Peter
654 2783 716 2814 the
754 2783 928 2823 Spaniard

169 2827 328 2868 (†1277),
369 2837 390 2858 a
427 2828 549 2858 native
589 2826 627 2857 of
661 2827 805 2864 Lisbon,
848 2826 929 2857 who

167 2872 309 2902 became
336 2871 425 2910 Abp.
457 2871 494 2902 of
521 2871 636 2910 Braga
666 2881 694 2901 c.
730 2880 823 2909 1272,
857 2870 928 2900 and

167 2925 240 2946 was
269 2914 406 2945 elected
434 2914 538 2954 Pope,
565 2923 605 2944 as
629 2913 727 2944 John
750 2923 812 2943 xm
838 2913 925 2953 (xx),

167 2959 206 2989 in
226 2960 319 2997 1276.
366 2958 423 2989 He
439 2968 511 2988 was
533 2958 596 2988 the
616 2957 748 2988 author
767 2957 805 2987 of
816 2967 929 2996 many

167 3002 284 3033 works
314 3011 360 3033 on
392 3001 493 3042 logie,
528 3002 589 3032 the
620 3001 698 3032 best
730 3000 861 3031 known
894 3002 932 3030 of

1164 2503 1216 2533 88.
1242 2502 1299 2532 1111
1315 2504 1349 2531 H
1358 2503 1429 2532 LB:
1454 2501 1516 2531 ille
1531 2503 1628 2531 Loncl.

998 2567 1132 2607 which,
1157 2568 1219 2598 the
1244 2569 1426 2597 Summulae
1448 2568 1573 2603 Loqicae
1599 2566 1671 2596 and
1695 2566 1758 2597 the

998 2615 1108 2642 Parma
1129 2613 1293 2649 Loyccalia,
1313 2620 1403 2640 were
1428 2609 1559 2648 widely
1575 2610 1663 2639 used
1685 2609 1757 2640 and

998 2664 1090 2684 were
1132 2663 1242 2692 many
1279 2654 1387 2683 times
1424 2652 1570 2691 printed
1608 2653 1646 2682 in
1683 2655 1756 2685 xv⁰.

999 2698 1173 2737 Copinger
1196 2696 1311 2736 (2995)
1334 2697 1519 2726 mentions
1542 2706 1562 2726 a
1580 2698 1757 2737 Dialectica,

997 2740 1144 2780 printed
1160 2739 1368 2779 separately,
1385 2751 1410 2770 s.
1428 2750 1457 2769 α.
1476 2743 1502 2770 et
1518 2742 1537 2770 l.

1043 2793 1114 2814 102.
1140 2782 1405 2823 Collationarii]
1429 2783 1503 2813 The
1520 2782 1699 2813 Brethren
1723 2783 1762 2813 of

997 2827 1061 2857 the
1085 2826 1254 2857 Common
1279 2826 1378 2864 Life3
1408 2836 1445 2856 so
1472 2825 1587 2857 called
1610 2826 1756 2858 because

997 2870 1035 2900 of
1055 2871 1117 2900 the
1146 2869 1277 2909 special
1300 2870 1479 2900 attention
1504 2870 1591 2908 they
1613 2870 1697 2909 paid
1720 2873 1757 2902 to

997 2915 1167 2944 collationes
1206 2913 1431 2953 (addresses).
1497 2913 1560 2944 See
1606 2913 1754 2954 Herzog,

997 2959 1289 2993 Realencykzopa'die
1305 2957 1356 2995 iii,
1375 2966 1407 2996 p.
1428 2965 1491 2995 503
1508 2967 1516 2995 ς
1538 2955 1611 2988 and
1625 2956 1756 2988 Wood-

996 3000 1104 3039 ward,
1124 3003 1248 3031 Stuclies
1264 3003 1299 3031 in
1314 3003 1495 3039 Education,
1516 3010 1573 3040 pp.
1593 3001 1689 3040 82—7.
