2010 3417
71 169 172 225 373]
627 171 699 210 ΤΟ
737 168 854 209 THE
892 167 1126 208 READER
1595 166 1673 205 169

125 280 261 321 Diuus
281 280 569 331 Hieronymus
583 280 758 319 eximios
775 280 934 331 aliquot
954 278 1148 319 Graeciae
1168 278 1389 329 scriptores
1417 279 1542 327 taxat,
1565 276 1675 327 quod

71 346 270 386 historico
285 347 523 397 contempto
543 358 667 384 sensu
687 359 763 385 suo
779 345 980 384 arbitratu
992 344 1276 384 maluerintin
1287 342 1495 394 allegoriis
1507 342 1650 381 ludere
1665 356 1676 390 3

70 426 196 464 seque
215 413 354 463 ipsum
374 412 570 462 deplorat,
588 412 696 462 quod
708 411 865 451 calidus
883 411 1018 450 adhuc
1037 411 1209 449 iuuenta
1227 409 1473 460 prophetam
1492 408 1676 447 Abdiam

70 478 288 528 allegorice
315 477 462 516 fuisset
485 477 797 527 interpretatus,
818 477 938 516 cuius
965 476 1144 515 nesciret
1171 475 1405 514 historiam.
1465 474 1525 513 Vt
1549 473 1594 512 in
1620 473 1678 512 vi-

70 544 234 583 lissima
264 543 420 582 concha
451 543 685 593 preciosum
718 542 820 581 latet
848 541 1131 591 margaritum,
1160 543 1207 580 vt
1238 540 1315 579 sub
1344 539 1497 579 friuola
1525 539 1678 589 siliqua

72 607 211 647 nobile
229 607 386 657 tegitur
403 620 591 657 granum,
613 610 660 646 vt
679 607 757 646 sub
776 607 891 646 arida
910 607 1155 656 minutaque
1173 606 1361 644 tunicula
1379 607 1468 644 tam
1487 604 1678 643 miranda

71 672 244 712 seminis
263 672 329 712 vis
346 672 447 711 latet
465 686 475 720 3
504 672 564 710 ita
578 672 623 710 in
646 672 784 711 verbis
803 674 849 710 vt
869 673 1036 722 apparet
1054 671 1223 720 plebeis,
1241 671 1287 709 in
1309 671 1488 720 syllabis,
1510 671 1556 708 in
1576 669 1679 719 ipsis

74 737 251 788 denique
269 737 485 776 literarum
503 736 689 787 apiculis,
709 737 895 787 ingentia
913 736 1081 775 diuinae
1108 735 1335 785 sapientiae
1359 735 1558 785 mysteria
1585 748 1677 773 con-

73 803 162 842 dita
193 803 304 842 sunt.
393 802 473 850 Qui
507 802 686 841 miratur
725 816 797 841 cur
831 802 1003 852 spiritus
1040 801 1111 839 ille
1137 801 1307 840 diuinus
1350 814 1445 840 suas
1482 813 1578 850 opes
1609 800 1678 838 his

73 867 304 907 inuolucris
335 868 472 917 tegere
501 867 692 914 voluerit,
714 867 827 906 idem
858 867 1034 905 miretur
1058 880 1132 905 cur
1159 868 1324 905 aeterna
1353 866 1555 915 sapientia
1583 878 1678 915 pau-

72 933 193 983 peris,
227 932 406 972 humilis
446 934 487 971 et
513 933 743 983 contempti
767 932 1036 982 damnatique
1065 932 1252 971 hominis
1276 944 1498 982 personam
1525 942 1678 968 assum-

72 997 211 1048 pserit.
290 997 348 1036 Vt
386 997 485 1036 haec
512 999 677 1037 minuta
707 998 842 1046 sciret,
875 998 999 1036 diuus
1033 998 1321 1047 Hieronymus
1354 1010 1429 1035 nec
1461 996 1676 1042 Iudaeum,

68 1075 250 1113 cumque
283 1064 547 1111 nocturnum,
583 1065 828 1114 aspernatus
859 1065 922 1102 est
952 1063 1174 1112 doctorem,
1205 1076 1281 1101 nec
1313 1062 1451 1101 Vllum
1483 1061 1593 1112 fugit
1625 1060 1680 1100 la-

73 1127 229 1168 borem.
271 1127 336 1168 Ob
355 1128 432 1167 has
452 1129 654 1167 minutias
673 1128 797 1168 diuus
808 1128 1074 1178 Augustinus
1094 1129 1178 1167 iam
1198 1128 1425 1178 episcopus,
1443 1127 1527 1166 iam
1539 1139 1677 1173 senex,

75 1192 126 1232 ad
158 1206 284 1244 puero
315 1193 397 1232 sibi
423 1193 631 1233 fastiditas
661 1195 837 1233 Graecas
861 1194 1022 1233 litteras
1055 1206 1244 1233 reuersus
1266 1195 1336 1232 est.
1399 1193 1460 1232 Ob
1489 1193 1565 1230 has
1593 1192 1680 1231 Ori·

72 1271 199 1309 genes
217 1258 303 1297 iam
332 1272 462 1298 canus
481 1261 525 1298 et
542 1273 667 1299 senex
693 1273 767 1299 ceu
786 1260 871 1299 iam
894 1273 1183 1310 repuerascens
1203 1259 1255 1298 ad
1279 1258 1492 1297 Hebraeae
1511 1258 1679 1308 linguae

75 1323 288 1363 descendit
307 1324 522 1373 elementa,
543 1325 745 1365 Catonem
764 1325 890 1364 etiam
909 1324 1034 1364 illum
1053 1324 1324 1364 Rhomanum
1342 1336 1551 1374 superans.
1611 1322 1679 1362 Ad

75 1389 152 1428 has
189 1389 391 1428 minutias
428 1389 606 1430 libenter
648 1391 798 1430 alludit
830 1390 1091 1438 Ambrosius,
1127 1390 1285 1430 resistit
1318 1389 1517 1429 Hilarius.
1591 1388 1682 1427 Has

75 1453 233 1504 passim
282 1455 452 1503 excutit,
491 1455 537 1494 in
568 1455 636 1495 his
665 1457 734 1507 pia
764 1456 1002 1495 curiositate
1034 1456 1354 1506 philosophatur
1390 1455 1460 1494 ille
1497 1467 1582 1492 non
1612 1467 1681 1492 ore

75 1520 245 1558 tantum
277 1532 424 1559 aureus
473 1520 806 1572 Chrysostomus.
886 1523 942 1561 Et
975 1522 1158 1572 Cyrillus
1187 1522 1300 1560 hunc
1331 1523 1498 1560 secutus
1527 1519 1682 1570 grande

77 1585 327 1636 mysterium
349 1599 400 1624 ex
420 1586 595 1626 articulo
614 1587 779 1636 Graeco,
803 1588 846 1626 id
865 1590 927 1627 est
946 1588 1067 1627 vnica
1085 1587 1270 1627 litterula
1289 1589 1319 1636 ὁ,
1343 1586 1560 1637 depromit,
1583 1585 1682 1624 hinc

76 1651 193 1690 velut
212 1651 456 1691 ineuitabile
473 1652 607 1691 telum
625 1655 842 1692 mutuatur
861 1654 971 1704 quod
996 1656 1186 1704 torqueat
1203 1654 1250 1692 in
1271 1653 1509 1692 haereticos.
1552 1652 1611 1690 Vt
1629 1664 1682 1689 ne

75 1717 216 1756 dicam
243 1717 414 1756 interim
440 1719 549 1768 quod
577 1719 679 1758 dum
701 1719 803 1758 haec
828 1732 878 1758 ex
905 1720 1091 1769 professo
1118 1731 1324 1768 curamus,
1345 1718 1419 1757 illa
1441 1720 1584 1757 tamen
1612 1716 1684 1755 ali-

78 1781 242 1831 quoties
276 1782 409 1821 obiter
446 1783 687 1832 aperiuntur
706 1799 715 1832 ;
763 1785 920 1824 etenim
956 1785 1308 1835 quemadmodum
1346 1783 1418 1834 qui
1455 1782 1684 1822 sententias

79 1849 287 1895 enarrant,
314 1851 523 1898 coguntur
549 1850 770 1900 aliquoties
793 1851 1017 1889 verborum
1047 1850 1250 1900 explicare
1278 1849 1499 1895 rationem,
1521 1849 1581 1887 ita
1606 1860 1683 1886 nos

81 1913 183 1951 dum
201 1912 247 1951 in
262 1913 402 1952 verbis
419 1914 675 1964 explicandis
689 1928 914 1962 versamur,
935 1915 1122 1965 cogimur
1141 1915 1312 1953 interim
1327 1916 1368 1952 et
1383 1914 1683 1953 sententiarum

81 1979 169 2016 vim
189 1979 358 2028 aperire.
418 1979 609 2030 Denique
635 1981 737 2019 haec
762 1981 1023 2031 grauioribus
1042 1980 1147 2019 orsis
1172 1982 1213 2019 et
1237 1981 1392 2031 coeptis
1411 1981 1496 2019 iam
1517 1980 1619 2018 olim
1638 1979 1683 2017 in

82 2043 264 2082 Paulum
295 2046 606 2085 commentariis
636 2060 950 2097 praeparamus:
992 2047 1037 2085 in
1068 2046 1219 2096 quibus
1251 2045 1440 2085 fortassis
1472 2044 1685 2096 apparebit
1727 2056 1762 2067 ⁶·

81 2111 224 2148 vtrum
242 2110 398 2149 iudicio
412 2123 466 2149 an
486 2124 582 2150 casu
600 2112 653 2150 ad
672 2112 747 2150 has
761 2112 960 2151 minutias
980 2112 1274 2151 descenderim.

136 2176 216 2215 Sed
237 2188 321 2226 age,
345 2176 477 2227 fingat
502 2190 569 2215 me
588 2179 659 2228 qui
678 2177 789 2216 volet
809 2178 918 2216 nihil
936 2177 1050 2216 aliud
1069 2180 1252 2228 prestare
1267 2177 1461 2227 potuisse,
1485 2177 1526 2214 et
1544 2175 1612 2214 vel
1631 2175 1685 2214 ob

79 2241 239 2290 ingenii
263 2241 506 2280 tarditatem
531 2245 573 2281 et
599 2243 799 2294 frigidum
828 2243 985 2282 circum
1012 2243 1246 2293 praecordia
1275 2242 1531 2292 sanguinem,
1546 2241 1614 2280 vel
1633 2240 1685 2279 ob

79 2306 331 2345 eruditionis
366 2307 553 2358 inopiam
585 2308 778 2348 infimam
810 2309 918 2347 hanc
951 2309 1181 2359 sumpsisse
1212 2308 1474 2358 prouinciam
1491 2322 1499 2346 :
1543 2309 1686 2345 tamen

84 2371 312 2411 Christiani
329 2373 506 2422 pectoris
532 2376 594 2413 est
614 2374 898 2425 qualecunque
918 2375 1102 2413 officium
1129 2374 1230 2412 boni
1247 2373 1461 2412 consulere
1490 2372 1597 2422 quod
1618 2370 1687 2421 pia

85 2435 304 2475 sedulitate
331 2441 577 2487 praestatur.
627 2439 821 2478 Christus
843 2439 1075 2478 coniectum
1103 2439 1149 2477 in
1173 2439 1513 2489 gazophylacium
1539 2451 1563 2476 a
1590 2449 1686 2486 pau-

86 2500 251 2550 percula
269 2502 542 2550 quadrantem
561 2504 758 2553 laudauit,
773 2518 861 2543 rem
880 2518 953 2555 per
971 2518 1015 2543 se
1033 2504 1285 2543 vilissimam
1304 2503 1444 2541 animo
1463 2502 1687 2541 aestimans

87 2567 309 2605 offerentis.
346 2567 400 2606 In
419 2582 462 2607 re
483 2569 754 2608 vehementer
771 2570 981 2619 praeclara
998 2570 1065 2608 vel
1084 2572 1269 2608 extrema
1288 2569 1448 2607 functio
1468 2566 1687 2617 splendida

86 2634 160 2670 est.
222 2631 276 2670 In
295 2632 418 2681 regiis
435 2635 477 2672 et
498 2634 570 2683 qui
587 2636 760 2673 verrunt
775 2636 817 2672 et
835 2634 908 2684 qui
927 2636 1112 2684 coquunt
1131 2634 1338 2672 habentur
1356 2632 1531 2671 honesti.
1593 2633 1686 2671 Cae-

86 2700 224 2736 terum
243 2697 288 2736 in
317 2697 439 2736 domo
468 2698 547 2737 Dei
575 2713 678 2749 quae
705 2700 876 2738 tandem
904 2700 1065 2737 functio
1093 2698 1341 2737 fastidienda
1358 2698 1493 2737 videri
1520 2697 1688 2747 potest?

136 2810 208 2841 123.
233 2801 306 2831 iam
320 2805 390 2838 post
404 2810 468 2832 ceu
483 2811 540 2832 om.
560 2802 594 2835 β.
766 2811 836 2841 131.
861 2801 998 2832 etenim
1015 2803 1050 2833 δε
1075 2803 1113 2832 vt
1130 2812 1159 2832 α.
1334 2811 1405 2840 141.
1430 2802 1632 2832 coniectum
1648 2800 1687 2831 in

88 2844 382 2884 gazophylacium
398 2845 421 2878 β
437 2855 444 2874 :
466 2845 619 2875 missum
633 2855 665 2877 α.

136 2944 206 2975 108.
235 2942 498 2985 Hieronymus]
517 2946 627 2975 Comm.
641 2947 677 2974 in
691 2946 736 2976 Is.
754 2944 804 2975 18.
820 2953 854 2975 2:
920 2945 1071 2975 Abdiam.

87 2987 163 3018 and
178 2990 237 3025 Ep.
255 2997 307 3027 51.
326 2998 357 3026 4.
876 2986 881 2991 '
969 2997 1038 3026 134.
1058 2988 1099 3017 in
1116 2986 1284 3028 Paulum]
1307 2986 1360 3018 cf.
1379 2987 1442 3027 Ep.
1465 2988 1536 3026 164.
1555 2998 1610 3028 39.

137 3040 209 3062 110.
239 3030 417 3072 deplorat]
436 3030 538 3064 Hier.
553 3033 634 3063 Prot.
648 3033 682 3062 in
698 3041 803 3063 comm.
822 3034 857 3062 in
970 3031 1040 3070 138.
1063 3030 1287 3072 praecordia]
1313 3031 1365 3062 Cf.
1381 3031 1484 3072 Verg.
1508 3034 1544 3064 G.
1567 3042 1597 3064 2.
1613 3032 1688 3070 484.

1698 417 1758 440 110

1699 746 1758 777 115

1702 1072 1763 1094 120

1703 1401 1761 1433 125

1706 2382 1766 2413 140

1708 2707 1767 2739 145
