2010 3417
270 151 349 189 308
737 145 990 184 LETTERS
1029 145 1099 183 OF
1138 145 1402 184 ERASMUS
1746 142 1874 196 [15¹6

269 259 314 297 in
349 257 542 296 conuiuio
574 255 722 294 multis
755 253 1022 293 audientibus
1055 252 1307 292 nominatim
1341 254 1683 292 commemorauit
1718 254 1869 301 vicum,

268 335 464 373 personas
496 323 537 359 et
570 319 884 367 monasterium,
918 318 964 356 in
998 331 1080 368 quo
1112 318 1261 356 viuum
1295 317 1600 356 adolescentem
1634 317 1872 358 defoderant

269 386 547 434 Dominicani,
579 385 689 436 quod
720 387 838 435 pater
871 397 994 434 eques
1026 383 1164 422 filium
1194 383 1344 422 furtim
1376 396 1424 421 eo
1458 384 1710 433 pertractum
1744 383 1872 423 minis

187 456 250 488 600
269 453 507 503 reposceret.
569 451 677 490 Tum
705 450 751 488 in
784 449 960 488 Polonia
988 449 1143 488 nobilis
1172 448 1353 499 quidam,
1384 448 1456 498 qui
1484 448 1589 486 bene
1617 449 1740 498 potus
1768 448 1874 488 forte

268 519 314 557 in
351 517 509 567 templo
554 515 843 563 obdormierat,
884 515 992 555 vidit
1036 515 1139 553 duos
1183 514 1480 553 Franciscanos
1523 514 1617 563 post
1660 513 1874 554 cantiones

268 585 492 623 nocturnas
514 582 635 621 viuos
659 580 807 620 defodi.
868 580 951 619 Hic
974 580 1137 631 pondus
1159 579 1285 618 habet
1314 579 1400 617 illis
1420 578 1638 617 Pontificis
1656 579 1868 628 autoritas,

268 650 340 699 qui
369 650 476 687 forte
510 647 709 687 concessit
743 647 820 685 hoc
850 646 937 684 illis
969 646 1072 684 citra
1100 645 1326 685 discrimen
1361 644 1690 694 irregularitatis.
1751 645 1871 684 Idem

266 711 339 751 vbi
366 711 515 750 liberat
545 711 725 760 aliquem
752 711 868 749 veste
896 709 968 747 illa
996 721 1119 755 sacra,
1153 708 1355 747 scinditur
1383 707 1578 757 diploma,
1611 708 1653 745 et
1682 707 1755 757 qui
1783 721 1873 758 pro-

186 783 247 824 605
267 777 428 817 curauit
447 776 667 815 coniicitur
686 776 732 813 in
752 788 966 813 carcerem.

322 843 377 882 Et
391 845 483 893 post
496 842 596 881 haec
609 841 766 880 iactant
779 843 942 879 autores
954 840 1149 879 ordinum
1162 852 1333 877 suorum
1345 838 1630 887 Benedictum‚
1647 838 1873 886 Basilium,

268 909 588 959 Hieronymum,
628 907 929 957 Augustinum,
971 905 1253 953 Dominicum‚
1292 905 1571 953 Franciscum,
1612 905 1868 944 Brunonem.

268 976 495 1029 Excutiant
522 974 655 1013 vitam
678 973 848 1011 illorum
872 975 912 1010 et
937 971 1106 1011 videant
1132 970 1324 1021 nunquid
1351 984 1535 1021 vnquam
1561 970 1643 1009 tale
1669 971 1794 1010 fuerit
1819 971 1873 1010 ab

267 1041 353 1080 illis
368 1040 613 1078 institutum
626 1040 699 1077 aut
712 1039 889 1085 factum;
910 1037 1030 1087 longe
1044 1036 1169 1075 aliam
1184 1036 1390 1087 reperient
1402 1036 1605 1086 politiam.
1642 1035 1869 1086 Exemplis,

186 1117 250 1148 610
268 1106 425 1145 salubri
454 1104 653 1152 doctrina,
685 1103 829 1142 amicis
858 1102 1043 1151 monitis,
1076 1103 1261 1141 fraterna
1290 1101 1548 1152 correptione
1576 1103 1664 1141 tota
1691 1115 1756 1141 res
1784 1115 1874 1151 age·

266 1173 399 1211 batur.
460 1170 541 1219 Qui
568 1170 634 1208 his
662 1169 798 1208 modis
823 1182 907 1207 non
933 1168 1243 1216 emendabatur,
1271 1167 1510 1207 eiiciebatur
1536 1181 1557 1206 e
1585 1167 1872 1216 contubernio,

266 1236 431 1277 etiamsi
450 1249 525 1275 sua
545 1237 692 1285 sponte
712 1248 796 1273 non
817 1234 1094 1273 discessisset:
1123 1236 1290 1273 tantum
1310 1234 1448 1272 aberat
1463 1235 1510 1272 vt
1525 1233 1640 1272 abire
1658 1233 1870 1272 volentem

267 1304 506 1342 retinerent.
565 1301 723 1339 Omitto
743 1302 803 1338 tot
829 1300 1150 1339 constitutiones
1177 1299 1394 1347 humanas,
1418 1300 1481 1338 tot
1499 1300 1656 1338 formas
1674 1297 1874 1343 vestium,

267 1370 330 1407 tot
362 1380 503 1418 preces
536 1379 582 1405 ac
616 1366 878 1413 ceremonias,
915 1365 959 1404 in
994 1365 1145 1415 quibus
1178 1365 1287 1414 quod
1321 1367 1383 1403 est
1415 1365 1620 1404 leuissimi
1653 1365 1868 1410 momenti,

186 1446 249 1486 615
269 1447 419 1483 nempe
446 1433 584 1480 vestis,
618 1432 665 1469 fit
695 1431 804 1482 apud
833 1430 934 1469 istos
963 1430 1146 1480 plurimi.
1207 1431 1287 1479 Qui
1316 1430 1361 1469 in
1393 1444 1504 1470 sacra
1532 1433 1646 1471 veste
1678 1430 1872 1480 indulget

269 1499 531 1550 quotidianae
564 1497 845 1545 temulentiae,
884 1497 955 1546 qui
988 1496 1109 1546 gulae
1142 1496 1269 1534 seruit
1302 1498 1343 1534 et
1376 1497 1526 1544 ventri,
1563 1497 1636 1546 qui
1667 1497 1874 1535 scortatur

269 1566 374 1604 clam
404 1566 446 1602 et
473 1563 611 1613 palam
640 1562 763 1612 (nihil
794 1562 909 1600 enim
939 1562 1089 1600 addam
1120 1562 1393 1611 obscoenius),
1426 1562 1496 1612 qui
1524 1561 1625 1600 luxu
1654 1561 1871 1611 profundit

269 1630 459 1669 ecclesiae
495 1628 726 1679 pecuniam,
769 1628 841 1678 qui
878 1627 1099 1677 sortilegiis
1143 1626 1317 1677 aliisque
1356 1627 1555 1665 maleficis
1596 1627 1758 1666 artibus
1802 1627 1871 1665 dat

271 1708 447 1746 operam,
471 1694 624 1744 probus
652 1697 713 1732 est
740 1693 969 1732 monachus
993 1695 1034 1731 et
1060 1694 1229 1730 vocatur
1255 1693 1306 1731 ad
1334 1693 1568 1740 abbatiam3
1599 1692 1670 1743 qui
1696 1705 1874 1742 quacun-

271 1775 349 1812 que
378 1761 429 1800 de
457 1772 578 1799 causa
605 1758 744 1809 posuit
773 1760 932 1797 vestem
959 1760 1005 1797 vt
1024 1760 1258 1807 apostatam
1279 1760 1548 1797 execrantur:
1581 1758 1690 1808 quod
1718 1770 1873 1796 nomen

270 1827 372 1865 olim
410 1825 559 1864 merito
598 1824 825 1863 ducebatur
867 1823 1208 1871 abominandum,
1250 1837 1381 1873 quum
1423 1836 1470 1862 eo
1514 1825 1758 1862 notarentur
1802 1823 1875 1873 qui

270 1893 513 1932 defecissent
543 1904 566 1928 a
600 1889 757 1929 Christi
793 1889 1045 1940 professione
1079 1889 1129 1927 ad
1164 1888 1428 1928 Iudaismum
1463 1903 1533 1928 seu
1566 1888 1869 1939 paganismum.

271 1958 387 2006 Quod
409 1957 445 1996 si
463 1956 591 1995 latius
610 1955 806 2006 porrigas,
827 1955 1061 2005 quicunque
1083 1954 1247 1993 deditus
1263 1957 1325 1994 est
1340 1955 1489 1994 mundi
1505 1954 1680 2003 deliciis,
1694 1954 1876 2004 pompis,

271 2023 416 2073 opibus
438 2022 685 2071 caeterisque
707 2020 1004 2071 cupiditatibus
1026 2033 1127 2071 quas
1153 2020 1359 2059 abiurauit
1378 2021 1424 2058 in
1444 2020 1663 2071 baptismo,
1688 2021 1875 2070 apostata

271 2091 346 2136 est,
396 2087 468 2126 illo
510 2087 645 2125 nihilo
690 2086 848 2134 melior,
896 2086 966 2125 sed
1015 2086 1242 2134 nocentior,
1288 2087 1502 2136 vtcunque
1547 2085 1670 2124 turba
1712 2085 1878 2123 leuatur

271 2153 461 2193 criminis
488 2152 658 2191 inuidia.
718 2152 874 2191 Itidem
903 2151 1096 2190 monachi
1127 2151 1197 2201 qui
1226 2152 1354 2201 impie
1382 2151 1535 2190 viuunt
1565 2150 1690 2201 (quod
1717 2149 1873 2199 passim

187 1773 251 1804 620

191 2100 250 2141 625

272 2241 349 2270 602.
373 2239 560 2270 Pontificis
578 2242 700 2277 scripsi,
720 2240 757 2275 cf.
776 2242 834 2276 Ep.
851 2239 925 2277 389.
945 2248 984 2277 51
1004 2249 1057 2270 n.:
1083 2238 1298 2278 pontificum
1316 2241 1359 2269 H.
1487 2238 1562 2276 625.
1586 2235 1650 2267 illo
1669 2238 1720 2267 H:
1746 2236 1814 2267 isto
1830 2239 1869 2267 N.

273 2327 320 2349 on
335 2318 398 2349 the
416 2318 570 2357 Epistles
587 2317 625 2347 of
639 2317 688 2347 St.
707 2316 827 2346 James
846 2316 1034 2356 (Louvain,

272 2361 337 2393 Th.
355 2362 526 2398 Martens,
550 2361 629 2391 Dec.
657 2363 754 2399 1520)
778 2360 849 2390 and
870 2359 920 2390 St.
939 2359 1037 2390 John

275 2405 503 2446 (apparently
516 2405 593 2435 first
609 2404 801 2444 published
818 2404 856 2433 in
871 2403 1038 2433 Froben's

275 2448 444 2480 collected
467 2448 609 2479 volume
637 2447 675 2478 of
694 2447 782 2486 July
808 2448 914 2486 1521).
963 2446 1038 2477 The

277 2495 387 2530 Topica
409 2492 448 2522 of
461 2491 633 2523 Claudius
650 2490 892 2522 Gantiuncula
908 2489 1039 2528 (Basle,

275 2537 317 2567 A.
332 2534 648 2574 Cartander,June
666 2534 762 2575 1520)
776 2544 834 2565 are
851 2534 925 2564 also
942 2533 1039 2564 dedi-

277 2580 378 2610 cated
400 2581 436 2610 to
457 2579 545 2610 him.
596 2579 659 2609 See
676 2578 781 2609 NBG.
799 2577 920 2608 which
942 2578 1041 2608 must

276 2624 318 2654 be
355 2622 628 2663 supplemented
659 2622 751 2653 from
787 2621 932 2652 Brewer
969 2621 1039 2651 and

277 2667 437 2705 Sanuto3
468 2667 542 2697 also
567 2666 668 2697 BRE.
697 2665 769 2696 and
794 2666 863 2696 Zw.
891 2666 930 2696 E.

321 2709 396 2740 The
423 2709 504 2741 date
527 2710 565 2741 of
585 2710 643 2740 his
671 2709 780 2739 death
803 2709 908 2748 given
933 2709 1041 2738 above

279 2754 308 2784 is
325 2754 416 2784 from
439 2753 574 2784 Sanuto
589 2763 597 2792 ;
624 2753 697 2783 and
713 2753 851 2792 though
868 2754 898 2783 it
920 2752 1042 2782 differs

279 2798 327 2836 by
353 2807 373 2828 a
400 2797 469 2827 few
496 2796 584 2837 days
612 2797 703 2827 from
731 2796 832 2826 those
863 2797 968 2835 given
996 2796 1043 2835 by

279 2840 478 2880 maeonius,
507 2841 624 2879 Gams,
656 2839 726 2871 and
750 2839 875 2877 NBG„
899 2839 1044 2870 Brewer

279 2883 329 2913 iii.
359 2885 444 2923 2632
476 2883 547 2915 and
579 2893 660 2922 2771
695 2883 796 2913 show
827 2883 907 2913 that
940 2882 1044 2913 there

280 2935 344 2956 ean
364 2927 405 2956 be
429 2937 475 2958 no
499 2927 609 2957 doubt
634 2937 672 2958 as
695 2929 732 2957 to
757 2927 804 2957 its
829 2926 1046 2957 substantial

281 2978 456 3009 accuracy.
506 2970 541 3000 It
573 2971 604 3000 is
636 2969 812 3001 therefore
845 2970 1047 3010 surprising

281 3014 317 3043 to
349 3012 425 3043 find
458 3013 626 3044 Erasmus
656 3013 802 3052 writing
832 3014 868 3044 to
900 3013 977 3044 him
1009 3022 1047 3043 as

1107 2315 1177 2346 late
1210 2324 1247 2345 as
1281 2325 1320 2354 19
1347 2314 1428 2346 Jan.
1462 2322 1543 2352 1524
1577 2312 1704 2353 (Lond.
1732 2322 1791 2343 xx.
1819 2322 1871 2352 39,

1108 2359 1177 2390 LB.
1196 2359 1288 2398 667).
1336 2358 1410 2388 The
1428 2359 1593 2388 contents
1616 2357 1654 2387 of
1671 2356 1734 2387 the
1752 2356 1875 2393 letter,

1107 2402 1229 2433 which
1260 2411 1410 2441 appears
1437 2401 1513 2432 first
1546 2402 1585 2431 in
1613 2400 1659 2440 H,
1690 2400 1793 2431 make
1825 2400 1875 2430 its

1109 2446 1191 2476 date
1202 2445 1461 2476 incontestable
1473 2455 1481 2483 3
1498 2454 1564 2474 nor
1578 2454 1643 2475 can
1654 2444 1717 2474 the
1728 2443 1873 2474 address

1107 2490 1150 2520 be
1178 2489 1345 2529 doubted,
1373 2490 1470 2519 since
1495 2488 1707 2518 Schinner’s
1731 2487 1817 2518 offer
1839 2486 1878 2517 of

1108 2543 1127 2563 a
1157 2532 1274 2571 salary
1299 2533 1336 2563 of
1362 2542 1426 2571 500
1455 2533 1578 2563 ducats
1604 2532 1635 2563 is
1662 2530 1874 2562 mentioned

1109 2577 1182 2607 also
1199 2577 1239 2607 in
1256 2576 1367 2607 Lond.
1385 2577 1459 2607 xix.
1481 2585 1552 2615 112,
1571 2584 1630 2606 xx.
1648 2585 1700 2615 40,
1720 2573 1823 2605 xxiii.
1839 2575 1870 2611 6,

1111 2621 1180 2651 LB.
1199 2621 1273 2659 629,
1294 2621 1369 2659 644,
1389 2621 1462 2659 650.
1503 2620 1557 2650 On
1574 2619 1637 2649 the
1654 2618 1759 2649 other
1775 2617 1873 2647 hand

1110 2665 1140 2694 it
1153 2665 1182 2695 is
1199 2664 1398 2703 extremely
1411 2662 1561 2694 difficult
1574 2664 1611 2693 to
1628 2670 1777 2702 suppose
1794 2660 1873 2691 that
1938 2673 1942 2675 “

1110 2709 1150 2738 in
1170 2717 1251 2746 1524
1270 2707 1441 2738 Erasmus
1456 2716 1528 2737 was
1548 2705 1624 2737 still
1647 2704 1815 2746 ignorant
1837 2703 1876 2734 of

1110 2752 1174 2782 the
1193 2751 1393 2781 Cardinal's
1409 2750 1528 2781 death.

1155 2805 1228 2834 597.
1249 2792 1558 2834 commemorauit]
1577 2793 1629 2824 Of.
1644 2792 1705 2823 the
1717 2792 1874 2828 Exequiae

1112 2840 1294 2876 Seraphicae
1305 2838 1391 2877 (LB.
1407 2838 1430 2869 i.
1444 2838 1508 2877 869
1520 2847 1606 2875 r-70
1614 2837 1652 2876 A)
1666 2836 1720 2866 for
1734 2844 1754 2865 a
1766 2833 1875 2864 fuller

1112 2883 1261 2913 account
1277 2881 1315 2912 of
1328 2881 1402 2912 this
1418 2881 1590 2912 incident.

1156 2927 1231 2956 600.
1258 2925 1297 2955 in
1313 2924 1477 2965 Polonia]
1495 2924 1580 2954 This
1596 2921 1757 2953 incident
1773 2920 1803 2950 is
1820 2929 1871 2949 re-

1114 2969 1209 2999 lated
1226 2970 1262 2999 at
1278 2970 1416 3008 greater
1439 2967 1563 3006 length
1581 2968 1620 2995 in
1637 2966 1699 2996 the
1715 2965 1875 3001 Exequiae

1115 3015 1302 3049 Seraphicae
1320 3012 1404 3052 (LB.
1422 3011 1444 3042 i.
1463 3011 1525 3048 872
1537 3011 1610 3049 AB).
