2010 3417
297 792 335 813 OD

295 1111 337 1142 40

297 1437 337 1468 45

356 139 436 176 260
821 135 1070 173 LETTERS
1109 135 1178 172 OF
1217 134 1481 173 ERASMUS
1820 131 1946 185 [1516

355 248 526 285 uenisse.
592 246 654 283 Tu
684 257 779 293 ergo
807 248 944 282 tecum
978 243 1158 281 delibera
1192 243 1290 292 quid
1320 242 1556 280 faciendum
1585 243 1732 292 putes.'
1793 243 1944 282 Homo„

354 311 426 350 vbi
463 311 541 348 hoc
579 309 704 356 audit,
744 308 904 347 veritus
943 308 1143 346 offensam
1187 307 1391 357 Episcopi,
1434 307 1716 358 syngrapham
1757 308 1950 358 protinus

354 375 519 425 scripsit
539 374 730 424 deditque
753 373 871 421 mihi,
895 374 1132 423 accepitque
1159 373 1318 411 litteras
1344 375 1437 411 tuas
1462 373 1513 412 ad
1540 372 1818 422 Episcopum3
1847 386 1949 423 quas

300 456 312 467 ⁶
354 440 549 479 festinato
588 438 819 478 transmisit
858 451 940 477 vna
978 451 1073 477 cum
1110 437 1206 482 suis,
1249 437 1399 487 quibus
1435 438 1552 477 velut
1588 437 1756 488 exigens
1798 438 1949 488 gratias

355 504 519 554 scripsit
538 517 581 544 se
600 517 762 543 curasse
788 503 872 542 iam
897 503 1000 543 olim
1029 503 1232 553 perlatam
1252 504 1303 542 ad
1329 505 1370 542 te
1395 503 1624 553 pecuniam,
1648 516 1759 541 nunc
1779 502 1947 542 demum

355 570 505 609 habere
531 569 605 609 abs
630 571 671 608 te
700 570 862 608 litteras
882 570 1009 608 testes
1035 570 1232 618 acceptae,
1255 570 1294 607 et
1320 570 1362 607 te
1387 568 1549 607 misisse
1575 567 1727 607 litteris
1754 568 1948 618 Episcopi

353 635 559 673 inclusam
585 648 802 685 apocopen,
830 647 932 684 quae
958 633 1036 672 tibi
1061 633 1240 672 solutam
1267 632 1634 683 declararet—(hoc
1662 647 1735 684 ego
1762 633 1946 672 dixeram

356 714 486 750 quum
507 700 713 750 flagitaret
732 700 975 750 apocopen):
1004 699 1176 749 proinde
1195 700 1231 736 si
1252 699 1526 738 dominationi
1545 699 1766 746 videretur,
1789 699 1946 738 iuberet

299 782 333 793 ἢ·
354 766 392 803 ei
412 766 585 805 dissolui
611 779 691 816 qua
717 766 762 803 in
785 765 961 815 gratiam
988 765 1077 803 eius
1100 764 1262 802 tamdiu
1288 765 1496 803 caruisset.
1555 763 1852 814 Archipraesul
1877 764 1948 803 vbi

353 831 429 870 has
448 831 609 870 litteras
628 830 789 870 Maruffi
809 830 975 880 legisset
991 830 1104 879 (nam
1124 831 1183 868 ita
1202 829 1345 869 euenit
1364 831 1410 868 vt
1430 842 1497 868 eas
1516 829 1631 880 prius
1649 829 1802 880 legeret
1822 843 1946 880 quam

354 897 471 946 tuas),
493 898 635 946 postea
663 896 748 934 tuis
777 895 1005 945 resignatis,
1033 895 1104 934 vbi
1133 909 1339 946 apocopen
1368 895 1529 934 nullam
1556 895 1745 945 repperit,
1774 894 1945 945 despicit

354 962 401 1000 in
419 957 556 1000 solum
582 963 706 1011 atque
730 961 781 999 ad
807 961 929 1011 pedes
959 961 1251 1010 circumspicit,
1273 960 1461 999 nuncubi
1483 960 1703 999 excidisset
1731 960 1942 1010 aperienti.

354 1027 436 1065 Vbi
464 1027 627 1065 nullam
652 1026 826 1074 inuenit,
850 1026 963 1064 iubet
987 1028 1112 1065 testes
1138 1040 1226 1065 esse
1250 1026 1321 1076 qui
1347 1026 1528 1074 aderant,
1551 1025 1711 1064 nullam
1738 1038 1945 1075 apocopen

354 1091 481 1130 fuisse
507 1091 710 1129 inclusam
735 1091 955 1141 epistolae;
990 1091 1134 1130 deinde
1162 1091 1280 1131 lectis
1309 1091 1461 1130 litteris
1485 1090 1571 1129 tuis
1597 1090 1718 1129 desiit
1743 1103 1947 1140 apocopen

356 1157 608 1206 desyderare,
642 1157 787 1195 doctus
825 1156 958 1195 adhuc
998 1157 1229 1207 desyderari
1262 1157 1510 1206 pecuniam3
1551 1169 1678 1206 quam
1715 1169 1737 1194 e
1769 1155 1947 1206 vestigio

354 1221 471 1261 misit
490 1222 541 1261 ad
561 1235 640 1271 me,
661 1221 864 1261 mandans
883 1223 930 1260 vt
956 1235 1080 1272 quam
1104 1222 1313 1261 celerrime
1333 1235 1539 1272 quamque
1557 1235 1578 1260 e
1599 1223 1670 1260 tua
1697 1235 1740 1260 re
1766 1221 1950 1260 maxime

356 1300 540 1325 curarem
560 1287 609 1325 ad
630 1290 670 1325 te
689 1287 984 1337 perferendam.

411 1352 618 1391 Postridie
637 1352 760 1390 rediit
779 1352 979 1391 Maruffus
1000 1353 1221 1391 insaniens.
1272 1355 1280 1371 ⁴
1294 1352 1439 1400 Heus‚’
1459 1352 1604 1403 inquit,
1631 1352 1778 1400 ''More,
1803 1353 1950 1392 errasti

356 1418 558 1468 pessime3
606 1430 754 1467 nempe
791 1417 950 1456 litteras
988 1418 1038 1456 ad
1076 1418 1338 1468 Episcopum.
1379 1430 1482 1468 quas
1525 1417 1691 1456 mittere
1737 1417 1949 1467 debueras,

356 1482 575 1529 retinuisti,
609 1482 762 1521 misisti
794 1496 889 1521 vero
925 1496 1025 1532 quae
1056 1483 1235 1521 maxime
1268 1484 1385 1522 erant
1414 1481 1757 1532 supprimendam?
1817 1484 1949 1532 ‘Quid

356 1548 471 1586 ais‘?'
517 1547 711 1597 inquam3
761 1548 1049 1586 ‘malefactum
1090 1548 1282 1598 profecto.
1347 1548 1452 1586 Vide
1487 1548 1585 1598 quid
1622 1551 1683 1587 est
1721 1548 1950 1588 vnoculum

357 1612 520 1651 mittere
557 1612 848 1660 tabellarium5
891 1626 988 1651 nam
1021 1613 1091 1651 ille
1126 1613 1170 1651 in
1207 1613 1470 1652 dinoscendis
1507 1613 1659 1652 litteris
1696 1612 1837 1664 lapsus
1874 1617 1948 1656 est,

355 1678 465 1716 haud
486 1691 569 1727 ego.
629 1678 689 1716 Ea
708 1678 830 1727 plane
858 1678 1031 1728 epistola
1058 1678 1211 1717 tradita
1238 1679 1298 1717 est
1326 1678 1403 1716 tibi
1431 1691 1556 1729 quam
1576 1678 1647 1716 ille
1667 1681 1823 1718 rectam
1844 1679 1950 1718 dixit

357 1756 401 1781 ac
422 1745 530 1782 certe
549 1743 633 1781 scio
654 1743 855 1782 credidit.'
901 1744 980 1783 ‘At
1001 1744 1124 1791 cedo,’
1144 1744 1292 1793 inquit,
1319 1743 1488 1782 ‘saltem
1507 1757 1620 1782 nunc
1638 1743 1758 1783 illam
1778 1744 1949 1784 alteram

359 1822 461 1858 quae
490 1808 595 1847 mihi
623 1808 748 1847 fidem
777 1809 885 1858 apud
919 1809 1168 1859 Episcopum
1202 1809 1478 1859 redintegret3
1509 1823 1611 1859 quae
1639 1810 1723 1848 iam
1756 1810 1844 1849 siue
1878 1812 1950 1850 tuo

358 1874 444 1912 siue
475 1873 713 1912 tabellionis
746 1887 881 1912 errore
915 1888 1040 1925 prope
1075 1874 1256 1913 interiit.'
1329 1875 1508 1925 ‘Atqui'
1540 1875 1714 1925 inquam
1747 1875 1950 1914 ‘nimium

358 1941 503 1977 cautus
536 1939 610 1977 hac
644 1939 688 1977 in
723 1953 764 1978 re
794 1939 866 1987 fui,
903 1939 1053 1990 quippe
1086 1953 1239 1989 gnarus
1272 1940 1559 1979 occultandam
1593 1940 1812 1990 epistolam
1846 1954 1949 1991 quae

358 2004 616 2056 significabat
636 2005 775 2043 deesse
799 2005 1028 2055 pecuniam,
1051 2008 1164 2044 ratus
1184 2018 1270 2044 esse
1297 2019 1423 2055 quam
1449 2006 1709 2054 retinueram,
1733 2006 1834 2045 dum
1853 2008 1949 2045 tuae

360 2069 569 2109 securitati
588 2070 732 2108 studeo
755 2071 993 2120 prospicere,
1016 2070 1062 2108 in
1085 2071 1225 2120 ignem
1251 2071 1377 2110 miser
1401 2071 1554 2110 inieci.'
1610 2071 1678 2109 Ibi
1703 2072 1950 2111 stomachari

360 2136 432 2175 ille
456 2149 501 2174 ac
525 2136 669 2183 furere,
695 2149 770 2185 ego
794 2135 921 2174 solari
945 2135 1162 2174 hominem
1189 2149 1233 2174 ac
1256 2135 1437 2185 benigne
1466 2136 1653 2186 polliceri
1680 2138 1813 2175 totam
1841 2137 1948 2176 hanc

359 2202 526 2240 turbam
558 2214 624 2239 me
655 2202 992 2249 compositurum.
1051 2201 1196 2252 Itaque
1228 2201 1457 2252 significaui
1491 2201 1692 2252 Episcopo
1724 2202 1948 2241 Maruffum

361 2267 571 2318 scripsisse
600 2267 683 2304 iam
711 2266 810 2304 olim
839 2266 889 2304 ad
917 2268 956 2305 te
987 2266 1048 2304 vti
1077 2280 1150 2305 suo
1180 2268 1350 2305 nomine
1378 2266 1588 2316 reciperes,
1610 2280 1739 2318 quum
1768 2268 1950 2307 crederet

360 2334 402 2373 id
426 2335 466 2371 te
492 2332 726 2379 facturum;
757 2332 796 2369 te
825 2344 922 2370 vero
950 2331 1151 2382 refugisse
1179 2332 1361 2371 alienum
1391 2345 1469 2380 aes,
1492 2334 1615 2382 atque
1645 2345 1692 2370 eo
1717 2332 1875 2372 factum
1903 2336 1950 2372 vt

302 2398 433 2438 (cille
463 2399 670 2447 receptam
705 2396 894 2443 crederet,
927 2398 974 2434 tu
1006 2410 1090 2435 non
1129 2397 1330 2447 accepisse
1370 2397 1576 2436 scriberes.
1651 2398 1768 2446 Quod
1799 2398 1837 2436 si
1873 2398 1949 2437 hoc

361 2476 523 2514 quoque
551 2464 837 2502 commentum
864 2474 1004 2500 meum
1027 2464 1097 2501 tua
1120 2463 1304 2501 reuincat
1328 2462 1515 2512 epistola,
1533 2462 1617 2502 iam
1647 2463 1947 2513 dispiciendum

360 2530 422 2567 est
451 2528 558 2567 mihi
588 2528 701 2568 aliud
733 2528 956 2579 quippiam,
990 2541 1042 2567 ne
1076 2540 1189 2566 meae
1222 2528 1329 2578 apud
1363 2528 1585 2567 dominum
1616 2528 1714 2567 fidei
1749 2528 1948 2568 iacturam

358 2594 519 2643 faciam,
538 2593 639 2633 dum
657 2593 827 2633 alterius
846 2592 984 2632 laboro
1000 2593 1205 2632 resarcire.
1256 2593 1475 2632 Caeterum
1490 2593 1651 2633 Maruffi
1670 2593 1962 2645 syngrapham·

360 2659 398 2698 ei
429 2659 618 2707 restitui;
659 2672 757 2698 nam
789 2659 1006 2709 pecuniam
1039 2658 1147 2708 apud
1180 2658 1310 2697 alium
1343 2659 1477 2709 magis
1510 2672 1531 2696 e
1562 2672 1605 2697 re
1635 2660 1707 2697 tua
1737 2658 1945 2698 collocaui.

301 2731 340 2770 65
363 2724 547 2774 Recipies
573 2724 686 2763 enim
709 2737 782 2774 pro
810 2723 991 2774 qualibet
1017 2723 1123 2762 libra
1145 2726 1326 2762 nostrate
1352 2724 1591 2762 Flandricae
1614 2723 1810 2773 pecuniae
1833 2735 1946 2761 xxxs.

363 2789 464 2827 iiiid.
484 2804 494 2837 ς
523 2789 593 2827 ille
615 2789 735 2828 dabat
757 2789 869 2827 viiid.
894 2789 939 2827 in
959 2788 1140 2839 qualibet
1161 2788 1264 2826 libra
1285 2788 1435 2827 minus.

408 2907 458 2936 33,
478 2908 530 2936 34,
549 2908 599 2937 37,
618 2908 670 2937 39,
690 2908 743 2936 40.
767 2907 943 2938 apocapen
960 2901 1026 2929 MS.
1043 2910 1048 2928 :
1075 2909 1147 2929 corr.
1164 2900 1224 2930 LB.
1344 2907 1398 2937 33.
1423 2898 1618 2929 declararet
1634 2899 1765 2933 scripsi:
1791 2895 1945 2927 declarat

365 2942 434 2974 MS.
569 2942 622 2980 38.
647 2941 863 2972 excidissent
879 2944 945 2972 MS.
965 2952 972 2971 :
995 2952 1068 2972 corr.
1085 2944 1146 2973 LB.
1257 2951 1309 2981 39.
1335 2941 1475 2973 nullam
1488 2945 1556 2983 post
1573 2941 1630 2972 vbi
1646 2942 1716 2970 LB:
1742 2938 1863 2971 nullas
1878 2942 1946 2971 M»

367 2991 421 3021 50.
445 2992 483 3013 ac
499 2986 570 3014 LB:
597 2986 632 3014 at
649 2987 713 3014 MS.
849 2993 901 3024 52.
928 2985 1040 3024 Atqui
1057 2988 1188 3016 correxi:
1214 2987 1283 3023 atq3
1313 2987 1380 3015 MS.
