2010 3417
217 264 279 296 500

221 591 281 622 505

225 916 287 948 510

235 1570 297 1603 5²0

236 1900 298 1932 525

244 2225 306 2258 530

249 2549 308 2580 535

300 143 377 182 104
761 139 1013 181 LETTERS
1052 139 1122 178 OF
1159 137 1425 177 ERASMUS
1762 133 1890 188 [1515

299 254 431 293 culis?
500 254 670 292 Sacrum
703 251 827 288 illum
857 261 902 287 ac
935 248 1097 286 felicem
1130 249 1297 296 raptum
1328 244 1619 295 desipientiam
1651 246 1779 283 vocat.
1839 244 1893 282 Et

298 322 439 358 tamen
475 317 556 356 ista
592 318 799 355 canuntur
836 314 881 352 in
917 312 1101 362 templis.
1170 312 1254 350 Cur
1290 310 1400 348 mihi
1437 322 1522 348 non
1559 309 1662 347 olim
1697 309 1895 358 scripsere

301 385 445 430 dicam,
483 381 592 432 quod
629 380 674 418 in
708 378 944 429 precatione
979 377 1156 427 quadam
1190 375 1406 415 Christum
1438 386 1610 424 magum
1647 373 1824 412 dixerim
1855 375 1897 411 et
1927 393 1932 398 ·

300 447 631 486 incantatorem?
673 444 807 483 Diuus
828 443 1115 492 Hieronymus
1136 441 1354 480 Christum
1375 439 1685 478 Samaritanum
1704 437 1896 489 appellat,

302 526 395 552 cum
416 511 543 550 fuerit
563 510 752 549 Iudaeus
813 507 972 547 Paulus
998 507 1179 545 eundem
1205 507 1247 545 et
1269 506 1483 556 peccatum
1508 506 1638 553 vocat,
1661 503 1779 555 quasi
1804 503 1898 554 plus

303 578 412 617 dicas
445 588 572 627 quam
605 577 860 626 peccatorem
877 587 886 622 ;
926 572 1198 612 maledictum
1231 573 1363 611 vocat.
1433 571 1567 619 Quam
1597 570 1776 620 impium
1805 581 1900 608 con-

302 644 470 691 uitium,
490 641 526 681 si
555 641 648 692 quis
677 639 859 689 maligne
887 639 989 678 velit
1018 637 1317 688 interpretari?
1350 649 1474 687 quam
1503 636 1572 687 pia
1599 636 1700 684 laus,
1728 635 1764 674 si
1792 633 1896 686 quiS‚

302 712 348 748 vt
380 707 539 748 Paulus
568 706 741 756 scripsit,
775 705 836 744 ita
865 704 1071 754 accipiat?
1126 704 1194 743 Ad
1230 702 1493 742 consimilem
1525 702 1710 750 modum,
1741 701 1778 740 si
1808 700 1902 751 quis

303 774 518 815 Christum
537 772 787 823 praedonem
807 770 994 821 appellet,
1012 769 1047 808 si
1068 770 1159 819 quis
1175 769 1421 817 adulterum,
1439 768 1476 807 si
1494 768 1586 818 quis
1605 768 1897 815 temulentum,

304 841 339 880 si
359 839 452 890 quis
467 838 732 885 haereticum,
753 848 894 874 nonne
912 835 1102 873 futurum
1121 835 1175 874 sit
1190 837 1236 874 vt
1254 835 1354 873 boni
1374 846 1520 872 omnes
1539 833 1733 872 obturent
1751 831 1904 872 aures?

305 907 365 945 At
403 906 438 944 si
476 905 570 955 quis
608 902 835 942 commodis
867 899 1006 940 verbis
1045 900 1143 940 haec
1175 900 1330 949 efferat,
1365 902 1407 939 et
1443 899 1646 938 sermonis
1683 909 1904 949 progressu

306 970 509 1023 paulatim
529 969 611 1008 huc
636 968 834 1006 lectorem
859 965 991 1005 veluti
1016 978 1146 1004 manu
1174 965 1358 1013 deducat,
1382 964 1734 1015 quemadmodum
1753 963 1905 1002 trium-

307 1037 443 1087 phans
479 1048 553 1086 per
590 1047 753 1073 crucem
786 1031 981 1082 praedam
1013 1031 1064 1070 ab
1100 1030 1248 1069 inferis
1284 1030 1507 1069 abductam
1544 1029 1652 1079 patri
1685 1027 1902 1076 reuexerit,

309 1100 658 1152 quemadmodum
671 1097 808 1147 Moysi
823 1108 1085 1146 synagogam,
1099 1095 1217 1135 velut
1227 1109 1398 1134 vxorem
1412 1095 1550 1144 Vriae,
1564 1094 1647 1134 sibi
1659 1093 1905 1140 adiunxerit,

309 1169 357 1206 vt
376 1179 425 1204 ex
444 1179 491 1204 ea
510 1166 745 1204 nasceretur
762 1162 957 1213 pacificus
984 1161 1056 1200 ille
1079 1161 1269 1212 populus,
1294 1175 1375 1212 quo
1398 1162 1515 1211 pacto
1539 1160 1750 1200 charitatis
1769 1161 1908 1198 musto

229 1242 246 1273 5
274 1242 290 1273 5
309 1230 569 1271 temulentus
603 1228 874 1278 semetipsum
909 1226 1030 1265 nobis
1061 1226 1325 1276 impenderit,
1362 1226 1714 1277 quemadmodum
1750 1237 1909 1264 nouum

311 1296 519 1336 doctrinae
543 1307 674 1346 genus
700 1293 918 1342 inuexerit,
941 1292 993 1331 ab
1020 1292 1212 1331 omnium
1238 1295 1277 1331 et
1303 1292 1540 1342 sapientum
1567 1293 1608 1330 et
1631 1291 1909 1341 insipientum

311 1362 476 1414 placitis
493 1360 614 1411 longe
636 1358 969 1398 diuersissimum
986 1372 996 1406 ;
1026 1358 1118 1408 quis
1140 1370 1289 1408 quaeso
1309 1357 1460 1407 poterit
1480 1357 1644 1404 offendi,
1666 1355 1910 1407 praesertim

313 1442 407 1467 cum
427 1428 579 1466 horum
593 1424 887 1464 vocabulorum
908 1423 1071 1473 singula
1090 1434 1393 1472 nonnunquam
1412 1422 1667 1472 reperiamus
1687 1421 1733 1460 in
1753 1420 1912 1460 arcanis

313 1492 464 1532 litteris
493 1492 538 1530 in
566 1491 723 1530 bonum
751 1491 949 1540 vsurpata
977 1489 1179 1527 sensum?
1249 1487 1334 1526 Nos
1363 1488 1407 1526 in
1437 1487 1696 1526 Chiliadibus
1724 1488 1839 1537 (nam
1867 1485 1909 1524 id

315 1559 448 1598 obiter
493 1557 611 1596 venit
656 1557 701 1594 in
747 1554 947 1603 mentem)
992 1554 1219 1603 Apostolos
1266 1553 1429 1592 Silenos
1471 1552 1781 1604 appellauimus,
1826 1551 1912 1589 imo

316 1624 530 1664 Christum
575 1623 715 1671 ipsum
760 1620 949 1659 Silenum
993 1619 1202 1669 quendam
1249 1619 1442 1657 diximus.
1518 1618 1699 1657 Accedat
1743 1617 1913 1667 iniquus

315 1690 520 1739 interpres
540 1688 611 1738 qui
629 1687 708 1726 hoc
726 1686 862 1724 tribus
881 1684 1020 1724 verbis
1041 1683 1223 1723 odiosius
1243 1684 1432 1734 explicet,
1460 1684 1560 1734 quid
1581 1681 1914 1722 intolerabilius?

316 1756 375 1794 At
394 1754 503 1804 legat
523 1753 616 1803 pius
634 1754 674 1790 et
695 1764 849 1802 aequus
869 1763 974 1801 quae
993 1750 1149 1799 scripsi,
1171 1749 1364 1800 probabit
1383 1748 1634 1799 allegoriam.

371 1818 565 1858 Demiror
595 1819 737 1857 autem
768 1830 843 1854 nec
874 1816 979 1855 illud
1012 1815 1353 1854 animaduersum
1385 1814 1436 1853 ab
1467 1814 1571 1863 istis,
1603 1827 1727 1864 quam
1761 1812 1916 1852 cautim

318 1885 488 1924 efferam
525 1884 615 1931 ista,
659 1895 865 1933 quamque
904 1881 1154 1920 correctione
1193 1880 1384 1919 studeam
1422 1880 1623 1930 mitigare.
1698 1879 1765 1918 Sic
1802 1877 1916 1916 enim

318 1963 501 2001 propono
518 1964 526 1988 t
560 1950 569 1968 ‘
582 1948 661 1987 Sed
681 1950 949 1997 posteaquam
964 1946 1092 1986 semel
1105 1946 1172 1995 τὴν
1191 1948 1346 1995 λεοντῆν
1360 1945 1587 1993 induimus,
1603 1958 1676 1995 age
1697 1944 1917 1982 doceamus

321 2018 361 2054 et
394 2014 510 2062 illud,
543 2012 787 2051 felicitatem
820 2012 1164 2058 Christianorum,
1203 2024 1328 2061 quam
1360 2013 1424 2049 tot
1460 2010 1671 2049 laboribus
1702 2010 1913 2059 expetunt,

321 2080 429 2118 nihil
449 2079 563 2118 aliud
583 2091 670 2117 esse
690 2090 815 2128 quam
839 2077 1024 2116 insaniae
1051 2076 1339 2126 stulticiaeque
1358 2088 1490 2126 genus
1513 2075 1732 2125 quoddam.
1792 2073 1919 2113 Absit

322 2145 483 2185 inuidia
500 2143 649 2183 verbis.
709 2143 815 2181 Rem
834 2143 968 2192 ipsam
987 2142 1126 2192 potius
1151 2142 1394 2191 expendite.9
1448 2141 1670 2180 Audisne‘?
1724 2139 1917 2178 Primum

323 2210 432 2262 quod
454 2208 584 2248 Moria
604 2208 654 2246 de
673 2221 715 2246 re
735 2210 823 2246 tam
842 2220 988 2245 arcana
1007 2206 1199 2256 disputat,
1223 2206 1264 2244 id
1289 2206 1436 2256 mitigo
1455 2205 1683 2256 prouerbio,
1706 2205 1816 2255 quod
1834 2205 1917 2242 iam

323 2275 455 2316 leonis
489 2274 687 2313 exuuium
722 2272 914 2311 induerit.
986 2271 1072 2311 Nec
1106 2271 1353 2321 simpliciter
1385 2271 1544 2321 appello
1582 2270 1811 2310 stulticiam
1848 2272 1920 2308 aut

323 2340 543 2388 insaniam,
567 2339 639 2377 sed
670 2337 899 2376 ‘stulticiae
925 2337 1192 2388 insaniaeque
1218 2349 1349 2387 genus
1362 2336 1381 2384 ⁹,
1408 2338 1455 2375 vt
1479 2336 1592 2386 piam
1622 2336 1850 2375 stulticiam
1878 2337 1920 2373 et

324 2406 485 2445 felicem
506 2403 717 2454 intelligas
736 2402 954 2451 insaniam,
979 2402 1096 2440 iuxta
1122 2401 1433 2440 distinctionem
1461 2414 1585 2451 quam
1605 2414 1704 2439 mox
1730 2399 1915 2440 subiicio.

326 2471 409 2509 Nec
439 2470 516 2509 hoc
550 2470 778 2516 contentus,
809 2467 913 2506 addo
946 2467 1176 2517 ‘quoddam
1190 2468 1209 2515 ⁹,
1241 2469 1287 2506 vt
1318 2468 1510 2517 appareat
1536 2466 1714 2516 figuram
1742 2465 1918 2514 subesse,

327 2549 413 2575 non
459 2533 694 2584 simplicem
740 2545 828 2572 esse
877 2545 1125 2572 sermonem.
1195 2532 1280 2570 Nec
1326 2532 1392 2570 his
1439 2534 1669 2580 contentus,
1720 2532 1921 2570 offensam

329 2601 534 2651 deprecor,
575 2612 701 2649 quam
737 2598 957 2637 verborum
995 2610 1122 2636 sonus
1162 2598 1294 2647 possit
1331 2597 1509 2647 gignere,
1551 2599 1591 2635 et
1636 2597 1838 2636 admoneo
1875 2597 1923 2634 vt
1973 2621 1976 2624 ·

331 2665 463 2715 magis
493 2664 713 2703 obseruent
745 2663 843 2714 quid
878 2663 1037 2702 dicat-ur
1069 2676 1195 2714 quam
1229 2662 1378 2713 quibus
1411 2662 1570 2701 dicatur
1601 2662 1761 2710 verbis3
1800 2664 1922 2712 atque

923 2780 996 2810 511.
1021 2769 1190 2801 lectorem
1206 2772 1279 2801 add.
1298 2781 1327 2801 α.

377 2879 451 2908 502.
469 2870 688 2910 precatione]
705 2869 777 2900 The
792 2869 867 2900 first
884 2869 1092 2900 mentioned
1205 2879 1281 2909 504.
1300 2867 1447 2908 Paulus]
1471 2868 1547 2900 Gal.
1568 2878 1598 2899 2.
1619 2877 1657 2906 17
1675 2866 1745 2897 and
1761 2875 1793 2905 3.
1813 2875 1860 2904 13.

335 2913 374 2943 in
391 2913 451 2951 Ep.
472 2923 525 2952 93.
544 2923 601 2943 101
621 2923 655 2943 n.
673 2924 680 2944 ε
704 2913 775 2944 LB.
790 2923 821 2944 v.
844 2922 926 2951 1213
943 2922 975 2943 A.
1206 2922 1281 2952 519.
1308 2911 1551 2952 chiliadibus]
1583 2913 1690 2948 Aday.
1716 2918 1798 2940 2201
1828 2911 1920 2940 init:

377 2965 451 2994 503.
470 2955 730 2996 Hieronymus]
751 2958 843 2987 Hom.
863 2959 944 2995 Oriq.
964 2958 1000 2986 in
1018 2958 1092 2987 Luc.
1165 2956 1250 2996 (LB.
1270 2956 1305 2987 ii.
1327 2965 1421 2995 77213
1438 2955 1509 2986 and
1526 2964 1584 2993 771
1597 2953 1647 2993 D).

336 3009 386 3038 34·
1209 3000 1281 3038 526.
1303 2999 1370 3030 Sed
1385 2997 1634 3039 posteaquam]
1653 2996 1723 3027 LB.
1739 2996 1784 3027 iv.
1801 3005 1866 3035 500
1876 3005 1909 3026 B.
