2010 3417
304 127 384 167 246

766 126 1017 166 LETTERS
1055 127 1124 166 OF
1161 126 1428 166 ERASMUS

1768 124 1891 179 [1516

245 256 286 288 50
302 237 515 287 spirarent,
542 238 588 273 vt
605 235 672 272 his
692 235 814 273 malis
833 235 1036 284 pudendis
1060 235 1281 284 aliquando
1299 235 1396 273 finis
1415 235 1720 285 imponeretur:
1749 249 1893 274 verum

301 302 343 340 id
364 313 580 350 nunquam
598 300 679 347 fiet,
702 299 784 338 nisi
810 302 969 338 semoto
988 299 1140 349 priuati
1159 299 1366 338 commodi
1390 300 1528 338 studio
1548 300 1710 349 publica
1728 302 1897 340 tantum

302 367 509 415 spectetur
527 364 697 403 vtilitas.

754 364 820 403 Ita
839 365 956 403 fieret
980 367 1027 403 vt
1051 367 1094 403 et
1119 364 1316 415 priuatim
1338 365 1511 415 quisque
1537 365 1688 404 melius
1711 365 1894 404 haberet.

302 432 417 469 Bene
436 430 549 468 vale:
579 430 730 468 melius
748 429 902 478 valebo,
925 429 960 468 si
979 432 1074 468 tuas
1092 430 1279 469 merebor
1297 430 1479 480 accipere
1499 430 1653 471 literas.

355 496 479 544 Apud
500 495 647 534 diuum
666 495 956 534 Audomarum
975 495 1097 534 nonis
1117 495 1264 534 Iuniis.

1324 492 1421 547 [imo.
1429 493 1552 547 xvn.]

659 661 874 723 414427‚429
933 661 997 702 To
1028 661 1233 702 ANDREW
1263 660 1529 702 AMMONIL'S.

348 750 510 796 Farrago
529 763 564 796 p.
583 761 661 796 203.

348 810 386 844 F.
408 822 442 854 p.
466 808 608 856 <337>;
636 809 728 846 HN:
756 809 873 845 Lond.
890 809 966 845 viii.
986 819 1027 855 5:
1052 809 1125 845 LB.
1149 812 1223 855 158.

1594 751 1646 787 st.
1665 751 1788 788 Omer.

1536 818 1553 855 5
1574 810 1671 846 June
1691 809 1846 857 (1516).

681 923 886 954 ERASMVS
916 923 1134 954 ANDREAE
1164 923 1380 954 AMMONIO
1410 923 1443 954 S.
1472 923 1515 953 D.

356 1013 531 1052 GAVDEO
551 1014 602 1052 N.
622 1017 810 1064 ereptum
829 1028 851 1052 e
871 1027 1029 1053 carcere
1055 1014 1166 1064 regio
1183 1029 1191 1061 ;
1221 1014 1264 1052 id
1284 1014 1320 1052 si
1338 1016 1410 1052 tuo
1430 1027 1590 1064 quoque
1610 1014 1719 1053 bono
1737 1015 1895 1054 factum

299 1081 373 1127 est,
397 1080 551 1128 duplici
568 1081 737 1118 nomine
759 1081 924 1130 gaudeo.
980 1068 1092 1119 Amo
1114 1080 1247 1118 Goleti
1266 1082 1353 1118 tam
1373 1080 1660 1119 Christianum
1679 1081 1896 1129 animum;

300 1157 398 1182 nam
417 1145 506 1183 eius
524 1146 647 1183 vnius
666 1159 788 1195 opera
805 1147 1027 1184 liberatum
1047 1145 1192 1184 audio:
1222 1159 1318 1184 cum
1338 1145 1375 1183 is
1395 1158 1556 1196 semper
1579 1159 1603 1185 a
1622 1147 1765 1185 Coleto
1784 1147 1896 1185 inter

299 1210 570 1249 amicissimos
600 1211 781 1259 habitus,
811 1225 905 1250 cum
935 1211 1018 1249 iam
1048 1211 1205 1249 amicus
1233 1213 1447 1260 vrgeretur
1474 1211 1762 1261 episcoporum
1791 1212 1896 1251 calu-

264 1292 281 1322 5
300 1276 436 1319 mniis,
466 1276 516 1314 ab
546 1276 661 1315 illius
687 1276 934 1316 aduersariis
962 1276 1136 1315 steterit.

300 1340 538 1379 Cardinales
563 1343 808 1391 scripseram
836 1341 980 1389 aedidi‚
1011 1341 1082 1379 sed
1109 1341 1391 1390 locupletatas.

1195 1275 1406 1325 Epistolas
1435 1289 1534 1326 quas
1562 1277 1614 1315 ad
1643 1277 1825 1316 Leonem
1853 1279 1895 1316 et

1451 1342 1496 1380 Si
1521 1342 1621 1392 quid
1650 1355 1894 1392 responsum

298 1408 361 1444 est
389 1408 461 1444 aut
489 1406 525 1444 si
554 1407 652 1456 quid
681 1410 744 1445 est
772 1407 882 1457 quod
911 1420 1004 1445 mea
1031 1406 1158 1444 refert
1186 1406 1300 1453 scire,
1323 1419 1473 1456 quaeso
1502 1407 1652 1445 scribas
1680 1420 1753 1456 per
1782 1407 1893 1446 hunc

297 1471 526 1509 vnoculum
541 1471 726 1519 Petrum,
746 1485 869 1522 quem
885 1472 959 1510 hac
979 1471 1109 1521 gratia
1122 1484 1214 1510 meo
1228 1473 1399 1521 sumptu
1415 1471 1604 1509 misimus
1619 1472 1662 1509 in
1677 1472 1893 1521 Angliam,

299 1547 397 1573 mox
424 1535 506 1574 huc
534 1536 791 1584 rediturum3
820 1550 918 1575 nam
944 1536 1143 1575 febricula
1162 1538 1327 1586 repente
1354 1537 1498 1575 oborta
1517 1538 1630 1575 vetat
1649 1550 1729 1586 quo
1752 1537 1892 1576 minus

242 1617 282 1639 10
299 1600 517 1640 traiiciam:
535 1604 577 1639 et
590 1604 651 1640 est
665 1603 773 1652 quod
784 1603 929 1641 Carolo
943 1602 998 1640 sit
1011 1602 1060 1640 ad
1074 1601 1159 1640 dies
1171 1602 1327 1652 aliquot
1339 1602 1671 1652 gratificandum.
1700 1602 1893 1652 Superior

298 1664 372 1703 illa
394 1664 616 1704 Germania
640 1667 699 1705 sic
725 1667 833 1705 mihi
851 1666 988 1705 modis
1007 1666 1203 1704 omnibus
1227 1666 1366 1704 arrisit
1385 1669 1430 1705 vt
1449 1667 1715 1705 vehementer
1734 1668 1902 1715 doleam..

298 1730 385 1768 tam
400 1743 490 1769 sero
505 1731 611 1770 mihi
625 1732 844 1782 cognitam.
890 1732 1009 1770 Nihil
1023 1745 1107 1770 non
1123 1732 1272 1770 detulit
1291 1731 1462 1770 honoris
1476 1731 1649 1770 Erasmo
1664 1732 1895 1783 Episcopus

299 1795 539 1845 Basilensis‚
563 1797 629 1835 vir
648 1799 819 1836 omnino
838 1797 1021 1847 frugalis,
1043 1799 1090 1835 vt
1109 1797 1259 1844 ferunt,
1281 1797 1436 1847 alioqui
1451 1812 1461 1845 3
1489 1797 1642 1836 obtulit
1660 1799 1890 1848 pecuniam,

298 1861 450 1899 obtulit
485 1862 706 1910 fortunam,
744 1876 896 1913 equum
934 1863 1066 1912 coegit
1098 1865 1145 1901 vt
1181 1862 1420 1912 acciperem,
1456 1877 1580 1913 quem
1618 1877 1716 1902 mox
1749 1864 1894 1903 vrbem

242 1941 278 1973 15
298 1938 485 1975 egressus
505 1928 638 1966 aureis
658 1928 958 1978 quinquaginta
976 1929 1199 1967 reuendere
1215 1931 1412 1977 poteram.
1459 1929 1539 1967 Sed
1555 1931 1735 1979 praestat
1756 1942 1893 1968 coram

297 1991 410 2030 hunc
439 1991 697 2032 Thrasonem
733 2007 862 2044 agere.

922 1994 1036 2032 Bene
1067 1995 1158 2033 vale
1188 2007 1235 2032 ac
1267 1994 1400 2033 scribe
1431 1995 1578 2033 saltem
1609 1995 1708 2045 quid
1738 1996 1892 2034 valeas..

353 2058 478 2106 Apud
500 2057 644 2096 diuum
663 2060 965 2108 Audomarum,
989 2061 1113 2098 nonis
1132 2059 1279 2098 Iuniis.
1333 2057 1564 2112 [M.D.X111.]

341 2166 415 2196 413.
441 2175 494 2205 54.
520 2175 673 2198 mdxxxv
690 2170 764 2199 add.
786 2170 831 2199 H.

296 2211 325 2239 E
343 2211 455 2247 Corrr‘y.
545 2215 584 2240 vt
598 2210 720 2241 ferunt
737 2214 811 2242 adel.
828 2215 864 2242 F.

337 2319 414 2350 414.
451 2330 478 2352 1.
517 2319 577 2360 N.]
618 2320 814 2359 Warham;
851 2321 906 2352 for
936 2322 1056 2353 whose

296 2364 517 2403 resignation
541 2365 578 2395 of
596 2365 658 2395 the
680 2365 976 2404 Ghancellorship
999 2375 1056 2395 see

294 2407 357 2446 Ep.
371 2408 444 2445 388.
461 2408 503 2437 86
516 2417 563 2445 n.‚
581 2408 653 2438 and
667 2408 708 2439 cf.
724 2409 745 2440 1.
761 2418 782 2447 3
794 2418 828 2438 n.
842 2411 939 2444 infra.
971 2409 1057 2439 This

295 2450 559 2481 identification
591 2452 623 2482 is
655 2451 838 2483 discussed
870 2454 908 2482 in
945 2452 1056 2483 detail

296 2494 335 2523 in
359 2494 468 2525 EHR.
491 2495 576 2525 xvii.
600 2497 719 2534 303—6.
765 2496 839 2525 The
863 2498 1057 2526 statement

297 2538 399 2568 made
428 2539 528 2568 there
556 2538 637 2569 that
666 2539 738 2569 this
766 2539 873 2570 letter
899 2549 1057 2570 answers

296 2579 357 2620 Ep.
376 2582 442 2620 389
457 2582 487 2611 is
504 2582 679 2613 incorrect
694 2593 702 2621 3
727 2592 784 2613 see
800 2593 833 2622 p.
853 2593 923 2622 199.

383 2628 444 2655 tuo
467 2634 607 2664 quoque
636 2626 743 2666 bono]
768 2627 993 2664 Ammonius,
1018 2636 1056 2657 as

295 2676 315 2696 a
351 2669 509 2698 member
545 2671 583 2699 of
614 2669 675 2699 the
710 2670 809 2708 royal
845 2670 1052 2708 household,

296 2710 411 2750 might
433 2711 515 2742 well
538 2713 580 2743 be
603 2712 780 2744 benefited
804 2714 851 2751 by
867 2724 886 2744 a
909 2713 1054 2751 general

296 2753 447 2794 shisting
474 2756 511 2785 of
533 2756 645 2786 offices
673 2758 892 2795 consequent
919 2767 965 2788 on
993 2758 1055 2787 the

295 2806 451 2836 vacancy
468 2798 508 2828 in
525 2799 586 2830 the
602 2800 905 2840 Cliancellorship.

339 2849 370 2877 3.
396 2842 472 2871 eius
490 2843 597 2873 vuius
613 2844 733 2883 opera]
766 2843 834 2873 For
852 2844 981 2874 Colet’s
998 2844 1052 2874 in-

296 2882 431 2913 ssuence
445 2885 534 2915 with
551 2887 613 2916 the
628 2886 726 2926 King
739 2887 781 2918 cf.
797 2887 859 2926 Ep.
877 2896 951 2926 457.
965 2888 1016 2926 28,
1032 2897 1054 2926 9

962 2168 1039 2200 414.
1064 2179 1095 2207 4.
1119 2169 1192 2200 iam
1208 2168 1344 2199 amicus
1360 2171 1433 2200 add.
1451 2171 1487 2199 F.

1002 2223 1051 2252 17.
1076 2221 1224 2244 M.1).xrn
1241 2215 1315 2243 add.
1331 2215 1374 2243 H.

1606 2179 1653 2208 13.
1680 2169 1892 2201 Basiliensis

1125 2321 1196 2352 and
1219 2321 1331 2352 Lond.
1351 2331 1408 2353 xv.
1434 2331 1485 2361 14,
1507 2321 1578 2352 LB.
1594 2331 1668 2361 435.
1715 2322 1891 2354 Brewer's

1125 2366 1279 2396 abstract
1303 2366 1356 2405 (ii.
1373 2366 1462 2404 App.
1478 2367 1537 2405 36)
1562 2366 1600 2396 of
1619 2376 1639 2396 a
1662 2366 1772 2397 letter
1794 2367 1887 2397 from

1126 2409 1221 2440 More
1249 2411 1285 2439 to
1312 2408 1485 2439 VVarham
1513 2408 1562 2450 (c.
1593 2409 1674 2442 Feb.
1707 2409 1821 2452 1517),
1847 2411 1891 2441 in¹

1125 2452 1323 2492 Stapleton‚
1366 2455 1435 2483 Tres
1475 2455 1603 2483 Thomae
1641 2454 1771 2493 (1588),
1816 2456 1891 2484 Vitae

1124 2498 1216 2533 Mori,
1237 2505 1271 2535 p.
1290 2505 1354 2534 205
1380 2496 1487 2536 (105),
1510 2496 1629 2535 might
1654 2498 1695 2527 be
1719 2498 1828 2528 taken
1851 2500 1887 2528 to

1125 2549 1227 2569 mean
1245 2539 1323 2570 that
1340 2539 1434 2570 More
1452 2540 1524 2570 had
1541 2541 1741 2579 persuaded
1759 2541 1886 2580 Hem-y

1124 2585 1160 2613 to
1177 2583 1283 2613 allow
1295 2583 1355 2613 the
1368 2583 1601 2622 resignation.
1635 2583 1760 2614 More’s
1771 2584 1887 2615 words

1123 2636 1193 2663 are,
1234 2627 1419 2656 however:
1473 2626 1785 2669 ⁶<magistratum>
1823 2637 1886 2658 sua

1123 2671 1248 2709 sponte
1272 2670 1448 2709 deponere
1471 2670 1582 2710 (quod
1604 2673 1665 2701 tua
1688 2671 1886 2710 paternitas

1124 2723 1251 2753 magno
1268 2714 1387 2744 labore
1403 2714 1465 2745 vix
1481 2715 1691 2753 impetrauit
1707 2716 1746 2745 vt
1760 2714 1886 2745 liceret

1123 2755 1280 2796 facere).'

1168 2811 1199 2838 4.
1223 2800 1420 2840 vrgeretur]
1447 2799 1497 2831 Cf.
1514 2800 1579 2840 Ep.
1595 2811 1671 2839 270.
1689 2811 1731 2838 44
1745 2810 1779 2831 u.

1165 2853 1195 2882 5.
1221 2843 1412 2884 Epistolas]
1437 2844 1480 2874 A.

1168 2896 1217 2918 10.
1243 2886 1383 2928 Carolo]
1409 2887 1461 2919 Cf.
1479 2888 1542 2926 Ep.
1561 2896 1637 2925 370.
1658 2886 1697 2916 18
1709 2897 1744 2917 n.
