2010 3417
237 177 318 215 296
704 173 956 212 LETTERS
995 173 1065 211 OF
1102 172 1367 211 ERASMUS
1706 169 1744 224 [1
1754 182 1775 221 5
1784 183 1799 208 1
1808 172 1830 208 6

158 298 219 319 110
237 299 287 324 ex
307 284 476 322 illorum
498 283 610 321 enim
631 282 812 320 cortibus
838 281 984 331 legunt
1011 293 1106 319 suos
1129 282 1308 330 tyrones.
1369 280 1578 329 Equidem
1595 279 1772 319 arbitror
1789 282 1832 319 et

237 348 459 387 interillos
485 360 573 385 esse
591 346 703 384 viros
724 346 923 395 quosdam
943 345 1118 383 minime
1145 345 1302 392 malos3
1337 345 1409 383 sed
1431 358 1561 394 quum
1581 345 1832 394 optimorum

238 416 429 452 autorum
467 412 608 461 inopia
645 411 846 459 laborent,
883 424 1013 461 quum
1046 411 1092 449 in
1126 410 1212 449 suis
1244 410 1432 448 tenebris
1465 410 1552 448 suis
1586 409 1835 459 quibusdam

239 478 427 517 moribus
446 491 492 516 ac
512 477 665 515 ritibus
690 476 854 526 degant,
876 489 1001 526 seque
1026 489 1111 515 non
1135 476 1230 514 aliis
1254 475 1325 514 sed
1350 475 1432 514 sibi
1456 475 1558 525 ipsis
1579 477 1832 524 comparent,

239 556 368 593 quum
405 543 558 581 bonam
598 542 680 580 diei
713 542 874 591 partem
914 543 1113 591 cogantur
1146 553 1316 591 precum
1353 541 1396 578 et
1435 552 1655 590 operarum
1694 540 1835 589 pensis

160 623 217 654 1¹5
238 609 487 658 impendere,
537 621 623 646 non
669 607 790 645 video
837 620 918 657 quo
964 608 1084 657 pacto
1130 607 1298 646 valeant
1344 606 1573 645 liberaliter
1617 605 1837 644 instituere

237 673 487 724 puericiam:
517 675 626 712 certe
646 685 712 711 res
738 673 829 722 ipsa
853 672 1041 722 loquitur
1067 685 1151 711 non
1175 672 1341 710 aliunde
1367 672 1532 722 prodire
1553 672 1836 711 adolescentes

238 739 517 789 inelegantius
537 739 677 777 doctos
696 740 767 777 aut
786 737 975 776 moribus
994 738 1278 777 deterioribus.

292 804 418 854 Apud
457 804 534 843 hos
571 804 700 853 igitur
737 803 956 841 biennium
994 805 1035 841 et
1074 817 1121 841 eo
1159 802 1342 853 amplius
1384 802 1680 852 perdiderunt:
1726 803 1836 841 certe

237 869 376 908 iunior
408 870 481 908 ille
514 869 706 919 perdidit,
740 869 842 919 ipsis
872 868 1207 918 praeceptoribus
1240 868 1453 918 aliquanto
1486 868 1656 916 doctior,
1690 868 1735 906 in
1768 867 1837 906 his

161 951 220 972 120
240 935 442 974 duntaxat
475 935 609 973 literis
640 946 743 984 quas
774 934 839 972 illi
872 934 1185 984 profitebantur.
1244 934 1365 972 Vnus
1397 935 1710 984 praeceptorum
1742 933 1838 972 talis

238 1003 327 1039 erat
346 1003 393 1039 vt
415 1001 654 1039 Florentius
680 1001 802 1050 neget
829 1013 873 1038 se
898 1012 1073 1049 vsquam
1100 999 1252 1038 vidisse
1278 1001 1517 1037 monstrum
1536 999 1604 1038 vel
1629 998 1838 1037 indoctius

238 1066 307 1105 vel
335 1066 564 1116 gloriosius.
636 1066 691 1104 Et
720 1066 823 1104 tales
852 1079 936 1104 non
965 1078 1056 1104 raro
1085 1065 1379 1115 praeficiuntur
1408 1064 1572 1115 pueris3
1611 1077 1697 1102 non
1724 1063 1838 1102 enim

240 1131 452 1181 eliguntur
473 1131 734 1170 eruditorum
753 1130 917 1179 iudicio,
936 1131 1007 1169 sed
1027 1130 1200 1169 arbitrio
1220 1130 1485 1180 patriarchae,
1503 1130 1576 1179 qui
1594 1129 1838 1179 plerumque

240 1196 383 1236 literas
402 1198 545 1236 nescit.
595 1198 718 1236 Alter
735 1210 832 1236 vero
855 1197 927 1246 qui
946 1210 1107 1246 semper
1126 1197 1241 1235 visus
1261 1197 1325 1235 est
1342 1195 1463 1234 vnice
1483 1195 1679 1234 delectari
1698 1195 1841 1234 indole

162 1280 219 1311 125
241 1263 516 1312 Florentiana,
541 1276 671 1312 quum
697 1263 872 1302 sentiret
897 1263 963 1312 agi
988 1262 1038 1300 de
1064 1262 1200 1300 reditu
1227 1262 1271 1300 in
1297 1261 1486 1311 patriam,
1509 1261 1642 1311 coepit
1665 1261 1841 1311 priuatis

238 1328 456 1379 colloquiis
502 1329 708 1367 solicitare
755 1328 947 1366 animum
995 1327 1266 1366 adolescentis
1306 1329 1354 1365 vt
1400 1327 1588 1376 ipsorum
1630 1326 1840 1364 accederet

239 1393 447 1442 instituto,
471 1395 605 1432 multa
634 1405 963 1432 commemorans
992 1392 1143 1442 quibus
1171 1393 1288 1442 pueri
1314 1392 1448 1430 solent
1472 1391 1658 1430 iHectari.
1719 1391 1838 1439 Quod

240 1459 403 1498 vtinam
432 1462 540 1498 esset
568 1460 737 1498 factum.
797 1458 905 1497 Nam
931 1461 1002 1498 aut
1029 1458 1241 1496 volentem
1268 1457 1435 1507 pietatis
1463 1469 1582 1512 amor
1606 1456 1715 1506 apud
1743 1457 1840 1495 illos

241 1524 498 1573 detinuisset,
533 1526 606 1563 aut
644 1525 681 1563 si
717 1537 784 1563 res
821 1524 881 1562 ita
917 1524 1096 1570 tulisset,
1136 1523 1322 1562 licuisset
1358 1522 1404 1560 in
1442 1523 1667 1572 pristinam
1705 1522 1841 1560 redire

161 1608 220 1639 130
238 1590 488 1629 libertatem.
550 1590 692 1640 Neque
724 1590 838 1628 enim
870 1589 947 1628 hoc
975 1589 1198 1627 hominum
1228 1601 1369 1638 genus,
1402 1588 1511 1637 quod
1542 1587 1698 1626 habent
1729 1600 1839 1636 prae-

240 1655 410 1705 cipuum
441 1656 600 1694 bonum
633 1669 680 1694 ac
710 1655 864 1705 priscae
894 1654 1106 1704 religionis
1133 1653 1373 1703 vestigium,
1404 1653 1515 1692 votis
1543 1652 1840 1691 insolubilibus

240 1721 509 1771 astringitur:
539 1722 582 1758 et
601 1721 637 1758 si
656 1734 752 1759 vere
771 1719 936 1770 piorum
965 1732 1011 1758 ac
1036 1719 1318 1770 spiritualium
1338 1718 1547 1757 sententia
1569 1717 1664 1767 plus
1683 1718 1840 1756 valeret

241 1800 365 1837 quam
404 1786 634 1825 crassorum
673 1785 834 1833 iudicia,
870 1784 1038 1823 nullum
1075 1784 1247 1834 posthac
1285 1786 1392 1822 esset
1430 1785 1579 1822 votum
1614 1782 1842 1821 insolubile

239 1854 399 1902 praeter
435 1854 534 1890 vota
570 1850 779 1901 baptismi,
816 1850 1061 1900 praesertim
1098 1852 1145 1888 vt
1183 1862 1295 1887 nunc
1332 1848 1458 1887 habet
1494 1848 1736 1887 mortalium
1773 1848 1840 1888 vel

162 1936 220 1967 135
240 1918 405 1956 malicia
432 1918 500 1957 vel
529 1916 804 1955 imbecillitas.

295 1983 433 2030 Quum
463 1982 593 2032 igitur
625 1982 800 2020 instaret
834 1981 905 2019 ille
939 1979 1091 2019 crebris
1124 1979 1375 2028 hortatibus,
1406 1980 1577 2018 interim
1609 1979 1766 2018 addens
1799 1980 1840 2017 et

239 2047 468 2086 blandicias
505 2050 546 2086 et
583 2047 831 2086 munuscula
864 2049 905 2085 et
938 2046 1091 2094 oscula,
1131 2045 1306 2095 denique
1339 2059 1440 2095 puer
1473 2045 1584 2084 haud
1622 2044 1842 2094 pueriliter

241 2113 467 2163 respondit,
488 2126 563 2151 nec
589 2113 701 2151 vitae
729 2125 863 2162 genus
886 2125 962 2150 nec
985 2111 1123 2161 ipsum
1150 2111 1231 2149 sibi
1260 2111 1362 2149 satis
1389 2110 1522 2148 adhuc
1551 2111 1698 2148 notum
1727 2122 1814 2147 esse
1829 2123 1839 2156 ;

241 2178 369 2217 simul
397 2191 442 2216 ac
471 2178 740 2216 maturuisset
769 2179 891 2225 aetas,
924 2178 1017 2215 tum
1045 2177 1122 2214 hac
1152 2176 1202 2213 de
1232 2189 1277 2214 re
1310 2175 1646 2213 deliberaturum.
1707 2173 1840 2213 Cessit

164 2263 224 2295 140
242 2244 411 2293 quidem
445 2243 515 2281 ille
549 2243 616 2281 vir
649 2256 736 2281 non
774 2242 946 2281 omnino
980 2242 1136 2280 stultus
1172 2254 1247 2279 nec
1286 2240 1451 2287 malus;
1493 2253 1638 2278 verum
1676 2253 1726 2278 ex
1762 2239 1839 2278 hac

241 2308 462 2347 hominum
482 2308 699 2347 sodalitate
718 2309 827 2355 noui,
847 2308 918 2357 qui
937 2321 1021 2345 non
1045 2307 1168 2345 modo
1188 2306 1535 2345 terriculamentis
1555 2319 1600 2343 ac
1620 2305 1840 2344 blanditiis

240 2374 515 2413 verumetiam
543 2373 761 2412 horrendis
787 2372 1137 2411 obtestationibus
1163 2384 1208 2409 ac
1236 2385 1364 2422 prope
1391 2371 1569 2409 dixerim
1599 2371 1839 2410 exorcismis

241 2442 281 2478 et
301 2439 635 2488 incantamentis,
654 2451 804 2488 pueros
820 2439 1007 2476 nondum
1021 2450 1205 2487 egressos
1224 2449 1383 2475 annum
1399 2436 1610 2474 decimum
1630 2438 1836 2486 quartum,

242 2506 394 2544 diuites
423 2519 468 2544 ac
496 2505 601 2544 bene
631 2506 759 2552 natos,
791 2504 928 2542 conati
957 2505 1056 2541 sunt
1084 2503 1324 2551 obtundere,
1347 2503 1394 2541 vt
1423 2502 1568 2540 insciis
1596 2501 1839 2552 parentibus

165 2591 222 2622 145
242 2570 430 2620 ipsorum
467 2571 664 2609 instituto
708 2571 840 2608 semet
877 2569 1127 2607 addicerent.
1201 2568 1309 2616 Quid
1348 2570 1410 2606 est
1449 2567 1647 2617 plagium,
1688 2567 1725 2605 si
1761 2567 1839 2605 hoc

242 2649 327 2675 non
355 2637 451 2675 est?

297 2702 406 2751 Ergo
427 2713 556 2750 quum
582 2702 628 2738 in
654 2700 832 2751 patriam
861 2700 1065 2738 redissent
1091 2699 1304 2737 Antonius
1329 2711 1375 2737 ac
1395 2697 1645 2747 Florentius,
1666 2699 1835 2744 tutores,

245 2767 314 2815 qui
348 2780 448 2815 rem,
485 2766 677 2816 quamuis
714 2765 875 2811 exilem,
912 2779 997 2804 non
1035 2764 1192 2814 optima
1226 2764 1307 2802 fide
1344 2764 1583 2810 tractarent,
1621 2764 1752 2813 agunt
1788 2762 1839 2800 de

244 2832 439 2870 instituto
460 2832 714 2879 monastico;
744 2831 898 2880 partim
926 2844 1005 2879 quo
1033 2830 1158 2868 citius
1185 2828 1479 2879 expedirentur
1506 2842 1529 2866 a
1555 2841 1661 2876 cura,
1685 2827 1838 2878 partim

167 2915 227 2947 150
247 2897 342 2945 quia
379 2897 449 2934 ille
488 2897 787 2947 ludimagister,
830 2896 902 2946 qui
940 2896 1053 2934 solus
1090 2909 1179 2934 rem
1219 2893 1543 2933 administrabat
1581 2893 1694 2942 (nani
1731 2905 1838 2930 vnus

245 2961 479 3010 pestilentia
519 2964 728 3011 correptus
766 2961 905 3000 subito
943 2960 1126 3008 decessit,
1168 2973 1243 2998 nec
1280 2959 1440 2997 ratione
1478 2957 1648 3005 reddita,
1690 2948 1838 2995 tertius

869 3047 940 3074 140.
965 3046 1031 3067 nec
1047 3038 1097 3067 H:
1123 3045 1160 3066 ac
1177 3038 1217 3066 N.
