2010 3417
130 1059 172 1089 60

128 1722 168 1752 ΤΟ

129 2047 144 2079 *1

177 608 362 644 operum
383 598 552 634 tuorum
572 596 752 636 indicem
772 598 846 636 vni
870 601 941 637 aut
968 599 1090 638 alteri
1114 600 1330 638 librorum.

190 162 269 200 316
656 162 908 201 LETTERS
947 163 1017 201 OF
1055 163 1322 203 ERASMUs

1659 163 1785 217 [1516

191 270 339 308 referat
369 283 450 307 vna
483 283 577 307 cum
607 271 694 308 vita
726 273 917 318 aeterna;
957 271 1163 320 siquidem
1191 285 1283 310 meo
1312 272 1465 311 iudicio
1499 286 1582 311 non
1616 274 1787 323 potuisti

192 336 324 373 facere
345 334 566 383 quicquam
592 335 831 374 Christiano
856 337 1086 386 professore
1115 337 1293 386 dignius.
1354 337 1492 375 Incidi
1516 339 1611 376 ante
1638 351 1787 388 paucos

134 416 150 444 ,ι
193 400 278 437 dies
299 399 343 436 in
368 399 566 445 Catonem
591 401 800 439 minorem
825 414 949 452 quem
977 402 1330 441 commentariolis
1356 402 1601 451 elucidasti;
1630 403 1676 441 in
1702 403 1783 452 qui-

193 464 269 501 bus
292 476 376 501 non
401 465 586 504 crederes
612 472 815 516 quantum
838 480 905 505 me
932 467 1185 516 oblectarim,
1207 467 1419 506 admirans
1444 470 1531 507 tam
1556 468 1720 506 dulcem
1747 469 1789 506 et

190 530 357 567 vberem
376 529 538 584 frugem
553 531 599 569 in
613 533 701 570 tam
720 533 884 572 modica
902 533 1033 583 gleba.
1093 534 1269 572 Obsecro
1287 534 1412 573 facias
1431 534 1581 572 ascribi
1600 534 1789 572 omnium

1389 599 1497 638 Nam
1518 600 1624 638 sicut
1643 600 1693 638 de
1711 600 1787 638 hoc

192 660 333 699 libello
349 661 455 699 mihi
475 675 559 699 non
581 663 809 712 constabat,
823 664 882 702 ita
898 677 1041 703 vereor
1053 678 1106 703 ne
1121 665 1208 703 sint
1223 666 1350 704 etiam
1370 665 1441 703 alii
1462 678 1564 716 quos
1584 665 1784 715 ignorem.

133 742 167 770 5.
193 725 502 776 Hieronymum
551 728 685 766 obuiis
722 729 835 768 vlnis
872 731 1063 780 votisque
1111 731 1308 770 omnibus
1352 731 1616 780 excipiemus,
1657 730 1789 769 acturi

194 792 371 840 gratiam
393 792 542 831 cultori
561 795 603 831 et
621 795 847 844 reparatori
866 796 966 834 eius.

246 856 420 896 Petrum
441 858 659 898 Falconem
679 859 907 908 Eluetiuin,
931 875 1054 910 quem
1073 875 1149 901 nos
1170 863 1301 912 Angli
1319 864 1569 912 agnomento
1588 862 1788 912 Magnum

191 923 503 973 appellauimus,
521 926 643 965 Valde
662 926 802 976 diligo.
862 928 992 966 Porro
1007 930 1093 966 erat
1110 928 1456 978 diligentissimus
1474 928 1787 978 peregrinorum

195 990 403 1036 patronus,
426 990 552 1028 simul
572 994 612 1030 et
633 991 959 1031 iucundissimus
981 1006 1129 1032 comes.
1187 993 1380 1032 Habebat
1398 993 1444 1032 in
1463 993 1626 1032 triremi
1645 993 1789 1032 cauda-

192 1055 279 1091 tam
305 1067 491 1103 symeam
520 1057 628 1093 miro
655 1056 832 1106 ingenio,
862 1071 964 1107 quae
990 1058 1186 1107 gestibus,
1213 1059 1434 1106 cachinnis,
1464 1059 1653 1104 clamore,
1678 1057 1788 1097 saltu

191 1120 442 1169 caeterisque
468 1121 639 1160 ludicris
658 1123 841 1172 quotidie
862 1124 982 1162 nobis
1007 1124 1140 1162 risum
1166 1125 1430 1163 sardonicum
1456 1123 1660 1162 mouebat.

191 1183 287 1221 haec
316 1198 458 1224 rerum
488 1200 694 1225 nouarum
728 1190 769 1226 et
800 1189 954 1228 artium
986 1202 1032 1228 ac
1064 1189 1356 1228 machinarum
1388 1189 1572 1228 curiosus
1601 1188 1789 1239 gestabat

192 1249 367 1288 subinde
395 1251 447 1288 ad
477 1251 690 1302 cingulum
712 1266 957 1303 suspensam
984 1254 1264 1304 bombardam,
1287 1257 1475 1294 accurate
1504 1254 1674 1293 notabat
1702 1253 1787 1302 opi-

189 1315 338 1352 dorum
376 1316 643 1367 locorumque
680 1318 809 1357 situm
847 1323 887 1358 et
924 1320 1111 1367 nomina,
1149 1324 1380 1359 atramento
1418 1335 1468 1359 ex
1504 1320 1637 1358 minio
1679 1319 1785 1358 facto

155 1396 165 1403 -
189 1380 399 1419 oblinebat
424 1382 579 1421 librum
608 1385 964 1434 peregrinationis,
988 1388 1028 1424 et
1056 1387 1105 1424 de
1134 1389 1174 1425 te
1201 1400 1368 1425 mecum
1393 1387 1584 1425 fabulans
1612 1385 1788 1424 subinde

189 1445 439 1494 gloriabatur
467 1450 507 1486 te
527 1461 630 1487 vnas
656 1450 706 1488 ad
735 1464 776 1488 56
806 1451 965 1489 dedisse
992 1452 1143 1490 literas.

192 1511 414 1560 scripseris,
438 1512 651 1552 hominem
671 1515 777 1553 meis
795 1516 934 1555 verbis
952 1517 1120 1556 salutes

243 1576 441 1615 Gratulor
468 1579 546 1616 tibi
576 1580 694 1618 nobis
722 1581 893 1629 redditO,
915 1583 1001 1621 imo
1025 1583 1146 1621 nobis
1173 1586 1214 1622 te
1243 1583 1465 1632 redditum,
1490 1583 1692 1633 quantum
1717 1580 1788 1630 qui

189 1642 379 1680 maxime.
439 1643 614 1682 Vtinam
642 1646 809 1684 daretur
836 1647 952 1696 copia
980 1649 1117 1686 tecum
1144 1648 1369 1687 fabulandi.
1429 1649 1518 1698 Ego
1543 1647 1731 1694 arbitror,
1753 1646 1788 1683 si

189 1709 228 1744 te
248 1708 385 1746 totum
405 1708 512 1746 mihi
532 1710 726 1748 effuderis
742 1714 783 1749 et
798 1724 872 1761 ego
892 1726 960 1751 me
979 1713 1071 1763 tibi,
1089 1727 1164 1752 nec
1183 1716 1224 1752 te
1244 1714 1501 1753 Thrasonem
1519 1726 1637 1763 agere
1657 1724 1787 1762 posse,

190 1773 542 1821 quemadmodum
576 1774 711 1814 dicere
746 1777 864 1826 soles,
900 1791 975 1816 nec
1009 1792 1077 1817 me
1116 1780 1395 1829 Gnathonem,
1431 1780 1468 1818 si
1499 1779 1711 1830 quippiam
1743 1776 1789 1814 in

188 1838 354 1877 laudem
383 1841 500 1878 tuam
530 1841 669 1879 dixero
685 1857 694 1890 ;
726 1843 878 1892 quippe
908 1857 1003 1882 cum
1031 1845 1140 1883 nihil
1169 1845 1249 1883 tale
1278 1846 1387 1883 inter
1405 1859 1500 1884 vere
1518 1844 1672 1883 amicos
1701 1855 1788 1881 esse

189 1903 331 1952 possit,
354 1905 454 1954 quin
478 1907 617 1955 potius
640 1907 773 1945 scelus
798 1912 905 1947 esset
931 1910 1063 1948 celare
1089 1910 1258 1961 aliquid.
1316 1912 1419 1950 Sum
1446 1923 1597 1949 auarus
1627 1908 1788 1948 visendi

190 1968 262 2006 tui.
323 1969 367 2006 Si
382 1971 584 2009 manseris
599 1971 692 2010 istic
708 1986 837 2023 vsque
857 1975 907 2013 ad
925 1974 1148 2024 Michaelis,
1167 1976 1299 2015 visam
1313 1979 1355 2015 te
1370 1977 1458 2015 Deo
1472 1976 1576 2015 bene
1594 1975 1788 2013 iuuante:

1206 1453 1331 1502 Rogo,
1355 1452 1391 1491 si
1420 1451 1584 1501 quando
1611 1452 1663 1489 ad
1692 1463 1787 1489 eum

151 2050 167 2079 5
191 2033 299 2082 quod
326 2035 361 2072 si
384 2034 526 2074 libebit
552 2028 710 2076 interea
740 2040 781 2076 te
805 2039 887 2077 huc
913 2041 1101 2090 recipere,
1125 2042 1235 2091 quod
1258 2042 1439 2080 maxime
1457 2041 1598 2095 velim,
1627 2038 1788 2079 nemini

190 2097 268 2135 erit
289 2099 467 2148 optatior
485 2114 672 2140 accessus
687 2105 784 2142 tuus
805 2118 930 2154 quam
949 2106 1066 2144 mihi.
1124 2107 1311 2156 Agemus
1323 2107 1445 2146 ferias
1457 2105 1781 2145 amoenissimas.

190 2163 393 2214 Quicquid
412 2166 519 2215 apud
540 2179 606 2204 me
627 2171 689 2206 est
710 2170 819 2218 quod
846 2173 919 2209 aut
938 2171 1141 2221 voluptati
1161 2174 1232 2210 aut
1252 2172 1347 2211 vsui
1366 2185 1453 2211 esse
1473 2172 1637 2221 poterit,
1660 2173 1782 2209 tuum

189 2229 276 2267 erit.
337 2230 453 2269 Bene
473 2232 576 2271 vale.

469 2325 521 2355 68.
549 2326 610 2364 qui
630 2330 670 2356 C:
695 2328 750 2357 cui
768 2331 807 2358 X.
945 2340 994 2367 70.
1022 2330 1192 2361 effuderis
1206 2333 1252 2362 F:
1277 2331 1305 2361 ἃ
1321 2330 1458 2362 fuderis
1475 2333 1505 2362 C.

1720 1123 1840 1161 Ad'

230 2433 282 2461 50.
304 2423 493 2465 Catonem]
517 2424 580 2464 Ep.
603 2426 678 2465 298.

231 2476 282 2505 53.
309 2466 486 2509 indicem]
515 2468 602 2499 This
630 2471 772 2509 request
797 2471 952 2511 perhaps

190 2510 376 2550 prompted
389 2511 549 2543 Barland
564 2515 600 2543 to
617 2523 778 2553 compose
796 2514 858 2554 Ep.
875 2525 950 2554 492,

190 2553 246 2583 He
257 2554 329 2584 had
339 2555 512 2595 probably
526 2565 611 2586 seen
622 2557 696 2588 this
706 2557 813 2588 letter
822 2558 862 2588 in
873 2568 952 2589 con-

190 2598 322 2628 nexion
335 2598 426 2629 with
440 2599 503 2629 the
516 2601 681 2641 printing
693 2600 730 2631 of
743 2600 782 2632 Ο1
799 2612 807 2640 ;
830 2602 952 2633 where

190 2640 252 2679 Ep.
271 2651 334 2680 492
351 2641 490 2672 follows
506 2642 568 2683 Ep.
587 2653 661 2682 512.
709 2644 773 2675 See
789 2655 822 2684 p.
841 2646 917 2684 385.

232 2694 282 2722 57.
310 2685 517 2727 Falconem]
542 2687 648 2718 Peter
672 2687 760 2718 Falk
785 2690 823 2729 Η·
838 2690 860 2718 6
876 2691 951 2720 Oct.

193 2728 290 2768 1519)
307 2738 381 2759 was
395 2730 493 2769 early
515 2730 582 2761 left
598 2740 644 2761 an
660 2732 808 2771 orphan,
828 2733 900 2763 and
916 2734 952 2763 at

190 2770 251 2800 the
268 2780 329 2811 age
346 2772 384 2802 of
399 2782 437 2810 14
454 2773 526 2803 had
542 2776 579 2804 to
591 2775 755 2805 abandon
770 2784 790 2805 a
802 2776 953 2817 literary

190 2814 242 2842 for
259 2824 304 2844 an
326 2816 450 2846 official
473 2827 604 2855 career,
622 2819 803 2858 retaining
827 2828 952 2850 never·

191 2856 323 2887 the-less
355 2868 400 2889 an
433 2860 583 2891 interest
614 2862 654 2892 in
684 2862 852 2903 learning
890 2863 948 2904 (cf.

189 2899 261 2929 ΥΕ.
284 2902 370 2941 137).
421 2902 477 2933 He
494 2914 570 2935 rose
587 2907 623 2935 to
640 2905 682 2935 be
702 2905 952 2946 Burgomaster

191 2942 228 2971 of
252 2942 423 2983 Fribourg
451 2946 489 2976 in
518 2947 755 2979 Switzerland
783 2951 822 2980 in
854 2960 949 2990 1514,

188 2985 259 3015 and
282 2985 407 3026 played
427 2998 473 3019 an
498 2990 697 3029 important
723 2996 802 3033 part
827 2994 866 3024 in
888 2994 950 3025 the

1023 2428 1233 2468 diplomatic
1249 2430 1422 2461 relations
1438 2430 1477 2461 of
1487 2430 1551 2461 the
1567 2430 1678 2461 Swiss
1694 2430 1784 2461 with

1022 2472 1084 2502 the
1101 2472 1242 2513 Papacy
1257 2473 1328 2504 and
1343 2473 1435 2504 with
1449 2474 1593 2505 France.
1644 2473 1700 2504 He
1713 2484 1785 2505 was

1022 2515 1260 2548 enthusiastic
1291 2517 1345 2548 for
1375 2517 1500 2558 travel,
1526 2517 1599 2548 and
1629 2518 1668 2548 in
1703 2527 1785 2557 1515

1023 2561 1120 2591 went
1132 2569 1178 2590 on
1194 2561 1409 2601 pilgrimage
1426 2563 1461 2592 to
1477 2562 1539 2592 the
1554 2561 1652 2601 Holy
1663 2561 1764 2592 Land
1777 2572 1785 2599 ;

1022 2603 1216 2643 travelling
1260 2605 1299 2635 in
1339 2605 1402 2635 the
1441 2614 1537 2635 same
1574 2605 1657 2645 ship
1695 2604 1784 2636 with

1021 2647 1173 2678 WVatson
1189 2647 1261 2678 and
1278 2649 1430 2679 another
1446 2647 1699 2688 Englishman.
1737 2648 1787 2680 In

1024 2699 1108 2730 1519
1135 2691 1181 2721 he
1205 2691 1309 2731 again
1333 2691 1434 2722 made
1461 2692 1591 2723 leisure
1614 2693 1650 2723 to
1673 2701 1715 2733 go
1737 2701 1783 2722 on

1021 2734 1253 2774 pilgrimage3
1284 2735 1349 2766 but
1381 2735 1464 2766 died
1492 2745 1538 2766 on
1566 2735 1629 2766 the
1654 2738 1783 2766 return

1017 2777 1181 2818 journey,
1211 2778 1284 2808 and
1311 2789 1384 2810 was
1410 2779 1538 2810 buried
1562 2780 1599 2809 at
1629 2777 1780 2809 Rhodes.

1021 2821 1228 2852 Glareanus'
1266 2824 1392 2860 Isayoye
1421 2825 1457 2853 in
1485 2825 1634 2861 musicen,
1667 2822 1781 2861 Bas1e‚

1021 2864 1170 2904 Froben,
1188 2875 1266 2904 s.a.‚
1283 2866 1314 2896 is
1330 2865 1518 2896 dedicated
1543 2868 1579 2896 to
1597 2866 1674 2895 him
1691 2864 1781 2896 with

1021 2917 1042 2937 a
1059 2908 1196 2948 preface
1213 2909 1318 2940 dated
1338 2918 1376 2948 15
1392 2909 1475 2948 May
1492 2910 1584 2947 1516.
1630 2908 1693 2939 See
1708 2908 1781 2938 Zw.

1019 2951 1058 2982 E.
1091 2961 1183 2990 1515.
1213 2962 1240 2992 1,
1269 2953 1362 2992 1516.
1390 2962 1433 2991 2;
1463 2953 1535 2984 VE.
1574 2961 1630 2990 141
1648 2962 1657 2990 ;
1688 2951 1781 2988 EE.;

1018 2995 1089 3025 and
1107 2995 1215 3026 ADB.
