<?xml version="1.0" encoding="UTF-8"?>
<!DOCTYPE html PUBLIC "-//W3C//DTD XHTML 1.0 Transitional//EN"
    "http://www.w3.org/TR/xhtml1/DTD/xhtml1-transitional.dtd">
<html xmlns="http://www.w3.org/1999/xhtml" xml:lang="en" lang="en">
 <head>
  <title>
</title>
<meta http-equiv="Content-Type" content="text/html;charset=utf-8" />
  <meta name='ocr-system' content='tesseract 3.04.00' />
  <meta name='ocr-capabilities' content='ocr_page ocr_carea ocr_par ocr_line ocrx_word'/>
</head>
<body>
  <div class='ocr_page' id='page_1' title='image "./opusepistolarumd02erasuoft/opusepistolarumd02erasuoft_0611.png"; bbox 0 0 2010 3417; ppageno 0'>
   <div class='ocr_carea' id='block_1_1' title="bbox 161 151 1748 207">
    <p class='ocr_par' dir='ltr' id='par_1_1' title="bbox 161 151 1748 207">
     <span class='ocr_line' id='line_1_1' title="bbox 161 151 1748 207; baseline -0.001 -15"><span class='ocrx_word' id='word_1_1' title='bbox 161 151 259 207; x_wconf 87' lang='lat'><strong>584]</strong></span> <span class='ocrx_word' id='word_1_2' title='bbox 688 153 758 192; x_wconf 87' lang='grc' dir='ltr'><strong>ΤΟ</strong></span> <span class='ocrx_word' id='word_1_3' title='bbox 796 153 1030 193; x_wconf 77' lang='lat' dir='ltr'>THOMAS</span> <span class='ocrx_word' id='word_1_4' title='bbox 1068 153 1223 192; x_wconf 87' lang='lat' dir='ltr'><strong>MORE</strong></span> <span class='ocrx_word' id='word_1_5' title='bbox 1668 153 1748 192; x_wconf 85' lang='lat'><strong>577</strong></span> 
     </span>
    </p>
   </div>
   <div class='ocr_carea' id='block_1_2' title="bbox 156 262 1807 2005">
    <p class='ocr_par' dir='ltr' id='par_1_2' title="bbox 157 262 1807 1029">
     <span class='ocr_line' id='line_1_2' title="bbox 161 262 1805 313; baseline -0.001 -11"><span class='ocrx_word' id='word_1_6' title='bbox 161 264 210 302; x_wconf 89' lang='lat' dir='ltr'><strong>de</strong></span> <span class='ocrx_word' id='word_1_7' title='bbox 231 265 348 303; x_wconf 87' lang='lat' dir='ltr'><strong>Nouo</strong></span> <span class='ocrx_word' id='word_1_8' title='bbox 369 264 644 312; x_wconf 87' lang='lat' dir='ltr'><strong>Testamento,</strong></span> <span class='ocrx_word' id='word_1_9' title='bbox 667 266 758 303; x_wconf 91' lang='lat' dir='ltr'><strong>tum</strong></span> <span class='ocrx_word' id='word_1_10' title='bbox 779 265 828 303; x_wconf 92' lang='lat' dir='ltr'><strong>de</strong></span> <span class='ocrx_word' id='word_1_11' title='bbox 849 263 982 312; x_wconf 90' lang='lat' dir='ltr'><strong>bello;</strong></span> <span class='ocrx_word' id='word_1_12' title='bbox 1020 265 1056 303; x_wconf 91' lang='lat' dir='ltr'><strong>is</strong></span> <span class='ocrx_word' id='word_1_13' title='bbox 1076 263 1212 313; x_wconf 86' lang='lat' dir='ltr'><strong>palam</strong></span> <span class='ocrx_word' id='word_1_14' title='bbox 1232 263 1505 302; x_wconf 76' lang='lat' dir='ltr'>debacchatur</span> <span class='ocrx_word' id='word_1_15' title='bbox 1532 263 1578 302; x_wconf 91' lang='lat' dir='ltr'><strong>in</strong></span> <span class='ocrx_word' id='word_1_16' title='bbox 1607 262 1748 302; x_wconf 83' lang='lat' dir='ltr'><strong>Gallos</strong></span> <span class='ocrx_word' id='word_1_17' title='bbox 1768 276 1805 308; x_wconf 84' lang='lat'><strong>25</strong></span> 
     </span>
     <span class='ocr_line' id='line_1_3' title="bbox 159 328 1748 379; baseline 0 -12"><span class='ocrx_word' id='word_1_18' title='bbox 159 330 213 376; x_wconf 88' lang='lat' dir='ltr'><strong>et,</strong></span> <span class='ocrx_word' id='word_1_19' title='bbox 245 330 294 368; x_wconf 89' lang='lat' dir='ltr'><strong>vt</strong></span> <span class='ocrx_word' id='word_1_20' title='bbox 320 328 535 368; x_wconf 85' lang='lat' dir='ltr'><strong>Eluetium</strong></span> <span class='ocrx_word' id='word_1_21' title='bbox 567 329 691 377; x_wconf 89' lang='lat' dir='ltr'><strong>decet,</strong></span> <span class='ocrx_word' id='word_1_22' title='bbox 723 329 912 379; x_wconf 86' lang='lat' dir='ltr'><strong>ingenue.</strong></span> <span class='ocrx_word' id='word_1_23' title='bbox 971 329 1124 368; x_wconf 85' lang='lat' dir='ltr'><strong>Aiebat</strong></span> <span class='ocrx_word' id='word_1_24' title='bbox 1157 329 1387 368; x_wconf 83' lang='lat' dir='ltr'><strong>Germanos</strong></span> <span class='ocrx_word' id='word_1_25' title='bbox 1420 342 1468 367; x_wconf 89' lang='lat' dir='ltr'><strong>eo</strong></span> <span class='ocrx_word' id='word_1_26' title='bbox 1500 329 1668 368; x_wconf 87' lang='lat' dir='ltr'><strong>tendere</strong></span> <span class='ocrx_word' id='word_1_27' title='bbox 1703 331 1748 367; x_wconf 85' lang='lat' dir='ltr'><strong>vt</strong></span> 
     </span>
     <span class='ocr_line' id='line_1_4' title="bbox 160 393 1743 445; baseline 0 -13"><span class='ocrx_word' id='word_1_28' title='bbox 160 406 304 432; x_wconf 90' lang='lat' dir='ltr'><strong>omnes</strong></span> <span class='ocrx_word' id='word_1_29' title='bbox 324 407 440 444; x_wconf 85' lang='lat' dir='ltr'><strong>reges</strong></span> <span class='ocrx_word' id='word_1_30' title='bbox 457 395 621 433; x_wconf 76' lang='lat' dir='ltr'><strong>subsint</strong></span> <span class='ocrx_word' id='word_1_31' title='bbox 647 395 905 445; x_wconf 81' lang='lat' dir='ltr'><strong>Imperatori.</strong></span> <span class='ocrx_word' id='word_1_32' title='bbox 966 394 1115 433; x_wconf 87' lang='lat' dir='ltr'><strong>Caesar</strong></span> <span class='ocrx_word' id='word_1_33' title='bbox 1134 393 1391 443; x_wconf 88' lang='lat' dir='ltr'><strong>Maguntiam</strong></span> <span class='ocrx_word' id='word_1_34' title='bbox 1408 394 1504 442; x_wconf 85' lang='lat' dir='ltr'><strong>adit,</strong></span> <span class='ocrx_word' id='word_1_35' title='bbox 1529 407 1627 433; x_wconf 90' lang='lat' dir='ltr'><strong>nam</strong></span> <span class='ocrx_word' id='word_1_36' title='bbox 1647 393 1743 442; x_wconf 85' lang='lat' dir='ltr'><strong>illic,</strong></span> 
     </span>
     <span class='ocr_line' id='line_1_5' title="bbox 158 459 1749 509; baseline 0.001 -12"><span class='ocrx_word' id='word_1_37' title='bbox 158 461 206 498; x_wconf 87' lang='lat' dir='ltr'><strong>vt</strong></span> <span class='ocrx_word' id='word_1_38' title='bbox 223 460 373 508; x_wconf 83' lang='lat' dir='ltr'><strong>ferunt,</strong></span> <span class='ocrx_word' id='word_1_39' title='bbox 395 460 617 499; x_wconf 89' lang='lat' dir='ltr'><strong>consilium</strong></span> <span class='ocrx_word' id='word_1_40' title='bbox 644 461 834 499; x_wconf 90' lang='lat' dir='ltr'><strong>futurum</strong></span> <span class='ocrx_word' id='word_1_41' title='bbox 861 473 1075 509; x_wconf 90' lang='lat' dir='ltr'><strong>procerum</strong></span> <span class='ocrx_word' id='word_1_42' title='bbox 1096 459 1351 498; x_wconf 84' lang='lat' dir='ltr'>Germaniae.</span> <span class='ocrx_word' id='word_1_43' title='bbox 1410 459 1579 499; x_wconf 84' lang='lat' dir='ltr'><strong>Carolus</strong></span> <span class='ocrx_word' id='word_1_44' title='bbox 1608 461 1749 498; x_wconf 78' lang='lat' dir='ltr'><strong>noster</strong></span> 
     </span>
     <span class='ocr_line' id='line_1_6' title="bbox 160 524 1748 575; baseline 0 -13"><span class='ocrx_word' id='word_1_45' title='bbox 160 524 348 562; x_wconf 87' lang='lat' dir='ltr'><strong>Gandaui</strong></span> <span class='ocrx_word' id='word_1_46' title='bbox 382 524 603 564; x_wconf 87' lang='lat' dir='ltr'><strong>consilium</strong></span> <span class='ocrx_word' id='word_1_47' title='bbox 635 525 774 575; x_wconf 86' lang='lat' dir='ltr'><strong>agitat,</strong></span> <span class='ocrx_word' id='word_1_48' title='bbox 810 539 890 575; x_wconf 91' lang='lat' dir='ltr'><strong>quo</strong></span> <span class='ocrx_word' id='word_1_49' title='bbox 924 525 1071 564; x_wconf 87' lang='lat' dir='ltr'><strong>Caesar</strong></span> <span class='ocrx_word' id='word_1_50' title='bbox 1103 538 1190 563; x_wconf 88' lang='lat' dir='ltr'><strong>non</strong></span> <span class='ocrx_word' id='word_1_51' title='bbox 1221 525 1401 563; x_wconf 86' lang='lat' dir='ltr'><strong>accessit.</strong></span> <span class='ocrx_word' id='word_1_52' title='bbox 1461 524 1597 563; x_wconf 86' lang='lat' dir='ltr'><strong>Aiunt</strong></span> <span class='ocrx_word' id='word_1_53' title='bbox 1635 524 1748 563; x_wconf 87' lang='lat' dir='ltr'><strong>abire</strong></span> 
     </span>
     <span class='ocr_line' id='line_1_7' title="bbox 159 588 1807 640; baseline 0.001 -14"><span class='ocrx_word' id='word_1_54' title='bbox 159 588 347 627; x_wconf 90' lang='lat' dir='ltr'><strong>nondum</strong></span> <span class='ocrx_word' id='word_1_55' title='bbox 384 590 485 628; x_wconf 80' lang='lat' dir='ltr'><strong>satis</strong></span> <span class='ocrx_word' id='word_1_56' title='bbox 524 591 756 640; x_wconf 88' lang='lat' dir='ltr'><strong>placatum:</strong></span> <span class='ocrx_word' id='word_1_57' title='bbox 797 590 854 628; x_wconf 90' lang='lat' dir='ltr'><strong>dii</strong></span> <span class='ocrx_word' id='word_1_58' title='bbox 888 589 1003 637; x_wconf 90' lang='lat' dir='ltr'><strong>boni,</strong></span> <span class='ocrx_word' id='word_1_59' title='bbox 1042 589 1136 639; x_wconf 91' lang='lat' dir='ltr'><strong>quis</strong></span> <span class='ocrx_word' id='word_1_60' title='bbox 1166 601 1349 639; x_wconf 89' lang='lat' dir='ltr'><strong>vnquam</strong></span> <span class='ocrx_word' id='word_1_61' title='bbox 1387 589 1516 628; x_wconf 86' lang='lat' dir='ltr'><strong>iratus</strong></span> <span class='ocrx_word' id='word_1_62' title='bbox 1551 589 1632 628; x_wconf 87' lang='lat' dir='ltr'><strong>fuit</strong></span> <span class='ocrx_word' id='word_1_63' title='bbox 1670 589 1747 628; x_wconf 90' lang='lat' dir='ltr'><strong>hoc</strong></span> <span class='ocrx_word' id='word_1_64' title='bbox 1767 601 1807 631; x_wconf 72' lang='lat'><strong>30</strong></span> 
     </span>
     <span class='ocr_line' id='line_1_8' title="bbox 158 654 1748 704; baseline 0 -12"><span class='ocrx_word' id='word_1_65' title='bbox 158 654 354 693; x_wconf 82' lang='lat' dir='ltr'><strong>felicius?</strong></span> <span class='ocrx_word' id='word_1_66' title='bbox 409 655 498 693; x_wconf 84' lang='lat' dir='ltr'><strong>Pax</strong></span> <span class='ocrx_word' id='word_1_67' title='bbox 531 655 689 694; x_wconf 88' lang='lat' dir='ltr'><strong>coitura</strong></span> <span class='ocrx_word' id='word_1_68' title='bbox 721 656 854 694; x_wconf 88' lang='lat' dir='ltr'><strong>fuerat</strong></span> <span class='ocrx_word' id='word_1_69' title='bbox 884 655 1011 693; x_wconf 86' lang='lat' dir='ltr'><strong>etiam</strong></span> <span class='ocrx_word' id='word_1_70' title='bbox 1040 667 1134 693; x_wconf 89' lang='lat' dir='ltr'><strong>cum</strong></span> <span class='ocrx_word' id='word_1_71' title='bbox 1163 654 1354 701; x_wconf 76' lang='lat' dir='ltr'><strong>Gholriis,</strong></span> <span class='ocrx_word' id='word_1_72' title='bbox 1387 656 1427 692; x_wconf 92' lang='lat' dir='ltr'><strong>et</strong></span> <span class='ocrx_word' id='word_1_73' title='bbox 1456 654 1623 704; x_wconf 90' lang='lat' dir='ltr'><strong>quidem</strong></span> <span class='ocrx_word' id='word_1_74' title='bbox 1656 667 1748 692; x_wconf 91' lang='lat' dir='ltr'><strong>con-</strong></span> 
     </span>
     <span class='ocr_line' id='line_1_9' title="bbox 160 718 1748 770; baseline 0.001 -14"><span class='ocrx_word' id='word_1_75' title='bbox 160 718 387 757; x_wconf 91' lang='lat' dir='ltr'><strong>ditionibus</strong></span> <span class='ocrx_word' id='word_1_76' title='bbox 415 719 543 757; x_wconf 86' lang='lat' dir='ltr'><strong>etiam</strong></span> <span class='ocrx_word' id='word_1_77' title='bbox 572 720 733 759; x_wconf 84' lang='lat' dir='ltr'><strong>Caesari</strong></span> <span class='ocrx_word' id='word_1_78' title='bbox 761 719 1051 770; x_wconf 83' lang='lat' dir='ltr'><strong>aequissimis:</strong></span> <span class='ocrx_word' id='word_1_79' title='bbox 1091 732 1235 758; x_wconf 87' lang='lat' dir='ltr'><strong>verum</strong></span> <span class='ocrx_word' id='word_1_80' title='bbox 1263 719 1305 757; x_wconf 87' lang='lat' dir='ltr'><strong>id</strong></span> <span class='ocrx_word' id='word_1_81' title='bbox 1333 718 1403 757; x_wconf 89' lang='lat' dir='ltr'><strong>ille</strong></span> <span class='ocrx_word' id='word_1_82' title='bbox 1432 719 1662 768; x_wconf 83' lang='lat' dir='ltr'><strong>impediuit‚</strong></span> <span class='ocrx_word' id='word_1_83' title='bbox 1695 732 1748 757; x_wconf 91' lang='lat' dir='ltr'><strong>ne</strong></span> 
     </span>
     <span class='ocr_line' id='line_1_10' title="bbox 159 783 1745 834; baseline 0.001 -13"><span class='ocrx_word' id='word_1_84' title='bbox 159 783 323 821; x_wconf 91' lang='lat' dir='ltr'><strong>nullum</strong></span> <span class='ocrx_word' id='word_1_85' title='bbox 351 797 526 834; x_wconf 87' lang='lat' dir='ltr'><strong>vsquam</strong></span> <span class='ocrx_word' id='word_1_86' title='bbox 564 786 670 823; x_wconf 87' lang='lat' dir='ltr'><strong>esset</strong></span> <span class='ocrx_word' id='word_1_87' title='bbox 707 784 827 823; x_wconf 90' lang='lat' dir='ltr'><strong>nobis</strong></span> <span class='ocrx_word' id='word_1_88' title='bbox 864 784 1033 823; x_wconf 88' lang='lat' dir='ltr'><strong>bellum.</strong></span> <span class='ocrx_word' id='word_1_89' title='bbox 1094 783 1318 834; x_wconf 87' lang='lat' dir='ltr'><strong>Philippus</strong></span> <span class='ocrx_word' id='word_1_90' title='bbox 1356 784 1571 832; x_wconf 85' lang='lat' dir='ltr'><strong>episcopus</strong></span> <span class='ocrx_word' id='word_1_91' title='bbox 1612 783 1745 822; x_wconf 84' lang='lat' dir='ltr'><strong>Traie-</strong></span> 
     </span>
     <span class='ocr_line' id='line_1_11' title="bbox 159 848 1744 899; baseline 0 -13"><span class='ocrx_word' id='word_1_92' title='bbox 159 848 311 887; x_wconf 88' lang='lat' dir='ltr'><strong>ctensis</strong></span> <span class='ocrx_word' id='word_1_93' title='bbox 328 848 477 887; x_wconf 88' lang='lat' dir='ltr'><strong>vrbem</strong></span> <span class='ocrx_word' id='word_1_94' title='bbox 504 862 622 888; x_wconf 89' lang='lat' dir='ltr'><strong>suam</strong></span> <span class='ocrx_word' id='word_1_95' title='bbox 650 849 859 899; x_wconf 89' lang='lat' dir='ltr'><strong>ingressus</strong></span> <span class='ocrx_word' id='word_1_96' title='bbox 877 851 949 897; x_wconf 86' lang='lat' dir='ltr'><strong>est,</strong></span> <span class='ocrx_word' id='word_1_97' title='bbox 973 852 1015 887; x_wconf 86' lang='lat' dir='ltr'><strong>et</strong></span> <span class='ocrx_word' id='word_1_98' title='bbox 1043 849 1234 899; x_wconf 84' lang='lat' dir='ltr'><strong>auspiciis</strong></span> <span class='ocrx_word' id='word_1_99' title='bbox 1263 848 1516 886; x_wconf 79' lang='lat' dir='ltr'><strong>felicissimis</strong></span> <span class='ocrx_word' id='word_1_100' title='bbox 1533 850 1574 886; x_wconf 90' lang='lat' dir='ltr'><strong>et</strong></span> <span class='ocrx_word' id='word_1_101' title='bbox 1592 848 1744 898; x_wconf 86' lang='lat' dir='ltr'><strong>insigni</strong></span> 
     </span>
     <span class='ocr_line' id='line_1_12' title="bbox 157 913 1803 963; baseline 0 -12"><span class='ocrx_word' id='word_1_102' title='bbox 157 926 319 963; x_wconf 85' lang='lat' dir='ltr'><strong>pompa.</strong></span> <span class='ocrx_word' id='word_1_103' title='bbox 381 914 476 952; x_wconf 84' lang='lat' dir='ltr'><strong>Dux</strong></span> <span class='ocrx_word' id='word_1_104' title='bbox 514 914 705 953; x_wconf 87' lang='lat' dir='ltr'><strong>Ghelriae</strong></span> <span class='ocrx_word' id='word_1_105' title='bbox 743 915 893 953; x_wconf 91' lang='lat' dir='ltr'><strong>dicitur</strong></span> <span class='ocrx_word' id='word_1_106' title='bbox 930 916 1020 953; x_wconf 84' lang='lat' dir='ltr'><strong>octo</strong></span> <span class='ocrx_word' id='word_1_107' title='bbox 1058 914 1230 952; x_wconf 86' lang='lat' dir='ltr'><strong>milibus</strong></span> <span class='ocrx_word' id='word_1_108' title='bbox 1267 913 1489 952; x_wconf 86' lang='lat' dir='ltr'><strong>hominum</strong></span> <span class='ocrx_word' id='word_1_109' title='bbox 1526 913 1746 952; x_wconf 86' lang='lat' dir='ltr'><strong>contractis</strong></span> <span class='ocrx_word' id='word_1_110' title='bbox 1767 927 1803 959; x_wconf 79' lang='lat'><strong>35</strong></span> 
     </span>
     <span class='ocr_line' id='line_1_13' title="bbox 159 978 564 1029; baseline 0 -12"><span class='ocrx_word' id='word_1_111' title='bbox 159 978 383 1029; x_wconf 82' lang='lat' dir='ltr'><strong>Phrysiam</strong></span> <span class='ocrx_word' id='word_1_112' title='bbox 401 979 564 1018; x_wconf 89' lang='lat' dir='ltr'><strong>adoriri.</strong></span> 
     </span>
    </p>

    <p class='ocr_par' dir='ltr' id='par_1_3' title="bbox 156 1043 1805 1939">
     <span class='ocr_line' id='line_1_14' title="bbox 212 1043 1742 1095; baseline -0.001 -13"><span class='ocrx_word' id='word_1_113' title='bbox 212 1044 455 1083; x_wconf 80' lang='lat' dir='ltr'><strong>&#39;Punstallus</strong></span> <span class='ocrx_word' id='word_1_114' title='bbox 473 1045 624 1095; x_wconf 87' lang='lat' dir='ltr'><strong>gaudet</strong></span> <span class='ocrx_word' id='word_1_115' title='bbox 649 1045 729 1083; x_wconf 89' lang='lat' dir='ltr'><strong>sibi</strong></span> <span class='ocrx_word' id='word_1_116' title='bbox 753 1045 922 1084; x_wconf 87' lang='lat' dir='ltr'><strong>tandem</strong></span> <span class='ocrx_word' id='word_1_117' title='bbox 941 1046 1148 1094; x_wconf 87' lang='lat' dir='ltr'><strong>peractam</strong></span> <span class='ocrx_word' id='word_1_118' title='bbox 1167 1043 1351 1082; x_wconf 81' lang='lat' dir='ltr'><strong>fabulam</strong></span> <span class='ocrx_word' id='word_1_119' title='bbox 1371 1043 1489 1082; x_wconf 87' lang='lat' dir='ltr'><strong>illam</strong></span> <span class='ocrx_word' id='word_1_120' title='bbox 1510 1043 1742 1082; x_wconf 86' lang='lat' dir='ltr'><strong>motoriam.</strong></span> 
     </span>
     <span class='ocr_line' id='line_1_15' title="bbox 158 1108 1740 1160; baseline -0.001 -13"><span class='ocrx_word' id='word_1_121' title='bbox 158 1109 203 1148; x_wconf 88' lang='lat' dir='ltr'><strong>Is</strong></span> <span class='ocrx_word' id='word_1_122' title='bbox 230 1109 267 1148; x_wconf 86' lang='lat' dir='ltr'><strong>si</strong></span> <span class='ocrx_word' id='word_1_123' title='bbox 294 1109 402 1147; x_wconf 89' lang='lat' dir='ltr'><strong>redit</strong></span> <span class='ocrx_word' id='word_1_124' title='bbox 427 1110 477 1148; x_wconf 91' lang='lat' dir='ltr'><strong>ad</strong></span> <span class='ocrx_word' id='word_1_125' title='bbox 497 1122 580 1157; x_wconf 88' lang='lat' dir='ltr'><strong>vos,</strong></span> <span class='ocrx_word' id='word_1_126' title='bbox 602 1110 701 1148; x_wconf 90' lang='lat' dir='ltr'><strong>haec</strong></span> <span class='ocrx_word' id='word_1_127' title='bbox 729 1110 885 1149; x_wconf 85' lang='lat' dir='ltr'><strong>frustra</strong></span> <span class='ocrx_word' id='word_1_128' title='bbox 912 1109 1177 1160; x_wconf 87' lang='lat' dir='ltr'><strong>scripsimus;</strong></span> <span class='ocrx_word' id='word_1_129' title='bbox 1211 1108 1277 1148; x_wconf 87' lang='lat' dir='ltr'><strong>sin</strong></span> <span class='ocrx_word' id='word_1_130' title='bbox 1305 1110 1454 1157; x_wconf 90' lang='lat' dir='ltr'><strong>manet,</strong></span> <span class='ocrx_word' id='word_1_131' title='bbox 1484 1111 1645 1147; x_wconf 88' lang='lat' dir='ltr'><strong>certum</strong></span> <span class='ocrx_word' id='word_1_132' title='bbox 1670 1110 1740 1156; x_wconf 76' lang='lat' dir='ltr'><strong>est,</strong></span> 
     </span>
     <span class='ocr_line' id='line_1_16' title="bbox 157 1173 1746 1225; baseline -0.001 -13"><span class='ocrx_word' id='word_1_133' title='bbox 157 1173 302 1213; x_wconf 85' lang='lat' dir='ltr'><strong>vbivbi</strong></span> <span class='ocrx_word' id='word_1_134' title='bbox 328 1174 496 1213; x_wconf 87' lang='lat' dir='ltr'><strong>futurus</strong></span> <span class='ocrx_word' id='word_1_135' title='bbox 524 1177 596 1223; x_wconf 81' lang='lat' dir='ltr'><strong>est,</strong></span> <span class='ocrx_word' id='word_1_136' title='bbox 630 1176 795 1225; x_wconf 86' lang='lat' dir='ltr'><strong>tempus</strong></span> <span class='ocrx_word' id='word_1_137' title='bbox 822 1176 901 1214; x_wconf 91' lang='lat' dir='ltr'><strong>hoc</strong></span> <span class='ocrx_word' id='word_1_138' title='bbox 930 1188 1026 1213; x_wconf 90' lang='lat' dir='ltr'><strong>cum</strong></span> <span class='ocrx_word' id='word_1_139' title='bbox 1054 1174 1126 1213; x_wconf 93' lang='lat' dir='ltr'><strong>illo</strong></span> <span class='ocrx_word' id='word_1_140' title='bbox 1154 1174 1393 1224; x_wconf 73' lang='lat' dir='ltr'><strong>transigere.</strong></span> <span class='ocrx_word' id='word_1_141' title='bbox 1453 1173 1626 1223; x_wconf 92' lang='lat' dir='ltr'><strong>Alioqui</strong></span> <span class='ocrx_word' id='word_1_142' title='bbox 1654 1187 1746 1211; x_wconf 89' lang='lat' dir='ltr'><strong>con-</strong></span> 
     </span>
     <span class='ocr_line' id='line_1_17' title="bbox 157 1238 1805 1289; baseline -0.002 -11"><span class='ocrx_word' id='word_1_143' title='bbox 157 1239 300 1278; x_wconf 88' lang='lat' dir='ltr'><strong>silium</strong></span> <span class='ocrx_word' id='word_1_144' title='bbox 329 1241 417 1278; x_wconf 87' lang='lat' dir='ltr'><strong>erat</strong></span> <span class='ocrx_word' id='word_1_145' title='bbox 449 1240 622 1278; x_wconf 85' lang='lat' dir='ltr'><strong>Louanii</strong></span> <span class='ocrx_word' id='word_1_146' title='bbox 655 1240 865 1288; x_wconf 85' lang='lat' dir='ltr'><strong>aestiuare,</strong></span> <span class='ocrx_word' id='word_1_147' title='bbox 898 1240 1104 1289; x_wconf 88' lang='lat' dir='ltr'><strong>theologis</strong></span> <span class='ocrx_word' id='word_1_148' title='bbox 1133 1239 1258 1277; x_wconf 90' lang='lat' dir='ltr'><strong>etiam</strong></span> <span class='ocrx_word' id='word_1_149' title='bbox 1287 1239 1329 1277; x_wconf 92' lang='lat' dir='ltr'><strong>id</strong></span> <span class='ocrx_word' id='word_1_150' title='bbox 1363 1251 1609 1288; x_wconf 86' lang='lat' dir='ltr'><strong>magnopere</strong></span> <span class='ocrx_word' id='word_1_151' title='bbox 1636 1238 1745 1287; x_wconf 86' lang='lat' dir='ltr'><strong>flagi·</strong></span> <span class='ocrx_word' id='word_1_152' title='bbox 1765 1254 1805 1284; x_wconf 76' lang='lat'><strong>42</strong></span> 
     </span>
     <span class='ocr_line' id='line_1_18' title="bbox 157 1303 1746 1354; baseline 0 -13"><span class='ocrx_word' id='word_1_153' title='bbox 157 1304 354 1342; x_wconf 84' lang='lat' dir='ltr'><strong>tant-ibus.</strong></span> <span class='ocrx_word' id='word_1_154' title='bbox 415 1304 535 1343; x_wconf 85' lang='lat' dir='ltr'><strong>Solus</strong></span> <span class='ocrx_word' id='word_1_155' title='bbox 563 1305 615 1343; x_wconf 89' lang='lat' dir='ltr'><strong>N.</strong></span> <span class='ocrx_word' id='word_1_156' title='bbox 642 1306 876 1343; x_wconf 86' lang='lat' dir='ltr'><strong>murmurat</strong></span> <span class='ocrx_word' id='word_1_157' title='bbox 902 1305 1036 1343; x_wconf 89' lang='lat' dir='ltr'><strong>adhuc</strong></span> <span class='ocrx_word' id='word_1_158' title='bbox 1062 1304 1200 1342; x_wconf 88' lang='lat' dir='ltr'><strong>nescio</strong></span> <span class='ocrx_word' id='word_1_159' title='bbox 1224 1303 1334 1354; x_wconf 88' lang='lat' dir='ltr'><strong>quid,</strong></span> <span class='ocrx_word' id='word_1_160' title='bbox 1360 1304 1514 1352; x_wconf 88' lang='lat' dir='ltr'><strong>gloriae</strong></span> <span class='ocrx_word' id='word_1_161' title='bbox 1540 1316 1670 1351; x_wconf 83' lang='lat' dir='ltr'><strong>causa,</strong></span> <span class='ocrx_word' id='word_1_162' title='bbox 1701 1305 1746 1343; x_wconf 91' lang='lat' dir='ltr'><strong>vt</strong></span> 
     </span>
     <span class='ocr_line' id='line_1_19' title="bbox 158 1368 1746 1418; baseline -0.001 -11"><span class='ocrx_word' id='word_1_163' title='bbox 158 1382 212 1407; x_wconf 91' lang='lat' dir='ltr'><strong>ne</strong></span> <span class='ocrx_word' id='word_1_164' title='bbox 230 1382 375 1418; x_wconf 89' lang='lat' dir='ltr'><strong>parum</strong></span> <span class='ocrx_word' id='word_1_165' title='bbox 394 1369 462 1408; x_wconf 90' lang='lat' dir='ltr'><strong>vir</strong></span> <span class='ocrx_word' id='word_1_166' title='bbox 487 1372 680 1408; x_wconf 80' lang='lat' dir='ltr'><strong>constans</strong></span> <span class='ocrx_word' id='word_1_167' title='bbox 699 1370 898 1408; x_wconf 83' lang='lat' dir='ltr'><strong>videatur.</strong></span> <span class='ocrx_word' id='word_1_168' title='bbox 959 1371 1066 1409; x_wconf 86' lang='lat' dir='ltr'><strong>Caue</strong></span> <span class='ocrx_word' id='word_1_169' title='bbox 1091 1369 1255 1407; x_wconf 88' lang='lat' dir='ltr'><strong>fraudes</strong></span> <span class='ocrx_word' id='word_1_170' title='bbox 1279 1382 1346 1407; x_wconf 91' lang='lat' dir='ltr'><strong>me</strong></span> <span class='ocrx_word' id='word_1_171' title='bbox 1373 1368 1452 1407; x_wconf 89' lang='lat' dir='ltr'><strong>ista</strong></span> <span class='ocrx_word' id='word_1_172' title='bbox 1478 1371 1550 1407; x_wconf 88' lang='lat' dir='ltr'><strong>tua</strong></span> <span class='ocrx_word' id='word_1_173' title='bbox 1574 1369 1746 1417; x_wconf 85' lang='lat' dir='ltr'><strong>epistola</strong></span> 
     </span>
     <span class='ocr_line' id='line_1_20' title="bbox 156 1433 1746 1484; baseline -0.001 -12"><span class='ocrx_word' id='word_1_174' title='bbox 156 1447 281 1484; x_wconf 88' lang='lat' dir='ltr'><strong>quam</strong></span> <span class='ocrx_word' id='word_1_175' title='bbox 309 1434 590 1473; x_wconf 85' lang='lat' dir='ltr'><strong>inabsolutam</strong></span> <span class='ocrx_word' id='word_1_176' title='bbox 618 1434 725 1472; x_wconf 91' lang='lat' dir='ltr'><strong>mihi</strong></span> <span class='ocrx_word' id='word_1_177' title='bbox 753 1434 980 1473; x_wconf 84' lang='lat' dir='ltr'><strong>ostendisti.</strong></span> <span class='ocrx_word' id='word_1_178' title='bbox 1041 1434 1086 1473; x_wconf 80' lang='lat' dir='ltr'><strong>Si</strong></span> <span class='ocrx_word' id='word_1_179' title='bbox 1114 1433 1288 1483; x_wconf 86' lang='lat' dir='ltr'><strong>epistola</strong></span> <span class='ocrx_word' id='word_1_180' title='bbox 1315 1433 1543 1472; x_wconf 86' lang='lat' dir='ltr'><strong>Iustiniani</strong></span> <span class='ocrx_word' id='word_1_181' title='bbox 1573 1433 1746 1472; x_wconf 87' lang='lat' dir='ltr'><strong>oratoris</strong></span> 
     </span>
     <span class='ocr_line' id='line_1_21' title="bbox 157 1498 1746 1549; baseline -0.001 -11"><span class='ocrx_word' id='word_1_182' title='bbox 157 1499 306 1538; x_wconf 89' lang='lat' dir='ltr'><strong>Veneti</strong></span> <span class='ocrx_word' id='word_1_183' title='bbox 323 1500 431 1549; x_wconf 88' lang='lat' dir='ltr'><strong>apud</strong></span> <span class='ocrx_word' id='word_1_184' title='bbox 447 1501 488 1538; x_wconf 87' lang='lat' dir='ltr'><strong>te</strong></span> <span class='ocrx_word' id='word_1_185' title='bbox 507 1501 568 1538; x_wconf 89' lang='lat' dir='ltr'><strong>est</strong></span> <span class='ocrx_word' id='word_1_186' title='bbox 589 1499 702 1548; x_wconf 85' lang='lat' dir='ltr'><strong>(nam</strong></span> <span class='ocrx_word' id='word_1_187' title='bbox 721 1499 827 1538; x_wconf 91' lang='lat' dir='ltr'><strong>mihi</strong></span> <span class='ocrx_word' id='word_1_188' title='bbox 846 1498 994 1549; x_wconf 87' lang='lat' dir='ltr'><strong>periit),</strong></span> <span class='ocrx_word' id='word_1_189' title='bbox 1017 1500 1079 1537; x_wconf 82' lang='lat' dir='ltr'><strong>fac</strong></span> <span class='ocrx_word' id='word_1_190' title='bbox 1098 1498 1179 1537; x_wconf 89' lang='lat' dir='ltr'><strong>huc</strong></span> <span class='ocrx_word' id='word_1_191' title='bbox 1199 1499 1337 1537; x_wconf 87' lang='lat' dir='ltr'><strong>redeat</strong></span> <span class='ocrx_word' id='word_1_192' title='bbox 1353 1513 1362 1546; x_wconf 83' lang='lat'><em>3</em></span> <span class='ocrx_word' id='word_1_193' title='bbox 1391 1498 1457 1536; x_wconf 88' lang='lat' dir='ltr'><strong>sin</strong></span> <span class='ocrx_word' id='word_1_194' title='bbox 1477 1498 1627 1546; x_wconf 81' lang='lat' dir='ltr'><strong>minus,</strong></span> <span class='ocrx_word' id='word_1_195' title='bbox 1650 1511 1746 1547; x_wconf 85' lang='lat' dir='ltr'><strong>roga</strong></span> 
     </span>
     <span class='ocr_line' id='line_1_22' title="bbox 156 1562 1803 1614; baseline -0.002 -11"><span class='ocrx_word' id='word_1_196' title='bbox 156 1564 509 1603; x_wconf 88' lang='lat' dir='ltr'><strong>humanissimum</strong></span> <span class='ocrx_word' id='word_1_197' title='bbox 534 1565 584 1603; x_wconf 92' lang='lat' dir='ltr'><strong>D.</strong></span> <span class='ocrx_word' id='word_1_198' title='bbox 612 1564 841 1614; x_wconf 87' lang='lat' dir='ltr'><strong>Nicolaum,</strong></span> <span class='ocrx_word' id='word_1_199' title='bbox 864 1564 1129 1603; x_wconf 85' lang='lat' dir='ltr'><strong>secretarium</strong></span> <span class='ocrx_word' id='word_1_200' title='bbox 1155 1563 1281 1610; x_wconf 85' lang='lat' dir='ltr'><strong>illius,</strong></span> <span class='ocrx_word' id='word_1_201' title='bbox 1300 1565 1346 1602; x_wconf 76' lang='lat' dir='ltr'><strong>vt</strong></span> <span class='ocrx_word' id='word_1_202' title='bbox 1369 1562 1578 1612; x_wconf 82' lang='lat' dir='ltr'><strong>exemplar</strong></span> <span class='ocrx_word' id='word_1_203' title='bbox 1603 1576 1746 1601; x_wconf 87' lang='lat' dir='ltr'><strong>rursus</strong></span> <span class='ocrx_word' id='word_1_204' title='bbox 1764 1580 1803 1610; x_wconf 77' lang='lat'><strong>45</strong></span> 
     </span>
     <span class='ocr_line' id='line_1_23' title="bbox 157 1628 1744 1679; baseline -0.001 -11"><span class='ocrx_word' id='word_1_205' title='bbox 157 1630 238 1668; x_wconf 90' lang='lat' dir='ltr'><strong>huc</strong></span> <span class='ocrx_word' id='word_1_206' title='bbox 257 1630 399 1668; x_wconf 85' lang='lat' dir='ltr'><strong>mittat</strong></span> <span class='ocrx_word' id='word_1_207' title='bbox 418 1643 499 1668; x_wconf 87' lang='lat' dir='ltr'><strong>vna</strong></span> <span class='ocrx_word' id='word_1_208' title='bbox 522 1642 618 1667; x_wconf 89' lang='lat' dir='ltr'><strong>cum</strong></span> <span class='ocrx_word' id='word_1_209' title='bbox 638 1642 685 1668; x_wconf 88' lang='lat' dir='ltr'><strong>ea</strong></span> <span class='ocrx_word' id='word_1_210' title='bbox 703 1642 783 1679; x_wconf 87' lang='lat' dir='ltr'><strong>qua</strong></span> <span class='ocrx_word' id='word_1_211' title='bbox 806 1630 894 1678; x_wconf 87' lang='lat' dir='ltr'><strong>ipse</strong></span> <span class='ocrx_word' id='word_1_212' title='bbox 913 1629 966 1668; x_wconf 89' lang='lat' dir='ltr'><strong>M.</strong></span> <span class='ocrx_word' id='word_1_213' title='bbox 991 1629 1160 1667; x_wconf 88' lang='lat' dir='ltr'><strong>Musuro</strong></span> <span class='ocrx_word' id='word_1_214' title='bbox 1180 1628 1410 1678; x_wconf 85' lang='lat' dir='ltr'><strong>gratulatus</strong></span> <span class='ocrx_word' id='word_1_215' title='bbox 1429 1630 1502 1667; x_wconf 88' lang='lat' dir='ltr'><strong>est.</strong></span> <span class='ocrx_word' id='word_1_216' title='bbox 1557 1628 1744 1666; x_wconf 85' lang='lat' dir='ltr'><strong>Scribam</strong></span> 
     </span>
     <span class='ocr_line' id='line_1_24' title="bbox 156 1692 1744 1743; baseline -0.001 -11"><span class='ocrx_word' id='word_1_217' title='bbox 156 1694 291 1733; x_wconf 86' lang='lat' dir='ltr'><strong>fusius</strong></span> <span class='ocrx_word' id='word_1_218' title='bbox 318 1695 428 1733; x_wconf 86' lang='lat' dir='ltr'><strong>intra</strong></span> <span class='ocrx_word' id='word_1_219' title='bbox 455 1707 653 1743; x_wconf 87' lang='lat' dir='ltr'><strong>mensem,</strong></span> <span class='ocrx_word' id='word_1_220' title='bbox 677 1708 772 1733; x_wconf 89' lang='lat' dir='ltr'><strong>cum</strong></span> <span class='ocrx_word' id='word_1_221' title='bbox 791 1695 958 1732; x_wconf 83' lang='lat' dir='ltr'><strong>mittam</strong></span> <span class='ocrx_word' id='word_1_222' title='bbox 985 1694 1190 1732; x_wconf 88' lang='lat' dir='ltr'><strong>tabellam.</strong></span> <span class='ocrx_word' id='word_1_223' title='bbox 1250 1694 1312 1731; x_wconf 88' lang='lat' dir='ltr'><strong>De</strong></span> <span class='ocrx_word' id='word_1_224' title='bbox 1339 1706 1443 1742; x_wconf 90' lang='lat' dir='ltr'><strong>equo</strong></span> <span class='ocrx_word' id='word_1_225' title='bbox 1471 1692 1582 1731; x_wconf 87' lang='lat' dir='ltr'><strong>nihil</strong></span> <span class='ocrx_word' id='word_1_226' title='bbox 1610 1693 1744 1731; x_wconf 87' lang='lat' dir='ltr'><strong>adhuc</strong></span> 
     </span>
     <span class='ocr_line' id='line_1_25' title="bbox 157 1757 1744 1809; baseline -0.001 -11"><span class='ocrx_word' id='word_1_227' title='bbox 157 1759 291 1807; x_wconf 86' lang='lat' dir='ltr'><strong>audio,</strong></span> <span class='ocrx_word' id='word_1_228' title='bbox 314 1760 429 1809; x_wconf 88' lang='lat' dir='ltr'><strong>atqui</strong></span> <span class='ocrx_word' id='word_1_229' title='bbox 457 1773 570 1798; x_wconf 92' lang='lat' dir='ltr'><strong>nunc</strong></span> <span class='ocrx_word' id='word_1_230' title='bbox 594 1759 736 1798; x_wconf 85' lang='lat' dir='ltr'><strong>fuisset</strong></span> <span class='ocrx_word' id='word_1_231' title='bbox 761 1759 865 1798; x_wconf 82' lang='lat' dir='ltr'><strong>vsui.</strong></span> <span class='ocrx_word' id='word_1_232' title='bbox 923 1759 1038 1797; x_wconf 87' lang='lat' dir='ltr'><strong>Bene</strong></span> <span class='ocrx_word' id='word_1_233' title='bbox 1062 1758 1152 1797; x_wconf 89' lang='lat' dir='ltr'><strong>vale</strong></span> <span class='ocrx_word' id='word_1_234' title='bbox 1178 1771 1273 1796; x_wconf 89' lang='lat' dir='ltr'><strong>cum</strong></span> <span class='ocrx_word' id='word_1_235' title='bbox 1299 1757 1546 1796; x_wconf 88' lang='lat' dir='ltr'><strong>suauissima</strong></span> <span class='ocrx_word' id='word_1_236' title='bbox 1572 1758 1744 1808; x_wconf 89' lang='lat' dir='ltr'><strong>coniuge</strong></span> 
     </span>
     <span class='ocr_line' id='line_1_26' title="bbox 156 1822 1744 1874; baseline 0 -12"><span class='ocrx_word' id='word_1_237' title='bbox 156 1824 377 1874; x_wconf 85' lang='lat' dir='ltr'><strong>liberisque</strong></span> <span class='ocrx_word' id='word_1_238' title='bbox 403 1824 667 1863; x_wconf 88' lang='lat' dir='ltr'><strong>dulcissimis.</strong></span> <span class='ocrx_word' id='word_1_239' title='bbox 727 1824 877 1863; x_wconf 82' lang='lat' dir='ltr'><strong>Pet-rus</strong></span> <span class='ocrx_word' id='word_1_240' title='bbox 895 1823 1094 1873; x_wconf 86' lang='lat' dir='ltr'><strong>Aegidius</strong></span> <span class='ocrx_word' id='word_1_241' title='bbox 1117 1835 1200 1862; x_wconf 89' lang='lat' dir='ltr'><strong>vna</strong></span> <span class='ocrx_word' id='word_1_242' title='bbox 1226 1835 1320 1861; x_wconf 91' lang='lat' dir='ltr'><strong>cum</strong></span> <span class='ocrx_word' id='word_1_243' title='bbox 1347 1822 1577 1862; x_wconf 88' lang='lat' dir='ltr'><strong>Corneliola</strong></span> <span class='ocrx_word' id='word_1_244' title='bbox 1602 1836 1676 1862; x_wconf 85' lang='lat' dir='ltr'><strong>sua</strong></span> <span class='ocrx_word' id='word_1_245' title='bbox 1703 1825 1744 1862; x_wconf 89' lang='lat' dir='ltr'><strong>te</strong></span> 
     </span>
     <span class='ocr_line' id='line_1_27' title="bbox 157 1888 1803 1939; baseline 0 -11"><span class='ocrx_word' id='word_1_246' title='bbox 157 1891 354 1939; x_wconf 88' lang='lat' dir='ltr'><strong>tuamque</strong></span> <span class='ocrx_word' id='word_1_247' title='bbox 380 1889 610 1938; x_wconf 88' lang='lat' dir='ltr'><strong>plurimum</strong></span> <span class='ocrx_word' id='word_1_248' title='bbox 629 1889 786 1928; x_wconf 90' lang='lat' dir='ltr'><strong>saluere</strong></span> <span class='ocrx_word' id='word_1_249' title='bbox 806 1888 932 1928; x_wconf 90' lang='lat' dir='ltr'><strong>iubet.</strong></span> <span class='ocrx_word' id='word_1_250' title='bbox 1763 1907 1803 1937; x_wconf 70' lang='lat'><strong>50</strong></span> 
     </span>
    </p>

    <p class='ocr_par' dir='ltr' id='par_1_4' title="bbox 212 1952 1339 2005">
     <span class='ocr_line' id='line_1_28' title="bbox 212 1952 1339 2005; baseline -0.003 -12"><span class='ocrx_word' id='word_1_251' title='bbox 212 1955 338 1993; x_wconf 90' lang='lat' dir='ltr'><strong>Anno</strong></span> <span class='ocrx_word' id='word_1_252' title='bbox 357 1953 583 1993; x_wconf 90' lang='lat' dir='ltr'><strong>millesimo</strong></span> <span class='ocrx_word' id='word_1_253' title='bbox 603 1952 968 2005; x_wconf 76' lang='lat' dir='ltr'><strong>qui&lt;n&gt;gentesimo</strong></span> <span class='ocrx_word' id='word_1_254' title='bbox 988 1952 1339 2001; x_wconf 83' lang='lat' dir='ltr'><strong>decimoseptimo.</strong></span> 
     </span>
    </p>
   </div>
   <div class='ocr_carea' id='block_1_3' title="bbox 1198 2093 1743 2304">
    <p class='ocr_par' dir='ltr' id='par_1_5' title="bbox 1321 2093 1740 2124">
     <span class='ocr_line' id='line_1_29' title="bbox 1321 2093 1740 2124; baseline 0 0"><span class='ocrx_word' id='word_1_255' title='bbox 1321 2093 1516 2124; x_wconf 81' lang='lat' dir='ltr'><strong>Germanos</strong></span> <span class='ocrx_word' id='word_1_256' title='bbox 1545 2095 1597 2123; x_wconf 80' lang='lat' dir='ltr'><strong>F:</strong></span> <span class='ocrx_word' id='word_1_257' title='bbox 1635 2102 1671 2123; x_wconf 92' lang='lat' dir='ltr'><strong>se</strong></span> <span class='ocrx_word' id='word_1_258' title='bbox 1700 2096 1740 2124; x_wconf 89' lang='lat' dir='ltr'><strong>E.</strong></span> 
     </span>
    </p>

    <p class='ocr_par' dir='ltr' id='par_1_6' title="bbox 1198 2136 1743 2304">
     <span class='ocr_line' id='line_1_30' title="bbox 1263 2136 1743 2176; baseline 0.002 -10"><span class='ocrx_word' id='word_1_259' title='bbox 1263 2137 1315 2174; x_wconf 84' lang='lat'><strong>28,</strong></span> <span class='ocrx_word' id='word_1_260' title='bbox 1334 2147 1387 2176; x_wconf 83' lang='lat'><strong>29.</strong></span> <span class='ocrx_word' id='word_1_261' title='bbox 1418 2136 1611 2167; x_wconf 88' lang='lat' dir='ltr'><strong>concilium</strong></span> <span class='ocrx_word' id='word_1_262' title='bbox 1633 2138 1666 2166; x_wconf 93' lang='lat' dir='ltr'><em>N</em></span> <span class='ocrx_word' id='word_1_263' title='bbox 1687 2139 1743 2168; x_wconf 67' lang='lat' dir='ltr'><strong>bis.</strong></span> 
     </span>
     <span class='ocr_line' id='line_1_31' title="bbox 1198 2179 1742 2218; baseline 0 -8"><span class='ocrx_word' id='word_1_264' title='bbox 1198 2188 1250 2218; x_wconf 86' lang='lat'><strong>33.</strong></span> <span class='ocrx_word' id='word_1_265' title='bbox 1286 2179 1521 2211; x_wconf 81' lang='lat' dir='ltr'><strong>Traiectensis</strong></span> <span class='ocrx_word' id='word_1_266' title='bbox 1546 2182 1596 2210; x_wconf 87' lang='lat' dir='ltr'><strong>E:</strong></span> <span class='ocrx_word' id='word_1_267' title='bbox 1625 2179 1742 2210; x_wconf 87' lang='lat' dir='ltr'><strong>Vltra-</strong></span> 
     </span>
     <span class='ocr_line' id='line_1_32' title="bbox 1471 2223 1742 2262; baseline 0 -9"><span class='ocrx_word' id='word_1_268' title='bbox 1471 2232 1522 2262; x_wconf 82' lang='lat'><strong>43.</strong></span> <span class='ocrx_word' id='word_1_269' title='bbox 1546 2223 1742 2253; x_wconf 75' lang='lat' dir='ltr'><strong>Iustiniani</strong></span> 
     </span>
     <span class='ocr_line' id='line_1_33' title="bbox 1477 2266 1739 2304; baseline 0 -7"><span class='ocrx_word' id='word_1_270' title='bbox 1477 2276 1530 2304; x_wconf 87' lang='lat'><strong>51.</strong></span> <span class='ocrx_word' id='word_1_271' title='bbox 1555 2266 1661 2297; x_wconf 88' lang='lat' dir='ltr'><strong>Anno</strong></span> <span class='ocrx_word' id='word_1_272' title='bbox 1678 2289 1685 2297; x_wconf 92' lang='lat'><strong>.</strong></span> <span class='ocrx_word' id='word_1_273' title='bbox 1707 2289 1713 2296; x_wconf 95' lang='lat'><strong>.</strong></span> <span class='ocrx_word' id='word_1_274' title='bbox 1730 2288 1739 2297; x_wconf 87' lang='lat'><strong>.</strong></span> 
     </span>
    </p>
   </div>
   <div class='ocr_carea' id='block_1_4' title="bbox 156 2093 1345 2350">
    <p class='ocr_par' dir='ltr' id='par_1_7' title="bbox 156 2093 1345 2350">
     <span class='ocr_line' id='line_1_34' title="bbox 202 2093 1169 2132; baseline 0 -8"><span class='ocrx_word' id='word_1_275' title='bbox 202 2094 253 2125; x_wconf 90' lang='grc'><strong>26.</strong></span> <span class='ocrx_word' id='word_1_276' title='bbox 289 2093 499 2125; x_wconf 81' lang='lat' dir='ltr'><strong>Heluetium</strong></span> <span class='ocrx_word' id='word_1_277' title='bbox 526 2096 566 2125; x_wconf 93' lang='lat' dir='ltr'><strong>N.</strong></span> <span class='ocrx_word' id='word_1_278' title='bbox 721 2096 767 2125; x_wconf 85' lang='lat' dir='ltr'><strong>F:</strong></span> <span class='ocrx_word' id='word_1_279' title='bbox 802 2094 956 2132; x_wconf 88' lang='lat' dir='ltr'><strong>ingenue</strong></span> <span class='ocrx_word' id='word_1_280' title='bbox 986 2093 1102 2123; x_wconf 77' lang='lat' dir='ltr'><strong>aiebat</strong></span> <span class='ocrx_word' id='word_1_281' title='bbox 1131 2095 1169 2124; x_wconf 84' lang='lat' dir='ltr'><strong>E.</strong></span> 
     </span>
     <span class='ocr_line' id='line_1_35' title="bbox 158 2137 1104 2176; baseline 0.001 -9"><span class='ocrx_word' id='word_1_282' title='bbox 158 2147 209 2176; x_wconf 87' lang='lat'><strong>27.</strong></span> <span class='ocrx_word' id='word_1_283' title='bbox 244 2137 465 2176; x_wconf 76' lang='lat' dir='ltr'><strong>Moguntiam</strong></span> <span class='ocrx_word' id='word_1_284' title='bbox 487 2140 529 2168; x_wconf 89' lang='lat' dir='ltr'><strong>H.</strong></span> <span class='ocrx_word' id='word_1_285' title='bbox 687 2137 740 2168; x_wconf 86' lang='lat'><strong>28.</strong></span> <span class='ocrx_word' id='word_1_286' title='bbox 771 2138 810 2167; x_wconf 90' lang='lat' dir='ltr'><strong>vt</strong></span> <span class='ocrx_word' id='word_1_287' title='bbox 832 2137 954 2167; x_wconf 87' lang='lat' dir='ltr'><strong>ferunt</strong></span> <span class='ocrx_word' id='word_1_288' title='bbox 977 2139 1050 2167; x_wconf 79' lang='lat' dir='ltr'><strong>add.</strong></span> <span class='ocrx_word' id='word_1_289' title='bbox 1065 2139 1104 2168; x_wconf 81' lang='lat' dir='ltr'><strong>F.</strong></span> 
     </span>
     <span class='ocr_line' id='line_1_36' title="bbox 157 2180 1007 2219; baseline 0.001 -8"><span class='ocrx_word' id='word_1_290' title='bbox 157 2190 210 2219; x_wconf 84' lang='lat'><strong>32.</strong></span> <span class='ocrx_word' id='word_1_291' title='bbox 246 2181 355 2211; x_wconf 82' lang='lat' dir='ltr'><strong>etiam</strong></span> <span class='ocrx_word' id='word_1_292' title='bbox 382 2181 523 2212; x_wconf 86' lang='lat' dir='ltr'><strong>Caesari</strong></span> <span class='ocrx_word' id='word_1_293' title='bbox 546 2183 594 2212; x_wconf 87' lang='lat' dir='ltr'><strong>E:</strong></span> <span class='ocrx_word' id='word_1_294' title='bbox 628 2180 771 2211; x_wconf 85' lang='lat' dir='ltr'><strong>Caesari</strong></span> <span class='ocrx_word' id='word_1_295' title='bbox 799 2189 938 2219; x_wconf 88' lang='lat' dir='ltr'><strong>quoque</strong></span> <span class='ocrx_word' id='word_1_296' title='bbox 964 2182 1007 2212; x_wconf 89' lang='lat' dir='ltr'><strong>H.</strong></span> 
     </span>
     <span class='ocr_line' id='line_1_37' title="bbox 159 2223 1318 2264; baseline 0.002 -10"><span class='ocrx_word' id='word_1_297' title='bbox 159 2224 370 2254; x_wconf 81' lang='lat' dir='ltr'><strong>traiectinus</strong></span> <span class='ocrx_word' id='word_1_298' title='bbox 385 2227 429 2256; x_wconf 90' lang='lat' dir='ltr'><strong>H.</strong></span> <span class='ocrx_word' id='word_1_299' title='bbox 580 2234 632 2263; x_wconf 85' lang='lat'><strong>34.</strong></span> <span class='ocrx_word' id='word_1_300' title='bbox 658 2226 693 2255; x_wconf 81' lang='lat' dir='ltr'><strong>et</strong></span> <span class='ocrx_word' id='word_1_301' title='bbox 710 2223 878 2264; x_wconf 85' lang='lat' dir='ltr'><strong>auspiciis</strong></span> <span class='ocrx_word' id='word_1_302' title='bbox 893 2247 902 2256; x_wconf 92' lang='lat'><strong>.</strong></span> <span class='ocrx_word' id='word_1_303' title='bbox 920 2247 929 2255; x_wconf 96' lang='lat'><strong>.</strong></span> <span class='ocrx_word' id='word_1_304' title='bbox 949 2247 957 2255; x_wconf 90' lang='lat'><strong>.</strong></span> <span class='ocrx_word' id='word_1_305' title='bbox 975 2232 1027 2263; x_wconf 86' lang='lat'><strong>35.</strong></span> <span class='ocrx_word' id='word_1_306' title='bbox 1046 2232 1173 2262; x_wconf 89' lang='lat' dir='ltr'><strong>pompa</strong></span> <span class='ocrx_word' id='word_1_307' title='bbox 1188 2225 1262 2255; x_wconf 79' lang='lat' dir='ltr'><strong>add.</strong></span> <span class='ocrx_word' id='word_1_308' title='bbox 1281 2225 1318 2256; x_wconf 78' lang='lat' dir='ltr'><strong>F.</strong></span> 
     </span>
     <span class='ocr_line' id='line_1_38' title="bbox 158 2265 1345 2305; baseline 0.002 -8"><span class='ocrx_word' id='word_1_309' title='bbox 158 2270 230 2298; x_wconf 83' lang='lat' dir='ltr'><strong>add.</strong></span> <span class='ocrx_word' id='word_1_310' title='bbox 247 2269 289 2298; x_wconf 87' lang='lat' dir='ltr'><strong>H.</strong></span> <span class='ocrx_word' id='word_1_311' title='bbox 474 2277 528 2305; x_wconf 84' lang='lat'><strong>45.</strong></span> <span class='ocrx_word' id='word_1_312' title='bbox 553 2267 594 2298; x_wconf 93' lang='lat' dir='ltr'><strong>D.</strong></span> <span class='ocrx_word' id='word_1_313' title='bbox 614 2278 673 2300; x_wconf 82' lang='lat' dir='ltr'><strong>om.</strong></span> <span class='ocrx_word' id='word_1_314' title='bbox 689 2270 732 2299; x_wconf 89' lang='lat' dir='ltr'><strong>H.</strong></span> <span class='ocrx_word' id='word_1_315' title='bbox 924 2268 976 2305; x_wconf 85' lang='lat'><strong>46.</strong></span> <span class='ocrx_word' id='word_1_316' title='bbox 1002 2266 1047 2298; x_wconf 88' lang='lat' dir='ltr'><strong>M.</strong></span> <span class='ocrx_word' id='word_1_317' title='bbox 1066 2268 1094 2297; x_wconf 89' lang='lat' dir='ltr'><strong>E</strong></span> <span class='ocrx_word' id='word_1_318' title='bbox 1111 2277 1117 2296; x_wconf 90' lang='lat'>:</span> <span class='ocrx_word' id='word_1_319' title='bbox 1142 2265 1257 2297; x_wconf 88' lang='lat' dir='ltr'><strong>Marco</strong></span> <span class='ocrx_word' id='word_1_320' title='bbox 1272 2269 1308 2299; x_wconf 85' lang='lat' dir='ltr'><strong>F.</strong></span> <span class='ocrx_word' id='word_1_321' title='bbox 1343 2296 1345 2298; x_wconf 76' lang='grc'><strong>,</strong></span> 
     </span>
     <span class='ocr_line' id='line_1_39' title="bbox 156 2310 597 2350; baseline 0.002 -9"><span class='ocrx_word' id='word_1_322' title='bbox 156 2310 447 2350; x_wconf 84' lang='lat' dir='ltr'><strong>decimoseptimo</strong></span> <span class='ocrx_word' id='word_1_323' title='bbox 464 2313 537 2342; x_wconf 78' lang='lat' dir='ltr'><strong>add.</strong></span> <span class='ocrx_word' id='word_1_324' title='bbox 555 2313 597 2342; x_wconf 85' lang='lat' dir='ltr'><strong>H.</strong></span> 
     </span>
    </p>
   </div>
   <div class='ocr_carea' id='block_1_5' title="bbox 978 2473 1739 2514">
    <p class='ocr_par' dir='ltr' id='par_1_8' title="bbox 978 2473 1739 2514">
     <span class='ocr_line' id='line_1_40' title="bbox 978 2473 1739 2514; baseline 0 -10"><span class='ocrx_word' id='word_1_325' title='bbox 978 2484 1024 2504; x_wconf 84' lang='lat' dir='ltr'><strong>an</strong></span> <span class='ocrx_word' id='word_1_326' title='bbox 1044 2473 1242 2514; x_wconf 84' lang='lat' dir='ltr'><strong>unexpired</strong></span> <span class='ocrx_word' id='word_1_327' title='bbox 1259 2476 1359 2505; x_wconf 78' lang='lat' dir='ltr'><strong>truce</strong></span> <span class='ocrx_word' id='word_1_328' title='bbox 1381 2473 1427 2504; x_wconf 86' lang='lat' dir='ltr'><strong>he</strong></span> <span class='ocrx_word' id='word_1_329' title='bbox 1448 2473 1519 2504; x_wconf 87' lang='lat' dir='ltr'><strong>had</strong></span> <span class='ocrx_word' id='word_1_330' title='bbox 1532 2473 1610 2513; x_wconf 83' lang='lat' dir='ltr'><strong>just</strong></span> <span class='ocrx_word' id='word_1_331' title='bbox 1630 2473 1739 2504; x_wconf 85' lang='lat' dir='ltr'><strong>taken</strong></span> 
     </span>
    </p>
   </div>
   <div class='ocr_carea' id='block_1_6' title="bbox 201 2474 1739 2557">
    <p class='ocr_par' dir='ltr' id='par_1_9' title="bbox 201 2474 1739 2557">
     <span class='ocr_line' id='line_1_41' title="bbox 201 2474 920 2515; baseline 0 -9"><span class='ocrx_word' id='word_1_332' title='bbox 201 2486 253 2514; x_wconf 87' lang='lat'><strong>27.</strong></span> <span class='ocrx_word' id='word_1_333' title='bbox 278 2475 515 2515; x_wconf 78' lang='lat' dir='ltr'><strong>Magantiam]</strong></span> <span class='ocrx_word' id='word_1_334' title='bbox 539 2475 591 2506; x_wconf 89' lang='lat' dir='ltr'><strong>Cf.</strong></span> <span class='ocrx_word' id='word_1_335' title='bbox 610 2475 752 2506; x_wconf 84' lang='lat' dir='ltr'><strong>Brewer</strong></span> <span class='ocrx_word' id='word_1_336' title='bbox 768 2474 804 2505; x_wconf 90' lang='lat' dir='ltr'><strong>ii.</strong></span> <span class='ocrx_word' id='word_1_337' title='bbox 823 2484 920 2513; x_wconf 83' lang='lat'><strong>3344.</strong></span> 
     </span>
     <span class='ocr_line' id='line_1_42' title="bbox 977 2517 1739 2557; baseline 0 -9"><span class='ocrx_word' id='word_1_338' title='bbox 977 2527 1025 2556; x_wconf 90' lang='lat' dir='ltr'><strong>up</strong></span> <span class='ocrx_word' id='word_1_339' title='bbox 1042 2527 1137 2548; x_wconf 87' lang='lat' dir='ltr'><strong>arms</strong></span> <span class='ocrx_word' id='word_1_340' title='bbox 1152 2517 1256 2557; x_wconf 85' lang='lat' dir='ltr'><strong>again</strong></span> <span class='ocrx_word' id='word_1_341' title='bbox 1270 2528 1278 2556; x_wconf 72' lang='grc' dir='ltr'><strong><em>ς</em></strong></span> <span class='ocrx_word' id='word_1_342' title='bbox 1302 2518 1344 2548; x_wconf 86' lang='lat' dir='ltr'><strong>cf.</strong></span> <span class='ocrx_word' id='word_1_343' title='bbox 1360 2517 1504 2547; x_wconf 86' lang='lat' dir='ltr'><strong>Brewer</strong></span> <span class='ocrx_word' id='word_1_344' title='bbox 1519 2517 1555 2549; x_wconf 87' lang='lat' dir='ltr'><strong>ii.</strong></span> <span class='ocrx_word' id='word_1_345' title='bbox 1567 2517 1654 2556; x_wconf 88' lang='lat'><strong>3283</strong></span> <span class='ocrx_word' id='word_1_346' title='bbox 1669 2517 1739 2548; x_wconf 87' lang='lat' dir='ltr'><strong>and</strong></span> 
     </span>
    </p>
   </div>
   <div class='ocr_carea' id='block_1_7' title="bbox 203 2517 921 2559">
    <p class='ocr_par' dir='ltr' id='par_1_10' title="bbox 203 2517 921 2559">
     <span class='ocr_line' id='line_1_43' title="bbox 203 2517 921 2559; baseline -0.001 -10"><span class='ocrx_word' id='word_1_347' title='bbox 203 2529 254 2558; x_wconf 90' lang='lat'><strong>29.</strong></span> <span class='ocrx_word' id='word_1_348' title='bbox 282 2518 462 2559; x_wconf 84' lang='lat' dir='ltr'><strong>Gandaui]</strong></span> <span class='ocrx_word' id='word_1_349' title='bbox 490 2518 566 2549; x_wconf 85' lang='lat' dir='ltr'><strong>The</strong></span> <span class='ocrx_word' id='word_1_350' title='bbox 589 2517 698 2549; x_wconf 76' lang='lat' dir='ltr'><strong>Court</strong></span> <span class='ocrx_word' id='word_1_351' title='bbox 720 2518 861 2548; x_wconf 83' lang='lat' dir='ltr'><strong>arrived</strong></span> <span class='ocrx_word' id='word_1_352' title='bbox 883 2520 921 2548; x_wconf 84' lang='lat' dir='ltr'><strong>at</strong></span> 
     </span>
    </p>
   </div>
   <div class='ocr_carea' id='block_1_8' title="bbox 157 2561 925 3026">
    <p class='ocr_par' dir='ltr' id='par_1_11' title="bbox 158 2561 922 2644">
     <span class='ocr_line' id='line_1_44' title="bbox 158 2561 922 2601; baseline -0.003 -8"><span class='ocrx_word' id='word_1_353' title='bbox 158 2563 280 2594; x_wconf 84' lang='lat' dir='ltr'><strong>Ghent</strong></span> <span class='ocrx_word' id='word_1_354' title='bbox 295 2562 455 2592; x_wconf 87' lang='lat' dir='ltr'><strong>between</strong></span> <span class='ocrx_word' id='word_1_355' title='bbox 475 2571 578 2601; x_wconf 86' lang='lat'><strong>17-25</strong></span> <span class='ocrx_word' id='word_1_356' title='bbox 596 2561 676 2601; x_wconf 87' lang='lat' dir='ltr'><strong>May</strong></span> <span class='ocrx_word' id='word_1_357' title='bbox 690 2572 699 2600; x_wconf 87' lang='lat'>;</span> <span class='ocrx_word' id='word_1_358' title='bbox 722 2561 764 2592; x_wconf 89' lang='lat' dir='ltr'><strong>cf.</strong></span> <span class='ocrx_word' id='word_1_359' title='bbox 778 2561 922 2592; x_wconf 85' lang='lat' dir='ltr'><strong>Brewer</strong></span> 
     </span>
     <span class='ocr_line' id='line_1_45' title="bbox 161 2605 500 2644; baseline -0.003 -9"><span class='ocrx_word' id='word_1_360' title='bbox 161 2607 198 2637; x_wconf 88' lang='lat' dir='ltr'><strong>ii.</strong></span> <span class='ocrx_word' id='word_1_361' title='bbox 216 2614 298 2644; x_wconf 85' lang='lat'><strong>3251</strong></span> <span class='ocrx_word' id='word_1_362' title='bbox 318 2605 389 2635; x_wconf 83' lang='lat' dir='ltr'><strong>and</strong></span> <span class='ocrx_word' id='word_1_363' title='bbox 405 2605 500 2643; x_wconf 85' lang='lat'><strong>3283.</strong></span> 
     </span>
    </p>

    <p class='ocr_par' dir='ltr' id='par_1_12' title="bbox 157 2645 920 2775">
     <span class='ocr_line' id='line_1_46' title="bbox 201 2645 920 2688; baseline -0.001 -9"><span class='ocrx_word' id='word_1_364' title='bbox 201 2659 254 2687; x_wconf 86' lang='lat'><strong>33.</strong></span> <span class='ocrx_word' id='word_1_365' title='bbox 279 2647 483 2688; x_wconf 87' lang='lat' dir='ltr'><strong>Philippus]</strong></span> <span class='ocrx_word' id='word_1_366' title='bbox 506 2648 580 2679; x_wconf 88' lang='lat' dir='ltr'><strong>The</strong></span> <span class='ocrx_word' id='word_1_367' title='bbox 600 2650 706 2686; x_wconf 80' lang='lat' dir='ltr'><strong>entry</strong></span> <span class='ocrx_word' id='word_1_368' title='bbox 721 2648 803 2678; x_wconf 87' lang='lat' dir='ltr'><strong>took</strong></span> <span class='ocrx_word' id='word_1_369' title='bbox 823 2645 920 2687; x_wconf 88' lang='lat' dir='ltr'><strong>place</strong></span> 
     </span>
     <span class='ocr_line' id='line_1_47' title="bbox 157 2691 920 2730; baseline -0.003 -8"><span class='ocrx_word' id='word_1_370' title='bbox 157 2702 205 2722; x_wconf 88' lang='lat' dir='ltr'><strong>on</strong></span> <span class='ocrx_word' id='word_1_371' title='bbox 218 2701 257 2730; x_wconf 91' lang='lat'><strong>19</strong></span> <span class='ocrx_word' id='word_1_372' title='bbox 267 2691 347 2730; x_wconf 87' lang='lat' dir='ltr'><strong>May</strong></span> <span class='ocrx_word' id='word_1_373' title='bbox 359 2701 365 2727; x_wconf 95' lang='lat'>;</span> <span class='ocrx_word' id='word_1_374' title='bbox 383 2701 438 2722; x_wconf 81' lang='lat' dir='ltr'><strong>see</strong></span> <span class='ocrx_word' id='word_1_375' title='bbox 450 2691 728 2722; x_wconf 84' lang='lat' dir='ltr'><strong>Geldenhauer’s</strong></span> <span class='ocrx_word' id='word_1_376' title='bbox 739 2691 920 2721; x_wconf 84' lang='lat' dir='ltr'><strong>narrative</strong></span> 
     </span>
     <span class='ocr_line' id='line_1_48' title="bbox 162 2733 898 2775; baseline 0.001 -10"><span class='ocrx_word' id='word_1_377' title='bbox 162 2739 210 2775; x_wconf 58' lang='lat' dir='ltr'><strong>(p.</strong></span> <span class='ocrx_word' id='word_1_378' title='bbox 227 2736 306 2773; x_wconf 75' lang='lat'><strong>379)</strong></span> <span class='ocrx_word' id='word_1_379' title='bbox 324 2733 395 2764; x_wconf 86' lang='lat' dir='ltr'><strong>and</strong></span> <span class='ocrx_word' id='word_1_380' title='bbox 412 2734 455 2765; x_wconf 91' lang='lat' dir='ltr'><strong>cf.</strong></span> <span class='ocrx_word' id='word_1_381' title='bbox 475 2735 586 2766; x_wconf 90' lang='lat' dir='ltr'><strong>Lond.</strong></span> <span class='ocrx_word' id='word_1_382' title='bbox 605 2735 666 2765; x_wconf 81' lang='lat' dir='ltr'><strong>xii.</strong></span> <span class='ocrx_word' id='word_1_383' title='bbox 685 2745 716 2774; x_wconf 87' lang='lat'><strong>9,</strong></span> <span class='ocrx_word' id='word_1_384' title='bbox 736 2734 805 2764; x_wconf 91' lang='lat' dir='ltr'><strong>LB.</strong></span> <span class='ocrx_word' id='word_1_385' title='bbox 824 2735 898 2766; x_wconf 85' lang='lat'><strong>266.</strong></span> 
     </span>
    </p>

    <p class='ocr_par' dir='ltr' id='par_1_13' title="bbox 157 2777 925 3026">
     <span class='ocr_line' id='line_1_49' title="bbox 201 2777 921 2817; baseline -0.001 -9"><span class='ocrx_word' id='word_1_386' title='bbox 201 2787 254 2817; x_wconf 86' lang='lat'><strong>35.</strong></span> <span class='ocrx_word' id='word_1_387' title='bbox 269 2777 350 2808; x_wconf 87' lang='lat' dir='ltr'><strong>Dux</strong></span> <span class='ocrx_word' id='word_1_388' title='bbox 363 2777 547 2817; x_wconf 83' lang='lat' dir='ltr'><strong>Ghelriae]</strong></span> <span class='ocrx_word' id='word_1_389' title='bbox 564 2778 710 2809; x_wconf 88' lang='lat' dir='ltr'><strong>Charles</strong></span> <span class='ocrx_word' id='word_1_390' title='bbox 721 2778 758 2807; x_wconf 85' lang='lat' dir='ltr'><strong>of</strong></span> <span class='ocrx_word' id='word_1_391' title='bbox 767 2778 921 2817; x_wconf 82' lang='lat' dir='ltr'><strong>Egmont</strong></span> 
     </span>
     <span class='ocr_line' id='line_1_50' title="bbox 161 2820 925 2860; baseline 0 -9"><span class='ocrx_word' id='word_1_392' title='bbox 161 2822 197 2860; x_wconf 88' lang='lat'><strong>(9</strong></span> <span class='ocrx_word' id='word_1_393' title='bbox 218 2821 305 2851; x_wconf 90' lang='lat' dir='ltr'><strong>Nov.</strong></span> <span class='ocrx_word' id='word_1_394' title='bbox 327 2821 496 2860; x_wconf 83' lang='lat'><strong>1467—30</strong></span> <span class='ocrx_word' id='word_1_395' title='bbox 511 2821 604 2851; x_wconf 84' lang='lat' dir='ltr'><strong>June</strong></span> <span class='ocrx_word' id='word_1_396' title='bbox 629 2820 737 2860; x_wconf 84' lang='lat'>1538),</span> <span class='ocrx_word' id='word_1_397' title='bbox 761 2820 863 2851; x_wconf 88' lang='lat' dir='ltr'><strong>Duke</strong></span> <span class='ocrx_word' id='word_1_398' title='bbox 885 2821 925 2851; x_wconf 86' lang='lat' dir='ltr'><strong>of</strong></span> 
     </span>
     <span class='ocr_line' id='line_1_51' title="bbox 159 2863 920 2903; baseline -0.001 -8"><span class='ocrx_word' id='word_1_399' title='bbox 159 2864 331 2895; x_wconf 85' lang='lat' dir='ltr'><strong>Gueldres</strong></span> <span class='ocrx_word' id='word_1_400' title='bbox 350 2873 442 2903; x_wconf 85' lang='lat'><strong>1492.</strong></span> <span class='ocrx_word' id='word_1_401' title='bbox 480 2863 710 2903; x_wconf 83' lang='lat' dir='ltr'><strong>Encouraged</strong></span> <span class='ocrx_word' id='word_1_402' title='bbox 726 2863 773 2902; x_wconf 85' lang='lat' dir='ltr'><strong>by</strong></span> <span class='ocrx_word' id='word_1_403' title='bbox 788 2863 920 2894; x_wconf 87' lang='lat' dir='ltr'><strong>France</strong></span> 
     </span>
     <span class='ocr_line' id='line_1_52' title="bbox 159 2906 920 2946; baseline -0.003 -8"><span class='ocrx_word' id='word_1_404' title='bbox 159 2908 204 2938; x_wconf 91' lang='lat' dir='ltr'><strong>he</strong></span> <span class='ocrx_word' id='word_1_405' title='bbox 225 2909 329 2946; x_wconf 81' lang='lat' dir='ltr'><strong>spent</strong></span> <span class='ocrx_word' id='word_1_406' title='bbox 346 2906 402 2937; x_wconf 84' lang='lat' dir='ltr'><strong>his</strong></span> <span class='ocrx_word' id='word_1_407' title='bbox 425 2908 486 2938; x_wconf 70' lang='lat' dir='ltr'><strong>life</strong></span> <span class='ocrx_word' id='word_1_408' title='bbox 509 2908 548 2938; x_wconf 90' lang='lat' dir='ltr'><strong>in</strong></span> <span class='ocrx_word' id='word_1_409' title='bbox 570 2907 755 2938; x_wconf 86' lang='lat' dir='ltr'><strong>continual</strong></span> <span class='ocrx_word' id='word_1_410' title='bbox 771 2907 920 2937; x_wconf 82' lang='lat' dir='ltr'><strong>warfare</strong></span> 
     </span>
     <span class='ocr_line' id='line_1_53' title="bbox 157 2949 920 2988; baseline 0 -8"><span class='ocrx_word' id='word_1_411' title='bbox 157 2951 294 2988; x_wconf 78' lang='lat' dir='ltr'><strong>against</strong></span> <span class='ocrx_word' id='word_1_412' title='bbox 309 2949 371 2980; x_wconf 89' lang='lat' dir='ltr'><strong>the</strong></span> <span class='ocrx_word' id='word_1_413' title='bbox 391 2952 564 2981; x_wconf 82' lang='lat' dir='ltr'><strong>Austrian</strong></span> <span class='ocrx_word' id='word_1_414' title='bbox 585 2950 787 2981; x_wconf 86' lang='lat' dir='ltr'><strong>dominions</strong></span> <span class='ocrx_word' id='word_1_415' title='bbox 802 2951 842 2980; x_wconf 89' lang='lat' dir='ltr'><strong>in</strong></span> <span class='ocrx_word' id='word_1_416' title='bbox 857 2950 920 2980; x_wconf 82' lang='lat' dir='ltr'><strong>the</strong></span> 
     </span>
     <span class='ocr_line' id='line_1_54' title="bbox 160 2993 924 3026; baseline 0 -2"><span class='ocrx_word' id='word_1_417' title='bbox 160 2993 398 3025; x_wconf 81' lang='lat' dir='ltr'><strong>Netherlands</strong></span> <span class='ocrx_word' id='word_1_418' title='bbox 412 3005 420 3024; x_wconf 87' lang='lat'>:</span> <span class='ocrx_word' id='word_1_419' title='bbox 442 3004 499 3025; x_wconf 82' lang='lat' dir='ltr'><strong>see</strong></span> <span class='ocrx_word' id='word_1_420' title='bbox 516 2994 590 3026; x_wconf 87' lang='lat' dir='ltr'><strong>BN.</strong></span> <span class='ocrx_word' id='word_1_421' title='bbox 635 2993 683 3025; x_wconf 90' lang='lat' dir='ltr'><strong>In</strong></span> <span class='ocrx_word' id='word_1_422' title='bbox 697 2993 870 3024; x_wconf 84' lang='lat' dir='ltr'><strong>violation</strong></span> <span class='ocrx_word' id='word_1_423' title='bbox 886 2993 924 3024; x_wconf 85' lang='lat' dir='ltr'><strong>of</strong></span> 
     </span>
    </p>
   </div>
   <div class='ocr_carea' id='block_1_9' title="bbox 224 3058 375 3078">
    <p class='ocr_par' dir='ltr' id='par_1_14' title="bbox 224 3058 375 3078">
     <span class='ocr_line' id='line_1_55' title="bbox 224 3058 375 3078; baseline 0 -1"><span class='ocrx_word' id='word_1_424' title='bbox 224 3058 328 3078; x_wconf 65' lang='lat' dir='ltr'><strong>ALLEN</strong></span> <span class='ocrx_word' id='word_1_425' title='bbox 347 3058 375 3078; x_wconf 81' lang='lat'><strong>11</strong></span> 
     </span>
    </p>
   </div>
   <div class='ocr_carea' id='block_1_10' title="bbox 976 2570 1740 2644">
    <p class='ocr_par' dir='ltr' id='par_1_15' title="bbox 976 2570 1740 2644">
     <span class='ocr_line' id='line_1_56' title="bbox 976 2570 1740 2644; baseline -0.009 -9"><span class='ocrx_word' id='word_1_426' title='bbox 976 2570 1073 2643; x_wconf 47' lang='lat'><strong>3332..</strong></span> <span class='ocrx_word' id='word_1_427' title='bbox 1105 2603 1309 2644; x_wconf 79' lang='lat' dir='ltr'><strong>motoriani]</strong></span> <span class='ocrx_word' id='word_1_428' title='bbox 1341 2603 1387 2635; x_wconf 89' lang='lat' dir='ltr'><strong>In</strong></span> <span class='ocrx_word' id='word_1_429' title='bbox 1417 2603 1601 2643; x_wconf 85' lang='lat' dir='ltr'><strong>following</strong></span> <span class='ocrx_word' id='word_1_430' title='bbox 1631 2603 1740 2635; x_wconf 78' lang='lat' dir='ltr'><strong>Maxi.</strong></span> 
     </span>
    </p>
   </div>
   <div class='ocr_carea' id='block_1_11' title="bbox 977 2646 1742 3033">
    <p class='ocr_par' dir='ltr' id='par_1_16' title="bbox 977 2646 1742 2859">
     <span class='ocr_line' id='line_1_57' title="bbox 977 2646 1740 2687; baseline 0.003 -11"><span class='ocrx_word' id='word_1_431' title='bbox 977 2647 1106 2677; x_wconf 88' lang='lat' dir='ltr'><strong>milian</strong></span> <span class='ocrx_word' id='word_1_432' title='bbox 1133 2647 1288 2687; x_wconf 82' lang='lat' dir='ltr'><strong>through</strong></span> <span class='ocrx_word' id='word_1_433' title='bbox 1315 2647 1378 2677; x_wconf 89' lang='lat' dir='ltr'><strong>the</strong></span> <span class='ocrx_word' id='word_1_434' title='bbox 1403 2646 1666 2684; x_wconf 80' lang='lat' dir='ltr'><strong>Netherland83</strong></span> <span class='ocrx_word' id='word_1_435' title='bbox 1696 2647 1740 2678; x_wconf 88' lang='lat' dir='ltr'><strong>cf.</strong></span> 
     </span>
     <span class='ocr_line' id='line_1_58' title="bbox 977 2689 1740 2730; baseline 0 -10"><span class='ocrx_word' id='word_1_436' title='bbox 977 2690 1041 2730; x_wconf 90' lang='lat' dir='ltr'><strong>Ep.</strong></span> <span class='ocrx_word' id='word_1_437' title='bbox 1058 2699 1133 2729; x_wconf 87' lang='lat'><strong>572.</strong></span> <span class='ocrx_word' id='word_1_438' title='bbox 1154 2691 1194 2720; x_wconf 88' lang='lat'><strong>16</strong></span> <span class='ocrx_word' id='word_1_439' title='bbox 1209 2700 1244 2721; x_wconf 91' lang='lat' dir='ltr'><strong>n.</strong></span> <span class='ocrx_word' id='word_1_440' title='bbox 1259 2690 1331 2721; x_wconf 87' lang='lat' dir='ltr'><strong>and</strong></span> <span class='ocrx_word' id='word_1_441' title='bbox 1346 2692 1396 2722; x_wconf 88' lang='lat'><strong>18.</strong></span> <span class='ocrx_word' id='word_1_442' title='bbox 1431 2690 1499 2721; x_wconf 89' lang='lat' dir='ltr'><strong>His</strong></span> <span class='ocrx_word' id='word_1_443' title='bbox 1516 2689 1634 2722; x_wconf 85' lang='lat' dir='ltr'><strong>duties</strong></span> <span class='ocrx_word' id='word_1_444' title='bbox 1646 2699 1740 2720; x_wconf 83' lang='lat' dir='ltr'><strong>were</strong></span> 
     </span>
     <span class='ocr_line' id='line_1_59' title="bbox 978 2731 1742 2773; baseline 0.001 -10"><span class='ocrx_word' id='word_1_445' title='bbox 978 2733 1129 2773; x_wconf 82' lang='lat' dir='ltr'><strong>brought</strong></span> <span class='ocrx_word' id='word_1_446' title='bbox 1156 2735 1193 2764; x_wconf 86' lang='lat' dir='ltr'><strong>to</strong></span> <span class='ocrx_word' id='word_1_447' title='bbox 1219 2743 1240 2764; x_wconf 88' lang='lat' dir='ltr'><strong>a</strong></span> <span class='ocrx_word' id='word_1_448' title='bbox 1266 2733 1357 2764; x_wconf 88' lang='lat' dir='ltr'><strong>close</strong></span> <span class='ocrx_word' id='word_1_449' title='bbox 1385 2734 1431 2772; x_wconf 87' lang='lat' dir='ltr'><strong>by</strong></span> <span class='ocrx_word' id='word_1_450' title='bbox 1453 2733 1516 2764; x_wconf 91' lang='lat' dir='ltr'><strong>the</strong></span> <span class='ocrx_word' id='word_1_451' title='bbox 1543 2731 1742 2772; x_wconf 81' lang='lat' dir='ltr'><strong>Emperor‘s</strong></span> 
     </span>
     <span class='ocr_line' id='line_1_60' title="bbox 977 2776 1742 2816; baseline 0.003 -10"><span class='ocrx_word' id='word_1_452' title='bbox 977 2776 1164 2816; x_wconf 78' lang='lat' dir='ltr'><strong>departure</strong></span> <span class='ocrx_word' id='word_1_453' title='bbox 1188 2776 1242 2807; x_wconf 91' lang='lat' dir='ltr'><strong>for</strong></span> <span class='ocrx_word' id='word_1_454' title='bbox 1264 2777 1467 2815; x_wconf 81' lang='lat' dir='ltr'><strong>Germany3</strong></span> <span class='ocrx_word' id='word_1_455' title='bbox 1505 2776 1549 2807; x_wconf 88' lang='lat' dir='ltr'><strong>cf.</strong></span> <span class='ocrx_word' id='word_1_456' title='bbox 1576 2776 1641 2816; x_wconf 92' lang='lat' dir='ltr'><strong>Ep.</strong></span> <span class='ocrx_word' id='word_1_457' title='bbox 1665 2777 1742 2816; x_wconf 85' lang='lat'><strong>585.</strong></span> 
     </span>
     <span class='ocr_line' id='line_1_61' title="bbox 977 2819 1643 2859; baseline 0 -8"><span class='ocrx_word' id='word_1_458' title='bbox 977 2829 997 2859; x_wconf 88' lang='lat'><strong>3</strong></span> <span class='ocrx_word' id='word_1_459' title='bbox 1013 2829 1047 2851; x_wconf 90' lang='lat' dir='ltr'><strong>n.</strong></span> <span class='ocrx_word' id='word_1_460' title='bbox 1064 2819 1135 2850; x_wconf 87' lang='lat' dir='ltr'><strong>and</strong></span> <span class='ocrx_word' id='word_1_461' title='bbox 1151 2820 1293 2850; x_wconf 87' lang='lat' dir='ltr'><strong>Brewer</strong></span> <span class='ocrx_word' id='word_1_462' title='bbox 1309 2820 1345 2850; x_wconf 88' lang='lat' dir='ltr'><strong>ii.</strong></span> <span class='ocrx_word' id='word_1_463' title='bbox 1361 2829 1459 2858; x_wconf 86' lang='lat'><strong>3300.</strong></span> <span class='ocrx_word' id='word_1_464' title='bbox 1642 2853 1643 2856; x_wconf 11' lang='grc' dir='ltr'><strong>Ἴ</strong></span> 
     </span>
    </p>

    <p class='ocr_par' dir='ltr' id='par_1_17' title="bbox 980 2861 1738 2944">
     <span class='ocr_line' id='line_1_62' title="bbox 1020 2861 1738 2905; baseline 0.003 -13"><span class='ocrx_word' id='word_1_465' title='bbox 1020 2872 1071 2901; x_wconf 86' lang='lat'><strong>41.</strong></span> <span class='ocrx_word' id='word_1_466' title='bbox 1096 2862 1156 2905; x_wconf 82' lang='lat' dir='ltr'><strong>N.]</strong></span> <span class='ocrx_word' id='word_1_467' title='bbox 1180 2862 1355 2903; x_wconf 85' lang='lat' dir='ltr'><strong>Probably</strong></span> <span class='ocrx_word' id='word_1_468' title='bbox 1377 2863 1493 2902; x_wconf 88' lang='lat' dir='ltr'><strong>Dorp;</strong></span> <span class='ocrx_word' id='word_1_469' title='bbox 1521 2861 1564 2894; x_wconf 87' lang='lat' dir='ltr'><strong>cf.</strong></span> <span class='ocrx_word' id='word_1_470' title='bbox 1581 2861 1645 2903; x_wconf 87' lang='lat' dir='ltr'><strong>Ep.</strong></span> <span class='ocrx_word' id='word_1_471' title='bbox 1663 2873 1738 2902; x_wconf 78' lang='lat'><strong>474.</strong></span> 
     </span>
     <span class='ocr_line' id='line_1_63' title="bbox 980 2915 1071 2944; baseline 0.011 -8"><span class='ocrx_word' id='word_1_472' title='bbox 980 2915 1017 2944; x_wconf 91' lang='lat'><strong>17</strong></span> <span class='ocrx_word' id='word_1_473' title='bbox 1034 2916 1071 2937; x_wconf 90' lang='lat' dir='ltr'><strong>n.</strong></span> 
     </span>
    </p>

    <p class='ocr_par' dir='ltr' id='par_1_18' title="bbox 1019 2948 1442 2990">
     <span class='ocr_line' id='line_1_64' title="bbox 1019 2948 1442 2990; baseline -0.002 -9"><span class='ocrx_word' id='word_1_474' title='bbox 1019 2959 1072 2988; x_wconf 86' lang='lat'><strong>43.</strong></span> <span class='ocrx_word' id='word_1_475' title='bbox 1097 2948 1261 2990; x_wconf 80' lang='lat' dir='ltr'><strong>epistola]</strong></span> <span class='ocrx_word' id='word_1_476' title='bbox 1286 2949 1348 2989; x_wconf 90' lang='lat' dir='ltr'><strong>Ep.</strong></span> <span class='ocrx_word' id='word_1_477' title='bbox 1366 2958 1442 2989; x_wconf 89' lang='lat'><strong>559.</strong></span> 
     </span>
    </p>

    <p class='ocr_par' dir='ltr' id='par_1_19' title="bbox 1019 2991 1435 3033">
     <span class='ocr_line' id='line_1_65' title="bbox 1019 2991 1435 3033; baseline 0.007 -10"><span class='ocrx_word' id='word_1_478' title='bbox 1019 2993 1070 3031; x_wconf 88' lang='lat'><strong>46.</strong></span> <span class='ocrx_word' id='word_1_479' title='bbox 1095 2991 1254 3033; x_wconf 88' lang='lat' dir='ltr'><strong>Musuro]</strong></span> <span class='ocrx_word' id='word_1_480' title='bbox 1278 2992 1340 3033; x_wconf 88' lang='lat' dir='ltr'><strong>Ep.</strong></span> <span class='ocrx_word' id='word_1_481' title='bbox 1359 3001 1435 3032; x_wconf 73' lang='lat'><strong>574.</strong></span> 
     </span>
    </p>
   </div>
   <div class='ocr_carea' id='block_1_12' title="bbox 917 3061 985 3098">
    <p class='ocr_par' dir='ltr' id='par_1_20' title="bbox 917 3061 985 3098">
     <span class='ocr_line' id='line_1_66' title="bbox 917 3061 985 3098; baseline 0 0"><span class='ocrx_word' id='word_1_482' title='bbox 917 3061 985 3098; x_wconf 85' lang='grc' dir='ltr'><strong>ΡΡ</strong></span> 
     </span>
    </p>
   </div>
  </div>
 </body>
</html>
