2010 3417
199 353 239 384 50
258 341 327 379 sed
359 338 592 378 exinaniuit
626 352 669 377 se
700 339 879 377 formam
913 338 1023 377 serui
1055 338 1272 388 accipiens.

198 681 237 711 55.

198 999 240 1030 60

200 1327 240 1367 65

256 166 335 204 508
717 164 967 203 LETTERS
1007 163 1075 202 OF
1113 163 1379 203 ERASMUS
1725 161 1848 216 [1517

256 277 389 314 forma
417 275 494 313 Dei
524 275 639 321 esset,
671 287 757 312 non
784 274 974 323 rapinam
1003 273 1228 311 arbitratus
1256 276 1320 312 est
1347 286 1435 312 esse
1463 286 1506 312 se
1535 272 1725 323 equalem
1755 273 1853 320 Deo,

1279 338 1301 354 '²
1368 338 1466 377 Non
1495 338 1602 388 rapit
1629 338 1738 388 quod
1768 340 1857 377 erat

257 406 455 453 Christus,
479 404 522 443 id
541 406 603 443 est
622 404 667 443 in
687 405 821 443 forma
842 405 920 443 Dei
940 417 1039 443 esse.
1083 404 1179 443 Non
1199 406 1261 443 est
1281 405 1483 455 equalitas
1507 404 1639 454 (Dei)
1660 404 1705 443 in
1725 404 1858 442 forma

258 472 334 510 Dei
352 483 451 519 esse,
473 470 510 509 si
529 483 614 508 non
641 469 845 519 equalitas
868 469 1052 508 hominis
1077 471 1140 508 est
1165 483 1254 508 esse
1280 470 1325 508 in
1349 469 1482 508 forma
1501 469 1621 509 serui.
1683 468 1802 518 Quod
1822 468 1858 506 si

257 537 302 574 in
332 536 466 574 forma
496 535 607 574 serui
635 535 760 573 homo
791 535 982 574 Christus
1010 537 1084 583 est,
1117 536 1217 585 quid
1247 535 1359 574 aliud
1389 536 1434 573 in
1463 536 1598 573 forma
1626 535 1704 573 Dei
1733 546 1857 584 quam

262 602 508 652 (Christus)
541 601 654 640 Deus
682 603 777 640 est?
833 600 1023 639 Similem
1052 601 1192 651 itaque
1221 601 1273 640 ob
1303 601 1345 640 id
1374 601 1599 651 praedicari
1626 601 1701 649 vis,
1734 613 1786 638 ne
1813 599 1858 637 in

263 668 342 706 fide
361 670 432 706 tua
455 667 533 706 sit:
566 667 658 704 “Et
686 665 825 705 omnis
852 666 997 715 lingua
1022 666 1269 705 confiteatur
1290 666 1490 716 quoniam
1511 666 1719 705 Dominus
1739 665 1860 703 Iesus

262 735 307 772 in
335 733 470 784 gloria
494 734 556 771 est
580 731 658 770 Dei
683 731 859 770 Patris.”
918 731 952 770 Ο
975 731 1103 771 fallax
1131 731 1469 770 blandimentum
1494 732 1644 780 tuum,’
1665 734 1734 770 &c.
1757 742 1860 781 quae

262 800 320 838 ibi
340 798 495 838 scribit.
558 797 690 836 Putas
709 799 848 837 autem
870 797 1163 836 Constantium
1183 798 1366 836 Grecum
1385 797 1490 835 Ario
1508 796 1857 843 fauentissimum,

263 865 334 914 qui
361 867 404 902 et
431 864 613 903 Arianos
640 876 742 913 quae
769 863 816 901 in
844 876 939 901 eum
970 863 1258 902 scribebantur
1285 862 1563 912 ponderantes
1595 862 1753 910 habuit,
1785 861 1860 899 hec

265 929 527 970 dissimulare
554 928 750 978 potuisse,
782 927 865 966 nisi
894 930 937 966 et
964 928 1009 966 in
1040 927 1182 967 Grecis
1209 928 1276 966 hic
1307 941 1464 976 sensus,
1494 941 1619 978 quem
1649 927 1782 966 sancti
1810 938 1861 965 ex

264 997 342 1034 hoc
362 995 450 1033 loco
470 994 662 1044 Apostoli
688 993 907 1042 accipiunt,
932 996 1043 1032 certo
1070 994 1383 1032 contineretur?
1440 993 1530 1042 Quo
1551 993 1679 1032 etiam
1698 993 1860 1030 mutato

262 1061 314 1099 ab
331 1061 409 1099 hoc
430 1073 551 1098 sensu
573 1060 624 1098 de
643 1059 815 1109 reliquis
837 1072 1000 1109 quoque
1019 1059 1261 1098 huiusmodi
1287 1058 1488 1108 suspicari
1513 1060 1657 1097 eontra
1676 1058 1863 1096 doctores

263 1127 426 1164 sanctos
461 1127 632 1175 possent
675 1124 897 1174 simplices.
975 1123 1134 1163 Omitto
1178 1126 1319 1163 autem
1364 1124 1416 1163 ob
1459 1123 1709 1162 breuitatem
1746 1120 1862 1167 alios,

262 1191 538 1230 Ambrosium
572 1190 726 1229 scilicet
759 1190 845 1240 (qui
877 1190 1073 1240 pleraque
1107 1203 1129 1228 e
1165 1191 1295 1229 Greco
1325 1190 1623 1240 interpretatus
1656 1188 1734 1238 est)
1764 1187 1862 1226 scri·

264 1257 432 1295 bentem
453 1256 504 1296 ad
531 1256 737 1295 Sabinum
762 1256 1017 1306 episcopum,
1037 1256 1218 1294 Leonem
1245 1255 1404 1305 Papam
1424 1255 1509 1305 (qui
1534 1257 1576 1293 et
1601 1255 1689 1304 ipse
1711 1253 1863 1292 Grec-‚as

265 1322 399 1370 nouit)
437 1322 684 1372 Imperatori
733 1335 896 1372 quoque
941 1322 1071 1360 Greco
1110 1321 1373 1370 scribentem,
1417 1320 1667 1372 Gregorium
1704 1319 1862 1369 Papam

264 1400 389 1437 super
410 1386 495 1435 Iob,
520 1387 736 1426 Ruffinum
756 1387 840 1437 (qui
861 1389 1066 1436 quantum
1086 1387 1236 1426 Grecas
1257 1385 1446 1425 calluerit
1470 1399 1556 1424 non
1575 1387 1637 1424 est
1657 1383 1864 1435 ignotum)

265 1452 502 1502 symbolum
536 1453 634 1490 fidei
667 1455 957 1502 exponentem.
1019 1452 1099 1500 Qui
1132 1464 1278 1490 omnes
1308 1465 1404 1490 cum
1437 1451 1530 1489 aliis
1563 1450 1753 1501 pluribus
1786 1450 1863 1488 hac

266 1519 444 1556 vtuntur
463 1517 643 1556 editione
662 1520 703 1556 et
724 1530 815 1557 eam
834 1517 878 1556 in
899 1518 1011 1556 hunc
1035 1530 1207 1556 sensum
1234 1517 1377 1566 citant,
1401 1530 1472 1555 seu
1503 1517 1650 1555 sensus
1679 1515 1750 1554 ille
1767 1515 1863 1553 inde

265 1583 451 1633 sequitur
466 1584 571 1622 sicut
583 1583 667 1622 iam
682 1584 814 1623 citata.
858 1583 913 1622 Et
929 1583 1040 1633 quod
1053 1583 1285 1621 maximum
1298 1584 1371 1631 est,
1388 1583 1617 1621 Ecclesiam
1630 1582 1863 1620 Romanam

266 1648 343 1687 hac
377 1648 714 1698 interpretatione
752 1650 803 1687 ab
841 1648 1147 1698 antiquissimis
1187 1648 1448 1698 temporibus
1484 1661 1603 1687 vsam
1643 1661 1732 1686 esse
1770 1646 1865 1697 quis

267 1714 441 1762 dubitet,
475 1728 573 1753 cum
607 1715 679 1764 qui
710 1714 786 1753 hac
820 1716 998 1753 Vtuntur
1031 1714 1163 1753 sancti
1196 1713 1324 1752 multi
1357 1713 1581 1763 plusquam
1620 1715 1717 1752 ante
1749 1712 1865 1752 mille

268 1792 402 1818 annos
439 1779 654 1819 vixerint?
721 1780 865 1830 Neque
899 1793 995 1818 vero
1035 1779 1203 1818 natione
1236 1779 1414 1818 Graecos
1447 1778 1647 1817 moderno
1680 1780 1866 1828 tempore

268 1846 397 1884 factos
426 1859 586 1896 quoque
615 1846 798 1895 Latinos,
832 1847 941 1884 inter
971 1858 1074 1894 quos
1101 1847 1142 1883 et
1173 1845 1410 1892 Bessarion,
1437 1845 1643 1894 praefatae
1671 1843 1864 1882 ecclesiae

270 1911 500 1958 cardinalis,
528 1910 744 1961 vtriusque
772 1912 941 1960 linguae
968 1910 1259 1960 peritissimus,
1291 1910 1404 1949 hunc
1433 1909 1585 1957 locum,
1615 1910 1727 1948 inter
1753 1921 1866 1947 sacra

269 1976 351 2026 legi
379 1975 564 2024 solitum,
594 1976 882 2015 emendatione
911 1989 1027 2026 egere
1057 1976 1292 2026 prolocutos
1321 1977 1496 2014 constat.
1553 1975 1676 2014 Valla
1704 1987 1866 2025 quoque

266 2044 310 2080 in
335 2041 676 2081 annotationibus
699 2043 786 2081 suis
812 2055 893 2093 quo
921 2042 971 2081 ad
998 2041 1121 2080 illum
1148 2054 1320 2091 passum
1346 2041 1407 2079 nil
1434 2041 1626 2089 mutauit,
1651 2039 1735 2078 nisi
1755 2038 1866 2090 quod

269 2109 410 2146 sentiat
427 2109 685 2157 vnusquzsssque
703 2107 844 2157 potius
869 2107 1013 2145 haberi
1030 2107 1140 2154 vult,
1159 2119 1284 2157 quam
1310 2106 1530 2157 pluraliter
1548 2106 1687 2145 sentite
1703 2105 1862 2154 simun,

270 2175 311 2211 et
341 2174 448 2222 quod
478 2173 579 2211 dicit
608 2173 824 2223 plerosque
854 2173 1013 2211 codices
1042 2173 1193 2211 Grecos
1220 2172 1373 2210 habere
1401 2173 1648 2218 considerate,
1677 2172 1863 2209 σκοπεῖτε.

309 2293 362 2321 51.
387 2284 442 2313 est
452 2286 522 2320 post
537 2282 617 2313 Non
633 2283 699 2322 βγς
725 2283 817 2312 esset
832 2284 901 2313 MS.
919 2293 950 2313 α.
1099 2282 1166 2312 Dei
1183 2284 1256 2312 acm.
1274 2283 1354 2322 αβγ.
1530 2290 1583 2320 52.
1608 2280 1785 2321 equalitas
1801 2303 1810 2312 .
1828 2303 1837 2311 .
1856 2303 1865 2311 .

266 2336 342 2357 esse
358 2327 428 2366 αβγ
443 2336 451 2356 t
475 2328 566 2356 esset
582 2326 779 2364 aequalitas
793 2328 861 2357 MS.
996 2335 1048 2364 54.
1076 2326 1242 2356 Christus
1258 2328 1332 2357 add.
1350 2326 1427 2364 αβγ.
1563 2334 1616 2363 55.
1643 2325 1760 2355 01111115
1774 2325 1843 2363 αβγ
1860 2335 1867 2354 :

267 2372 321 2410 915
335 2372 404 2402 MS.
559 2371 612 2401 61.
637 2372 759 2400 contra
775 2372 895 2407 scripsi,
911 2371 949 2407 cf.
967 2371 987 2401 l.
1004 2379 1046 2408 43
1063 2379 1095 2400 oz.
1109 2381 1115 2401 :
1142 2379 1211 2408 qua
1225 2371 1295 2400 MS.
1445 2378 1497 2407 71.
1522 2371 1606 2399 ante
1622 2371 1694 2400 LB:
1719 2369 1781 2399 aut
1794 2370 1866 2398 MS.

270 2424 320 2452 77.
347 2413 478 2454 singuli
509 2416 629 2453 scripsi,
665 2416 834 2444 secmzclum
876 2416 980 2444 ι’(ιῖῖαε
1016 2416 1271 2444 annotationem:
1307 2412 1539 2452 singulariter
1571 2414 1653 2452 MS„
1683 2414 1763 2450 quod
1796 2414 1867 2442 ante

267 2458 400 2488 sentiat
416 2459 521 2493 posuit
542 2460 606 2488 [Β.

309 2599 362 2628 55.
387 2591 506 2620 omnis
524 2589 664 2630 lingua]
688 2592 767 2621 Phil.
784 2600 813 2620 2.
838 2599 887 2620 11.
1101 2589 1200 2620 ‘Non
1229 2598 1319 2628 quae
1347 2598 1408 2619 sua
1435 2590 1522 2620 sunt
1548 2588 1683 2628 singuli
1709 2587 1868 2619 conside-

312 2635 365 2672 64.
390 2632 535 2674 Grecas]
558 2644 598 2666 sc.
617 2634 761 2671 literas;
777 2633 819 2664 cf.
831 2633 869 2664 11.
887 2635 941 2671 89,
960 2642 1032 2666 122.
1101 2634 1231 2671 rantes,
1259 2632 1320 2663 sed
1347 2641 1438 2671 quae
1465 2632 1637 2663 aliorum:
1676 2631 1743 2662 hoc
1769 2632 1867 2662 enim

311 2686 362 2715 73.
388 2676 594 2717 Bessarion]
642 2678 685 2718 (e.
735 2686 818 2716 1403
833 2695 874 2699 —
889 2678 928 2706 18
945 2676 1030 2707 Nov.
1102 2677 1234 2707 sentite
1256 2677 1295 2706 in
1312 2677 1411 2707 vobis
1431 2676 1527 2715 quod
1544 2675 1582 2705 in
1604 2675 1747 2707 Christo
1764 2675 1865 2707 Iesu’

272 2720 380 2760 147²)=
398 2730 418 2751 a
434 2721 555 2751 native
571 2720 610 2751 of
620 2720 841 2759 Trebizond;
865 2719 1033 2751 Cardinal
1102 2720 1148 2750 he
1175 2721 1302 2750 notes:
1341 2719 1548 2758 ‘Plaerique
1576 2718 1713 2750 codices
1740 2719 1867 2750 Graeci

271 2773 373 2804 1439;
396 2765 458 2795 the
476 2764 668 2804 champion
690 2765 729 2795 of
741 2764 853 2794 union
873 2764 1033 2794 between
1102 2763 1238 2794 habent
1276 2763 1506 2801 considerate,
1547 2762 1708 2794 σκοπεῖτε.
1765 2762 1868 2793 Certe

270 2808 330 2837 the
359 2807 473 2838 Greek
497 2807 569 2838 and
592 2808 699 2839 Latin
723 2807 918 2838 Churehes.
971 2807 1033 2838 See
1101 2816 1226 2837 omnes
1249 2806 1384 2837 habent
1406 2809 1527 2846 sentiat,
1553 2815 1627 2837 11011
1650 2808 1766 2843 sentite,
1789 2811 1868 2845 φρο-

270 2860 289 2880 a
310 2850 373 2880 life
396 2852 442 2890 by
460 2851 507 2882 Η.
524 2851 621 2891 Vast,
639 2852 751 2891 Paris,
773 2851 878 2891 18783
902 2851 1033 2891 Voigt3
1102 2849 1225 2890 νείσθω,
1259 2850 1352 2889 quod
1387 2850 1542 2881 refertur
1575 2849 1621 2880 ad
1651 2851 1866 2888 vnusquisqm,

271 2893 341 2923 and
358 2894 567 2933 Creighton.
1101 2893 1196 2933 quod
1233 2894 1414 2933 interpres
1449 2892 1640 2934 pluraliter
1676 2891 1867 2924 transtulit

316 2946 365 2974 75.
404 2937 524 2977 Valla]
572 2938 617 2968 In
654 2938 716 2968 the
760 2938 901 2968 volume
940 2937 1032 2968 from
1098 2940 1228 2977 sinyuli,
1254 2936 1411 2968 ἕκαστοςῖ

269 2979 389 3009 which
421 2980 508 3019 Epp.
545 2982 640 3020 182‚3
670 2991 729 3011 are
759 2981 916 3012 derived.
977 2981 1030 3011 On
1144 2982 1196 3019 76.
1229 2980 1388 3020 passum]
1436 2980 1567 3012 Locum
1604 2978 1867 3023 (scripturae):

271 3022 334 3052 the
364 3022 513 3062 Vulgate
544 3025 737 3064 rendering
768 3024 807 3054 of
829 3027 910 3055 Phil.
943 3034 972 3055 2.
998 3035 1031 3062 4,
1102 3023 1279 3063 Ducange.
