2010 3417
632 157 703 196 ΤΟ
741 152 962 197 ULRIOH
1001 156 1205 196 ZASIUS
1642 158 1718 195 125

129 155 225 210 345]

125 266 213 305 bito
233 265 334 316 quin
354 266 474 306 Zasio
495 266 669 316 dignum
689 266 754 315 sit,
775 265 852 305 hoc
871 268 935 305 est
954 266 1127 305 homine
1147 279 1230 305 non
1250 266 1391 306 minus
1412 265 1574 305 erudito
1595 280 1718 316 quam

125 331 355 381 eloquente.
414 332 556 371 Sentio
585 332 753 382 quidem
781 331 943 370 litteras
972 333 1065 370 tuas
1093 331 1210 370 velut
1238 331 1290 370 ab
1325 332 1638 382 occupatissimo
1671 345 1720 370 ex

126 398 310 447 tempore
343 397 495 446 scribi;
537 397 693 436 mirum
731 399 870 435 tamen
901 409 1026 447 quam
1058 409 1125 435 me
1155 396 1326 436 delectet
1356 397 1428 436 ille
1457 397 1721 436 felicissimus

127 462 324 501 orationis
342 463 480 501 fluxus
500 475 584 501 non
605 462 693 501 sine
715 462 901 501 candore.
960 462 1049 501 Hec
1076 462 1183 500 mihi
1207 462 1457 502 foecundum
1482 476 1557 502 nec
1580 463 1720 502 minus

125 527 420 566 excercitatum
458 529 640 576 arguunt
678 526 906 576 ingenium.
964 527 1032 566 Ad
1071 526 1221 566 harum
1264 527 1394 578 igitur
1431 530 1600 577 gustum
1634 541 1720 568 non

126 591 271 631 dubito
291 592 392 642 quin
413 605 515 642 opus
535 591 641 630 illud
662 593 785 630 tuum
805 592 862 629 sit
887 604 1194 641 responsurum.
1257 592 1310 631 In
1330 606 1408 643 quo
1429 593 1528 643 quid
1550 607 1625 644 ego
1644 593 1720 632 tibi

125 657 285 708 possim
312 658 517 707 praestare
544 669 629 695 non
648 656 778 695 video.
835 656 921 694 Nec
950 656 1064 695 enim
1092 670 1183 695 mea
1208 659 1270 696 est
1294 658 1457 697 harena.
1515 659 1720 698 Animum

125 725 267 762 tamen
286 722 335 760 ad
357 721 523 772 quiduis
543 720 730 771 obsequii
749 720 1110 770 promptissimum
1134 721 1341 771 polliceor,
1365 736 1497 772 neque
1518 723 1592 762 hac
1613 724 1657 762 in
1679 737 1721 762 re

126 787 272 835 solum,
308 799 455 825 verum
492 785 538 824 in
581 785 675 824 aliis
711 785 1022 836 quibuscunque
1061 785 1327 836 desyderabis
1363 786 1485 825 amici
1524 788 1715 827 officium.

125 851 239 891 Bene
258 851 349 890 vale
369 864 465 889 cum
490 851 576 889 tuis
601 850 808 898 omnibus,
829 849 1109 889 eruditissime
1141 849 1246 889 Zasi.
1317 848 1461 903 [Anno
1482 849 1719 904 M.D.xv111.]

180 926 523 979 Splendidissimo
545 926 588 966 ll.
611 926 767 966 doctori
788 926 918 975 Zasio,
943 926 1073 965 amico
1093 926 1421 977 incomparabili.
1483 926 1690 977 Friburgi.

607 1048 702 1088 346.
765 1045 897 1087 FROM
929 1045 1064 1089 Jossss
1098 1046 1239 1087 BADE.

174 1137 360 1172 Deventer
378 1136 454 1171 MS.
476 1146 531 1182 91,
550 1136 575 1171 f.
598 1138 674 1181 176.
1454 1136 1567 1172 Paris.

173 1194 245 1229 LB.
265 1194 358 1239 App.
380 1196 433 1230 28.
1348 1204 1392 1239 19
1408 1193 1554 1239 August
1575 1203 1674 1239 1515.

441 1263 528 1305 [The
544 1263 625 1295 date
642 1264 672 1294 is
687 1262 883 1295 confirmed
899 1264 946 1302 by
962 1263 1026 1294 the
1043 1263 1151 1294 books
1167 1262 1406 1303 mentioned]

482 1351 676 1384 IODOCVS
709 1350 876 1382 BADIVS
910 1351 1089 1382 DOMINO
1122 1351 1303 1382 ERASMO
1335 1352 1370 1383 S.

178 1427 349 1466 Domum
379 1428 559 1476 Erasme‚
592 1427 823 1466 amicorum
855 1427 1220 1477 praestantissime,
1257 1427 1392 1477 accepi
1425 1427 1585 1466 litteras
1619 1429 1719 1475 tuas,

125 1492 272 1532 solitae
310 1493 354 1532 in
394 1506 461 1531 me
505 1492 814 1531 beneuolentiae
858 1494 985 1531 testes
1026 1492 1317 1542 amplissimas.
1374 1492 1487 1531 Deus
1534 1493 1636 1531 faxit
1677 1495 1723 1531 vt

125 1557 352 1598 commodis
380 1558 466 1597 tuis
489 1557 730 1597 honorificis
757 1557 980 1607 aliquando
1009 1570 1059 1596 ex
1087 1557 1293 1596 sententia
1321 1557 1560 1597 inseruiam.
1616 1558 1722 1597 Ani-

125 1636 221 1662 mus
269 1625 378 1662 certe
425 1636 618 1674 praesens
664 1624 738 1671 est,
786 1625 827 1661 et
871 1622 1157 1673 prouidentiae
1205 1623 1445 1662 facultatem
1492 1623 1645 1671 fecerit,
1687 1623 1722 1662 si

126 1688 399 1727 admonueris.
460 1688 700 1727 Franciscus
720 1688 768 1726 de
789 1687 962 1737 Adagiis
987 1688 1070 1726 tuis
1096 1688 1259 1738 magnis
1287 1688 1386 1727 satis
1406 1689 1531 1738 probe
1558 1701 1721 1727 mecum

127 1753 220 1802 egit.
292 1753 464 1802 Reliqua
503 1755 576 1791 tua
620 1767 715 1792 cum
755 1753 970 1803 praeconio
1015 1755 1088 1791 tuo
1126 1766 1234 1792 nouo
1272 1755 1314 1791 et
1354 1753 1634 1792 instrumento
1677 1753 1721 1791 in

128 1817 348 1856 Alemania
376 1818 575 1867 impressa
608 1818 712 1856 meis
746 1818 996 1856 detrimento
1030 1819 1153 1865 sunt;
1192 1817 1227 1856 si
1260 1820 1401 1856 tamen
1429 1818 1486 1856 ita
1519 1831 1541 1856 e
1575 1831 1618 1856 re
1651 1820 1723 1856 tua

130 1883 200 1920 aut
229 1882 383 1921 honore
418 1885 491 1930 est,
526 1882 669 1932 patiar,
701 1884 743 1921 et
777 1882 946 1933 quidem
978 1882 1159 1933 aequiori
1191 1882 1342 1921 animo.
1400 1881 1552 1921 Valent
1585 1884 1723 1934 Copus

128 1949 171 1986 et
210 1947 341 1986 Faber
380 1950 420 1986 et
460 1947 609 1998 reliqui
648 1948 772 1987 amici
812 1948 887 1997 tui,
919 1961 1022 1998 quos
1062 1946 1405 1989 excellentissima
1437 1948 1654 1988 literatura
1682 1951 1723 1988 et

128 2013 315 2051 doctrina
343 2012 546 2063 singulari
575 2026 661 2052 non
690 2013 828 2052 solum
857 2013 934 2052 tibi
963 2013 1191 2052 conciliasti
1217 2013 1288 2052 sed
1317 2013 1441 2052 etiam
1471 2014 1720 2054 demeruisti.

128 2078 319 2117 Budaeus
345 2091 448 2128 opus
473 2079 523 2117 de
549 2079 655 2117 Asse
677 2078 881 2118 relambit.
926 2079 966 2118 A
992 2078 1139 2117 Ruella
1164 2078 1433 2118 Dioscoriden
1458 2079 1724 2129 impressioni

173 2167 248 2199 345.
277 2167 326 2198 18.
350 2176 494 2206 possum
512 2169 552 2198 N.
718 2177 767 2206 19.
792 2176 909 2206 neque
928 2191 935 2198 .
956 2190 963 2198 .
982 2191 989 2198 .
1007 2177 1057 2198 20.
1076 2167 1230 2198 officium
1248 2170 1320 2199 aelel.
1339 2171 1376 2199 D.

128 2220 296 2243 imum-111
312 2213 384 2242 add.
404 2214 458 2241 H:
483 2211 550 2242 An.
569 2220 724 2242 M.1>.xvn
740 2209 798 2242 ΝΒ.

127 2255 203 2287 346.
230 2265 259 2292 7.
284 2256 373 2286 meis
385 2257 455 2287 MS.
473 2265 480 2285 :
504 2264 582 2285 meo
599 2257 663 2295 LB,
678 2264 791 2291 praue.

1540 2178 1592 2199 21.
1616 2168 1723 2200 Anno

957 2220 1008 2243 22.
1033 2211 1334 2251 splendidissimo
1351 2235 1357 2243 .
1377 2235 1384 2243 .
1405 2235 1411 2242 .
1430 2211 1592 2252 Friburgi
1609 2222 1667 2244 om.
1682 2215 1719 2244 D.

925 2255 955 2285 8.
982 2255 1117 2286 honore
1134 2257 1209 2285 LB:
1233 2255 1347 2286 honor
1362 2256 1432 2287 MS.

172 2352 246 2384 346.
273 2363 304 2392 5.
336 2352 559 2394 Franciscus]
584 2352 785 2384 Berckman
811 2352 889 2395 (Ep.

130 2396 203 2434 258.
223 2405 261 2434 14
277 2396 341 2437 11.),
360 2396 443 2427 who
464 2396 536 2427 had
558 2406 638 2427 now
659 2397 765 2436 given
791 2397 892 2427 satis-

131 2438 265 2469 faetion
281 2439 337 2470 for
360 2440 422 2470 the
441 2440 666 2471 transaction
683 2439 892 2471 mentioned

964 2353 1152 2393 (1479—24
1200 2353 1294 2393 Sept.
1355 2354 1464 2392 1537Ὗ,
1512 2363 1531 2384 a
1578 2353 1719 2384 learned

962 2396 1153 2436 physician
1169 2397 1242 2427 and
1259 2395 1415 2427 student.
1456 2397 1513 2427 He
1529 2406 1601 2427 was
1624 2397 1723 2427 Dean

963 2440 1000 2470 of
1041 2440 1103 2470 the
1149 2439 1300 2471 Medica]
1346 2439 1494 2479 Faculty
1530 2442 1566 2470 at
1613 2439 1722 2477 Paris,

131 2482 170 2511 in
188 2481 250 2521 Ep.
267 2483 339 2521 283.
358 2492 419 2521 152
436 2493 506 2522 seq.

174 2524 204 2555 6.
234 2524 402 2566 Reliqua]
425 2526 499 2557 The
522 2528 566 2556 De
588 2528 681 2564 Copia
703 2524 893 2565 published

132 2568 178 2606 by
195 2567 370 2606 Schiirer;
394 2569 436 2599 cf.
460 2569 522 2609 Ep.
540 2578 613 2609 311,
632 2569 753 2599 which
777 2569 808 2599 is
830 2568 893 2599 the

136 2610 384 2650 ‘praeconium
394 2621 530 2643 nouum
544 2613 564 2644 ’.
594 2612 650 2651 By
660 2612 722 2642 the
738 2613 746 2630 ⁶
760 2611 893 2643 instru-

132 2655 296 2684 mentum
310 2653 318 2664 '
356 2655 528 2693 probably
557 2655 588 2686 is
619 2654 794 2686 intended
831 2655 894 2685 the

133 2696 242 2728 index
258 2697 296 2728 of
316 2707 423 2728 seven
445 2707 548 2737 pages
571 2697 729 2737 prefixed
755 2699 793 2728 to
813 2698 894 2728 that

131 2740 281 2771 edition.
341 2740 408 2771 For
441 2740 620 2771 Erasmus'
653 2741 893 2780 appreciation

133 2783 173 2815 of
195 2782 342 2815 Badius‘
366 2784 567 2823 generosity
592 2785 631 2814 in
662 2784 736 2815 this
762 2785 895 2814 matter

133 2827 178 2858 cf.
196 2826 306 2859 Lond.
326 2828 372 2858 vi.
392 2837 445 2865 24,
462 2827 530 2858 LB.
550 2827 642 2867 App.
661 2836 734 2865 242.

180 2880 228 2903 11.
254 2869 297 2901 de
321 2870 426 2911 Asse]
449 2870 584 2901 Badius
608 2869 800 2909 published
833 2868 895 2900 the

133 2913 214 2944 first
231 2913 368 2945 edition
380 2924 426 2944 on
445 2922 484 2953 15
495 2912 620 2945 March
639 2912 734 2955 1513,
745 2912 817 2944 and
833 2912 896 2943 the

132 2957 263 2988 second
280 2967 326 2988 on
346 2968 384 2996 14
401 2958 476 2988 Oct.
496 2957 590 2996 1516.

219 3000 253 3031 A
272 3000 414 3042 Ruella]
439 2999 537 3032 John
554 2999 657 3032 Ruell
677 2999 716 3031 of
735 2999 895 3031 Soissons

966 2483 1103 2522 1508—9‚
1152 2483 1206 2514 On
1223 2483 1285 2514 the
1309 2482 1418 2514 death
1442 2483 1479 2514 of
1498 2483 1556 2513 his
1572 2482 1655 2513 wife
1677 2483 1722 2512 he

962 2526 1045 2558 took
1075 2525 1197 2557 orders
1221 2526 1293 2557 and
1323 2526 1475 2557 devoted
1505 2525 1656 2556 himself
1686 2527 1723 2556 to

964 2569 1081 2609 study‚
1100 2570 1280 2608 receiving
1303 2579 1323 2599 a
1347 2568 1514 2608 Canonry
1536 2569 1576 2599 in
1600 2569 1723 2599 Notre-

963 2613 1084 2644 Dame.
1132 2613 1189 2644 He
1205 2611 1397 2652 published
1420 2622 1439 2642 a
1455 2611 1672 2642 translation
1689 2611 1727 2642 of

964 2655 1195 2686 Dioscorides’
1205 2659 1248 2686 De
1263 2657 1446 2685 medicinali
1455 2657 1593 2695 materia,
1610 2655 1723 2692 Paris,

965 2699 1011 2729 H.
1030 2698 1243 2738 Stephanus,
1261 2708 1301 2736 24
1309 2699 1393 2737 Apr.
1410 2698 1510 2736 1516;
1531 2700 1723 2729 Veterinaria

964 2743 1129 2780 medicina,
1147 2750 1246 2780 1530;
1265 2744 1309 2772 De
1324 2745 1443 2772 natura
1452 2743 1609 2781 stirpium,
1627 2742 1720 2781 1536,

965 2783 1054 2815 both
1070 2785 1117 2823 by
1135 2782 1322 2815 Colinaeus
1336 2796 1343 2821 ;
1369 2784 1440 2815 and
1463 2784 1521 2815 his
1535 2784 1674 2816 edition
1690 2785 1728 2815 of

964 2827 1167 2858 Actuarius'
1193 2830 1236 2858 De
1265 2830 1556 2859 medicamentorum
1580 2831 1726 2866 composi-

967 2873 1044 2901 tione
1069 2870 1242 2910 appeared
1265 2871 1538 2911 posthumously
1563 2872 1603 2903 in
1630 2880 1721 2912 1539.

966 2914 1024 2944 He
1058 2923 1131 2944 was
1168 2914 1356 2954 physician
1387 2916 1424 2946 to
1457 2915 1604 2946 Francis
1633 2924 1657 2952 1,
1688 2916 1725 2945 to

965 2957 1084 2987 whom
1108 2956 1155 2988 all
1182 2957 1239 2988 his
1262 2958 1389 2998 works,
1413 2959 1534 2998 except
1557 2958 1619 2988 the
1645 2959 1725 2989 Dio-

965 3000 1129 3040 scofides,
1146 3010 1203 3031 are
1218 3000 1417 3034 dedicated.
1464 3002 1527 3033 See
1544 3001 1650 3033 NBG.

1743 474 1778 506 ¹5

1741 801 1781 823 20

1744 2025 1782 2046 10
