2010 3417
128 131 224 187 447]
524 135 595 174 ΤΟ
636 135 981 175 LAMBERTUS
1020 136 1319 176 GRUNNIUS
1636 138 1684 176 31
1693 140 1713 176 1

126 243 334 283 obiiciunt.
396 244 504 294 Quid
538 247 677 283 autem
711 245 982 284 inhumanius
1015 259 1140 296 quam
1171 247 1344 285 obiicere
1378 247 1569 298 cuiquam
1599 260 1716 286 suam

126 309 414 357 calamitatem,
446 310 491 348 in
520 323 642 361 quam
673 311 808 349 aliena
837 311 999 349 malicia
1026 311 1320 362 praecipitatus
1348 313 1444 351 est‘?
1500 312 1601 362 Quis
1629 314 1716 351 tam

126 375 310 413 inciuilis
329 377 392 413 est
405 377 451 414 vt
471 375 813 414 claudicationem
835 376 1052 426 opprobret
1074 377 1233 415 homini
1253 377 1320 416 cui
1339 377 1454 416 mula
1473 378 1579 416 calce
1594 378 1717 428 fregit

126 439 307 478 tibiam?
345 439 440 490 quis
467 440 871 490 monophthalmiam
899 441 937 479 ei
967 454 1091 491 quem
1117 441 1161 479 in
1189 441 1299 480 bello
1323 441 1523 481 eluscauit
1551 442 1718 481 hostis?

127 504 221 555 quis
250 505 442 543 morbum
476 505 724 544 comitialem
757 508 827 544 aut
859 505 1015 555 lepram
1046 507 1085 544 ei
1118 520 1241 556 quem
1276 509 1423 545 natura
1456 507 1513 545 sic
1542 506 1718 557 genuit?
1737 513 1795 546 715

127 568 221 619 quis
258 571 541 619 paupertatem
580 570 616 608 ei
654 570 724 619 qui
763 570 974 620 naufragio
1014 584 1100 609 rem
1139 571 1314 610 amisit?
1370 571 1449 619 Qui
1486 585 1581 610 vere
1619 572 1718 610 sunt

127 633 329 682 homines,
363 634 512 673 talium
546 635 795 673 miserentur
827 635 965 685 potius
999 649 1044 674 ac
1078 636 1218 674 fauent
1257 638 1309 684 et,
1344 637 1379 674 si
1417 650 1496 686 qua
1534 639 1715 686 possunt,

127 698 384 748 opitulantur
398 713 408 747 ;
438 701 479 737 et
505 712 585 748 quo
610 699 770 738 malum
796 701 857 738 est
876 699 1066 749 atrocius,
1089 700 1165 738 hoe
1191 700 1422 751 impensius
1450 700 1536 739 illis
1565 702 1716 740 fauent.

128 763 246 811 Quod
281 765 421 802 autem
456 764 736 803 infortunium
769 764 904 803 maius
941 764 1071 815 possit
1107 765 1356 804 adolescenti
1392 765 1526 804 felicis
1562 765 1720 816 ingenii

126 827 308 866 accidere
342 842 468 878 quam
499 829 534 867 si
562 829 608 867 in
637 829 719 867 tale
747 829 856 868 vitae
886 842 1017 879 genus
1046 829 1346 879 protrudatur‘?
1403 831 1513 880 Ergo
1543 831 1578 868 si
1605 830 1720 869 vehe-
1739 838 1798 872 720

126 895 288 932 menter
323 893 579 932 inhumanus
610 895 672 932 est
702 893 774 944 qui
807 894 1083 933 calamitatem
1120 907 1194 944 pro
1229 894 1400 934 crimine
1433 895 1585 943 obiicit,
1622 894 1719 945 quid

127 957 178 995 de
196 957 270 996 illo
289 958 512 997 dicendum
532 961 594 998 est
610 959 680 1009 qui
701 958 861 997 malum
881 959 1100 1008 opprobrat
1121 960 1229 1009 quod
1250 960 1337 1008 ipse
1353 973 1428 999 suo
1447 959 1553 998 vicio
1574 959 1687 998 dedit
1700 961 1721 998 ⁴?

127 1023 270 1060 Veluti
299 1023 334 1061 si
364 1024 582 1074 chirurgus
611 1023 828 1074 imperitus
857 1037 931 1073 per
960 1024 1193 1062 conuicium
1226 1024 1389 1063 luscum
1418 1024 1596 1074 appellet
1625 1037 1721 1063 eum

128 1087 195 1125 cui
228 1088 314 1138 ipse
344 1089 589 1138 perdidisset
621 1089 812 1136 oculum;
855 1091 928 1127 aut
961 1090 997 1127 si
1029 1089 1161 1139 pirata
1189 1090 1434 1129 seruitutem
1464 1090 1630 1128 obiiciat
1657 1089 1721 1127 illi

129 1165 254 1201 quem
293 1166 343 1191 ex
380 1153 509 1192 libero
548 1154 742 1193 traxisset
780 1153 825 1191 in
859 1153 1115 1193 seruitutem.
1183 1155 1329 1193 Nonne
1366 1155 1409 1193 id
1443 1155 1599 1205 optimo
1632 1154 1722 1192 iure
1740 1164 1798 1198 725

129 1217 268 1256 dicant
303 1232 447 1257 omnes
476 1218 697 1269 insignitae
730 1219 946 1257 cuiusdam
979 1219 1261 1269 impudentiae
1295 1233 1392 1269 esse,
1433 1233 1556 1258 suum
1590 1219 1721 1258 scelus

128 1283 173 1321 in
203 1283 333 1322 altero
366 1283 611 1323 criminari?
679 1283 786 1332 Quid
824 1296 946 1332 porro
978 1283 1090 1323 aliud
1125 1285 1196 1323 isti
1228 1285 1394 1334 faciunt,
1430 1285 1499 1335 qui
1533 1284 1722 1335 pessimis

128 1347 287 1387 artibus
318 1349 608 1398 imposuerunt
641 1349 765 1387 aetati
801 1348 992 1398 simplici,
1028 1351 1071 1388 et
1104 1352 1248 1399 postea
1281 1363 1403 1388 suum
1438 1350 1598 1388 crimen
1630 1348 1721 1387 aliis

129 1413 408 1463 exprobrant?

181 1479 253 1516 An
278 1493 362 1517 non
388 1479 454 1517 hic
480 1479 593 1518 vides
620 1492 830 1518 summam
848 1479 1202 1518 inhumanitatem
1229 1493 1324 1518 cum
1352 1493 1517 1518 summa
1540 1479 1722 1517 stulticia
1740 1490 1800 1524 730

128 1543 296 1594 parique
333 1544 594 1595 impudentia
627 1545 922 1583 coniunctam?
991 1545 1043 1584 In
1082 1545 1185 1584 istos
1223 1545 1367 1584 recidit
1405 1544 1649 1594 ignominia,
1681 1546 1722 1582 et

130 1611 271 1648 tamen
303 1609 433 1648 alium
466 1610 616 1649 volunt
648 1609 878 1660 pudescere.
951 1609 1095 1661 Neque
1131 1610 1243 1649 enim
1279 1609 1507 1660 ignominia
1539 1611 1602 1648 est
1635 1609 1722 1647 eius

131 1674 203 1722 qui
232 1674 422 1724 delapsus
450 1677 512 1714 est
539 1675 584 1713 in
613 1675 790 1723 foueam,
821 1674 891 1713 sed
920 1688 1061 1714 eorum
1090 1675 1161 1726 qui
1189 1675 1521 1726 praecipitarunt.
1578 1673 1723 1712 Posuit

131 1741 298 1787 vestem,
321 1741 392 1778 sed
411 1753 487 1778 vos
506 1740 696 1790 coegistis
716 1740 907 1790 accipere.
965 1740 1065 1788 Quis
1084 1753 1269 1789 vnquam
1289 1740 1395 1779 vicio
1413 1739 1538 1778 vertit
1560 1738 1722 1777 homini

132 1806 252 1854 capto
285 1804 394 1855 quod
427 1805 610 1855 profugit
642 1819 665 1843 a
699 1805 876 1855 piratis?
932 1805 995 1843 Ne
1032 1805 1189 1855 piratae
1223 1805 1391 1854 quidem
1425 1805 1518 1854 ipsi,
1551 1803 1721 1854 opinor;

132 1869 280 1907 caeteri
298 1869 560 1919 gratulantur
579 1883 733 1909 omnes,
793 1870 973 1920 Quisque
993 1869 1127 1919 pirata
1146 1872 1208 1908 est
1229 1870 1265 1908 ei
1285 1871 1355 1920 qui
1374 1882 1446 1919 per
1465 1869 1554 1908 vim
1574 1868 1723 1906 adimit

131 1935 293 1973 homini
312 1948 430 1974 suam
454 1935 702 1974 libertatem.
760 1935 824 1984 Et,
849 1935 884 1973 si
909 1935 1046 1985 placet
1073 1935 1213 1974 minus
1241 1935 1392 1974 odiosis
1421 1934 1620 1984 exemplis
1645 1934 1718 1982 vti,

133 2001 168 2038 si
187 2002 303 2039 sutor
323 2001 605 2039 stomachetur
630 2001 674 2039 in
701 2001 938 2051 quempiam
958 2000 1067 2050 quod
1092 2001 1275 2039 calceum
1301 2000 1530 2050 elegantem
1557 1999 1722 2048 quidem

132 2067 202 2105 sed
217 2066 312 2116 pedi
327 2080 412 2105 non
427 2068 722 2117 congruentem
737 2066 894 2113 abiecit,
909 2079 1049 2105 nonne
1064 2066 1211 2105 merito
1231 2066 1488 2116 respondeat,
1512 2065 1722 2114 ‘Teipsum

132 2145 306 2182 accusas,
340 2132 411 2182 qui
441 2132 568 2171 talem
602 2131 783 2170 calceum
820 2131 1032 2170 induxeris
1064 2131 1193 2181 pedi?
1254 2131 1483 2170 Pulchrum
1518 2143 1605 2168 esse
1638 2143 1722 2167 non
1744 2141 1805 2173 740

133 2210 252 2247 nego,
272 2197 343 2235 sed
362 2197 470 2235 mihi
489 2197 638 2235 misere
657 2199 821 2247 torquet
841 2196 1015 2246 pedem.'
1070 2196 1187 2234 Nihil
1213 2197 1324 2235 enim
1344 2197 1458 2234 vetat
1484 2209 1563 2246 quo
1582 2195 1723 2232 minus

131 2263 295 2312 aliquod
323 2263 567 2300 institutum
595 2262 650 2300 sit
679 2275 751 2311 per
779 2275 821 2300 se
849 2262 1112 2312 praeclarum,
1136 2262 1244 2311 quod
1274 2264 1414 2300 tamen
1443 2261 1541 2299 huic
1566 2262 1636 2299 aut
1661 2259 1723 2297 illi

133 2327 188 2366 sit
206 2327 492 2377 perniciosum.

190 2393 248 2431 Vt
284 2392 412 2431 finem
449 2392 608 2440 faciam,
650 2392 715 2430 vir
748 2391 1007 2438 amicissime,
1048 2392 1083 2429 si
1119 2391 1197 2429 tibi
1234 2390 1404 2440 probaui
1441 2402 1604 2428 causam
1642 2389 1723 2426 mei

135 2457 344 2506 Florentii,
377 2459 574 2496 maiorem
605 2458 649 2495 in
682 2457 853 2495 modum
888 2459 929 2495 te
961 2470 1058 2506 rogo
1091 2459 1137 2495 vt
1171 2456 1388 2505 negocium
1418 2455 1494 2492 hoc
1528 2456 1568 2491 et
1599 2466 1722 2503 quam
1743 2464 1801 2498 745

135 2522 347 2562 celerrime
383 2524 424 2560 et
459 2535 583 2572 quam
620 2523 800 2560 maxime
838 2535 889 2559 ex
926 2521 1056 2559 animi
1093 2521 1226 2559 nostri
1264 2519 1468 2558 sententia
1507 2531 1621 2556 cures
1660 2531 1722 2555 ex-

135 2587 399 2639 pediendum.
472 2587 533 2625 De
577 2587 787 2636 impendio
824 2600 876 2624 ne
913 2586 1039 2624 fueris
1077 2585 1290 2630 sollicitus,
1330 2598 1396 2622 me
1441 2583 1722 2621 fideiussorem

135 2653 280 2702 accipe.

190 2717 242 2756 In
278 2716 414 2767 spacio
448 2716 555 2765 quod
588 2715 632 2753 in
661 2716 786 2754 huius
819 2714 1013 2765 epistolae
1046 2714 1153 2752 calce
1185 2726 1324 2752 vacare
1356 2712 1528 2760 videtur,
1564 2712 1723 2762 signaui

1744 1828 1753 1848 κ
1743 1814 1759 1825 Ῐ

1763 1816 1780 1846 ευ

1785 1816 1801 1847 01

653 2819 726 2848 715.
751 2810 915 2840 morbum
934 2811 982 2839 N:
1008 2809 1154 2839 morbus
1168 2810 1211 2839 H.

183 2911 256 2940 749.
265 2899 406 2940 signaui
416 2898 610 2939 quaedam]
618 2898 768 2929 Vischer
778 2898 898 2937 points
964 2896 1083 2928 ferred
1119 2897 1346 2936 presumably
1376 2898 1412 2928 to
1449 2896 1510 2927 the
1543 2898 1551 2912 ‘
1563 2895 1722 2927 defectus

135 2948 198 2976 out
208 2945 290 2975 that
300 2943 400 2974 these
411 2941 896 2979 communications,written
965 2940 1141 2971 natalium
1152 2940 1171 2977 ’‚
1191 2941 1310 2971 which
1328 2941 1358 2970 is
1375 2949 1412 2971 so
1428 2939 1611 2980 explieitly
1626 2939 1720 2970 dealt

137 2989 177 3019 in
201 2988 324 3028 cipher
347 2987 419 3018 and
443 2986 533 3017 with
557 2985 725 3016 invisible
750 2985 824 3024 ink,
844 2994 894 3015 re·
965 2984 1112 3016 within
1129 2984 1193 3024 Ep.
1213 2993 1286 3022 517.
