2010 3417
86 181 185 238 557]
512 184 666 224 FROM
705 181 900 224 BRUNO
934 182 1256 223 AMORBAOH
1595 182 1674 220 513

137 294 256 343 Qvon
284 294 438 332 iterum
465 296 515 340 te,
539 294 776 333 doctissime
803 294 984 342 Erasme‚
1007 296 1231 346 ἀγράμμασι
1257 295 1454 346 γράμμασι
1473 293 1671 341 obtundo,

85 359 238 410 partim
271 359 320 397 fit
351 371 403 396 ne
434 359 657 408 indiligens
686 359 869 398 amicicie
903 362 1040 398 nostre
1071 359 1311 399 obseruator
1338 359 1490 407 videar,
1521 358 1675 409 partim

85 429 132 464 vt
158 440 182 465 a
211 428 252 464 te
272 424 467 463 nonnihil
495 424 730 463 litterarum
758 425 1074 475 importunitate
1103 439 1193 465 mea
1219 427 1499 474 extorqueam.
1555 423 1677 462 Tanti

85 491 199 530 enim
224 493 317 529 tuas
342 489 501 528 litteras
529 489 633 528 facio
654 492 701 528 vt
729 503 781 528 ne
809 490 951 530 Chresi
980 490 1148 540 quidem
1177 490 1325 540 opibus
1352 491 1677 536 commutarem;

86 569 188 607 qua-s
207 569 231 594 a
249 557 290 594 te
316 554 423 592 mihi
449 554 598 592 missas
616 555 743 593 etiam
764 556 852 604 ipso
871 568 971 594 auro
999 555 1182 605 penitius
1210 555 1397 594 recondo.
1459 555 1593 603 Quare
1612 554 1678 593 vel
1699 564 1716 595 5

86 622 162 660 hac
187 633 270 658 vna
301 618 379 670 (re)
413 633 479 658 me
512 620 673 658 affatim
704 620 878 658 diuitem
904 621 1016 666 duco,
1048 621 1083 659 si
1116 620 1269 659 scrinia
1300 620 1385 658 tuis
1412 619 1680 669 politissimis

88 685 217 725 simul
237 686 279 723 et
298 684 594 723 eruditissimis
614 685 765 722 litteris
784 686 990 724 refersero.
1049 685 1125 724 Est
1145 685 1252 734 apud
1272 698 1348 723 nos
1368 685 1493 723 frater
1509 684 1678 734 quidam

86 764 137 789 ex
156 751 266 788 secta
290 762 433 788 eorum
456 763 558 799 quos
578 750 872 789 Franciscanos
890 752 1047 797 vocant,
1071 750 1140 800 qui
1166 752 1306 788 tamen
1333 750 1378 787 in
1399 749 1614 788 Hebraicis
1636 748 1679 786 in

89 816 355 854 Testamento
375 816 446 853 tuo
466 815 711 853 calumniari
730 815 912 863 molitur,
934 816 1076 854 asinus
1095 817 1368 864 prospectum.

143 880 269 919 Volui
280 880 355 918 hec
370 882 411 918 te
431 893 608 918 monere.
661 880 768 918 Nam
783 881 938 919 Beatus
956 882 997 919 et
1011 880 1233 929 Fabricius,
1252 879 1443 918 homines
1464 878 1508 916 in
1528 878 1680 917 litteris
1703 888 1741 910 10

90 945 274 993 maximi,
297 944 342 983 in
362 947 449 983 tam
469 945 608 994 paruis
627 947 668 984 te
688 958 855 984 monere
876 945 1164 995 dedignantur.

491 1095 586 1134 558.
648 1093 781 1134 FROM
814 1093 1031 1134 WILLIAM
1061 1093 1292 1134 WARHAM.

139 1184 326 1220 Deventer
343 1183 420 1218 MS.
439 1193 496 1228 91,
514 1184 538 1219 f.
562 1185 638 1219 108.
1329 1183 1575 1228 Canterbury.

142 1240 214 1275 LB.
233 1241 329 1286 App.
352 1250 428 1275 121.
1268 1249 1313 1283 24
1331 1238 1460 1273 March
1484 1236 1635 1284 (1517).

140 1322 254 1363 [1517‚
285 1322 430 1352 because
468 1321 506 1351 of
531 1320 690 1352 charles’
721 1320 961 1359 approaching
997 1318 1188 1358 departure
1225 1318 1281 1349 for
1318 1318 1440 1358 Spain.
1503 1316 1683 1348 Erasmus'

96 1365 340 1405 expectations
363 1374 422 1396 are
445 1364 579 1403 clearly
602 1364 704 1395 those
727 1363 820 1394 from
844 1363 992 1393 Francis
1014 1372 1029 1393 1
1052 1363 1123 1393 and
1146 1361 1324 1402 charles]

173 1463 450 1495 GVILIELMVS
482 1462 843 1494 CANTVARIENSIS
874 1461 1262 1493 ARCHIEPISCOPVS
1295 1459 1476 1490 ERASMO
1507 1460 1540 1490 S.
1567 1459 1608 1489 D.

151 1545 325 1583 ERASME
344 1543 597 1591 doctissime,
617 1543 777 1581 litteras
804 1541 1019 1592 dignitatis
1043 1543 1139 1580 tuae
1165 1541 1267 1579 Idus
1288 1539 1510 1588 Februarii,
1533 1540 1578 1577 in
1605 1538 1689 1589 qui-

98 1612 175 1650 bus
202 1611 291 1661 ipsa
319 1609 500 1648 ostendit
528 1610 708 1658 quantae
741 1607 821 1646 sibi
852 1620 943 1656 spes
972 1606 1155 1655 vndique
1187 1606 1407 1652 arrideant,
1442 1603 1601 1653 accepi;
1640 1616 1688 1641 ex

101 1690 180 1726 quo
205 1675 358 1714 nuncio
385 1675 547 1713 vtinam
576 1674 698 1723 plene
722 1675 763 1711 et
792 1673 918 1711 solide
944 1674 1041 1710 tuae
1069 1671 1258 1709 felicitati
1287 1670 1484 1720 gratulari
1512 1681 1686 1718 possem,

100 1741 190 1790 ipsa
208 1754 252 1779 re
278 1742 365 1778 tam
391 1739 590 1788 praestita
615 1751 742 1788 quam
768 1738 982 1787 promissa.
1043 1737 1176 1774 Nemo
1202 1737 1265 1773 est
1284 1735 1396 1773 enim
1418 1734 1606 1772 omnium
1626 1734 1691 1771 cui

102 1805 238 1856 magis
261 1804 523 1842 benefactum
549 1804 680 1852 cupio.
743 1802 860 1851 Quod
885 1802 921 1841 si
947 1815 1039 1852 spes
1064 1801 1161 1839 illae
1188 1802 1297 1839 certo
1316 1799 1512 1838 videntur
1538 1811 1690 1837 succes·
1711 1810 1729 1841 5

100 1884 229 1917 surae,
261 1882 346 1907 non
375 1868 591 1907 dissuadeo
622 1868 723 1918 quin
751 1866 979 1906 dominatio
1003 1869 1074 1905 tua
1101 1866 1315 1904 fortunam
1346 1865 1556 1903 fauentem
1587 1877 1691 1902 com-

101 1923 306 1986 plectatur
329 1935 370 1972 et
398 1933 558 1980 foueat3
588 1946 668 1982 qua
693 1932 738 1971 in
766 1945 811 1970 re
837 1931 1110 1982 quodcunque
1133 1930 1331 1976 acciderit,
1361 1929 1488 1967 talem
1510 1929 1598 1979 ipsa
1626 1942 1691 1966 me

100 2013 264 2050 semper
283 1999 517 2048 experietur
536 1999 699 2047 qualem
719 2010 786 2035 me
805 1997 996 2035 futurum
1022 1994 1229 2045 praesenti
1249 2007 1343 2032 sum
1368 1993 1590 2043 pollicitus,
1614 1993 1691 2031 hoc

99 2067 164 2104 est
193 2065 377 2104 amicum
405 2062 665 2101 immobilem
694 2062 738 2100 in
768 2075 891 2100 omne
921 2063 1085 2110 tempus
1119 2062 1158 2099 et
1189 2060 1401 2098 euentum.
1461 2058 1691 2096 Inuitarem

102 2132 151 2170 D.
183 2133 301 2169 tuam
331 2129 382 2168 ad
413 2129 584 2167 celerem
617 2128 800 2166 reditum
830 2127 874 2165 in
905 2125 1114 2176 Angliam‚
1144 2127 1190 2163 vt
1220 2125 1264 2162 in
1295 2124 1371 2162 hoc
1404 2137 1565 2162 secessu
1598 2136 1691 2161 meo
1714 2135 1751 2156 10

102 2210 126 2235 a
155 2196 277 2234 rebus
305 2194 538 2233 forensibus
567 2192 804 2231 dulcissima
832 2191 1128 2230 consuetudine
1158 2193 1231 2228 tua
1263 2189 1347 2227 frui
1377 2202 1551 2238 possem.
1612 2188 1691 2227 Sed

102 2263 240 2300 tantas
270 2273 362 2310 spes
390 2258 692 2307 interrumpere
720 2257 817 2296 nolo
846 2257 1180 2305 occasionemque
1209 2254 1303 2293 dare
1333 2254 1584 2292 amittendae
1611 2253 1690 2291 for-

101 2328 238 2373 tunae,
261 2338 386 2376 quam
414 2324 459 2362 in
488 2337 534 2362 eo
563 2324 625 2361 est
644 2324 691 2361 vt
717 2324 789 2360 tua
809 2321 857 2360 D.
881 2321 1004 2371 plena
1030 2333 1156 2359 manu
1185 2318 1478 2369 apprehendat.
1533 2317 1689 2356 Verum

103 2390 140 2429 si
168 2392 260 2440 post
286 2389 512 2428 discessum
531 2387 740 2436 Principis
767 2386 848 2425 huc
877 2386 1114 2436 respexerit,
1136 2398 1227 2423 mea
1257 2397 1352 2423 cura
1382 2384 1460 2422 erit
1488 2395 1690 2422 secessum

105 2455 258 2494 studiis
276 2454 542 2493 commodum
561 2452 788 2502 prouidere.
1713 2457 1748 2487 ¹5

159 2521 221 2558 De
249 2519 444 2568 pensione
470 2531 554 2556 non
579 2519 640 2555 est
667 2517 773 2566 quod
799 2515 976 2554 sollicita
1001 2516 1069 2554 sit.
1128 2514 1224 2553 Misi
1252 2515 1302 2552 ad
1333 2513 1558 2551 Maruffum
1583 2512 1693 2550 intra

105 2586 312 2624 decimum
345 2584 456 2622 diem
489 2585 597 2621 retro
627 2582 876 2632 proximum,
910 2581 972 2619 vti
1003 2580 1218 2629 pecuniam
1251 2579 1302 2617 ad
1334 2581 1376 2617 te
1405 2577 1691 2616 transmissam

106 2651 290 2688 curaret:
332 2649 404 2698 qui
434 2648 614 2697 suscepit
648 2647 692 2684 in
724 2660 766 2685 se
799 2659 954 2684 munus
986 2643 1299 2683 transmittendi
1331 2643 1423 2681 sine
1453 2643 1620 2680 foenore
1652 2644 1692 2679 et

105 2714 394 2761 diminutione,
428 2713 550 2752 modo
579 2715 619 2750 et
647 2713 780 2750 forma
807 2724 886 2761 qua
915 2711 1024 2748 inter
1052 2710 1099 2748 D.
1129 2712 1245 2747 tuam
1273 2710 1313 2746 et
1343 2708 1480 2757 ipsum
1511 2708 1574 2745 est
1602 2719 1692 2745 con-

227 2811 301 2841 557.
318 2811 349 2841 6.
374 2820 412 2841 re
428 2812 541 2840 addidi
558 2812 665 2845 infine
681 2811 788 2839 Ζίηεαε.
933 2807 1006 2838 558.
1029 2817 1078 2845 17.
1103 2806 1284 2837 trasmissz‘i
1300 2808 1379 2836 MS:
1405 2815 1480 2835 corr.
1497 2807 1560 2835 LB.

151 2900 227 2930 557.
273 2909 304 2937 9.
349 2897 488 2938 asinus]
535 2897 585 2928 Cf.
635 2899 741 2934 Aday.
781 2897 843 2934 264
859 2907 864 2925 :
983 2905 1028 2925 10.
1056 2893 1116 2935 D.]
1140 2893 1193 2925 Cf.
1219 2894 1336 2924 either
1358 2892 1381 2925 l.
1409 2903 1423 2923 1
1450 2903 1489 2923 or
1510 2892 1533 2924 l.
1551 2894 1583 2924 6.
1629 2892 1691 2932 Ep.

108 2946 118 2961 ⁴
131 2943 202 2974 dici
219 2942 365 2973 solitum
382 2943 421 2972 in
436 2951 494 2972 eos
510 2942 572 2980 qui
588 2940 738 2971 ridendo
759 2939 867 2971 titulo
936 2939 1011 2978 387.
1033 2947 1070 2967 12
1088 2937 1263 2968 indicates
1278 2937 1341 2967 the
1358 2936 1475 2967 latter.

107 2986 312 3027 quempiam
328 2983 620 3016 calumniantur?
982 2982 1030 3012 16.
1047 2979 1233 3021 pensione]
1250 2980 1323 3011 The
1334 2980 1532 3019 Aldington
1543 2979 1691 3019 pension

153 3030 226 3060 558.
256 3038 283 3060 1.
310 3027 464 3069 litteras]
488 3027 540 3059 Cf.
560 3027 620 3067 Ep.
641 3036 713 3066 543.
732 3036 757 3058 1.
936 3035 1007 3055 was
1024 3024 1091 3055 due
1108 3026 1144 3055 at
1161 3024 1260 3063 Lady
1276 3024 1376 3063 Day;
1400 3033 1456 3054 see
1473 3023 1534 3063 Ep.
1552 3032 1625 3062 255.

176 3095 282 3114 ALLEx
301 3095 327 3114 11
873 3093 896 3118 L
915 3081 931 3119 1
