2010 3417
42 162 141 216 335]
693 164 762 204 TO
801 163 909 203 LEO
947 164 989 202 X
1585 162 1638 201 83

41 274 151 313 bono
170 273 274 312 bene
294 273 530 313 fortunante
550 273 637 312 Deo
666 273 900 313 incredibili
924 275 997 312 tua
1023 273 1223 322 sapientia
1243 272 1486 322 contigerit;
1515 274 1639 322 atque

40 339 109 378 vel
129 339 181 378 ob
201 339 278 378 hoc
298 339 436 389 ipsum
450 339 584 389 magis
599 341 662 378 est
680 339 844 390 propria
858 338 949 387 tibi,
967 338 1074 389 quod
1094 337 1210 377 illius
1228 350 1399 376 munere
1420 335 1641 387 contigerit

43 406 114 456 qui
135 418 222 443 non
241 405 353 443 fauet
372 404 624 443 immerenti.

98 471 157 510 Vt
192 471 426 510 maximum
465 470 681 508 declararit
724 469 883 508 Iulium
928 471 1041 508 totus
1083 482 1189 518 pene
1232 468 1343 507 orbis
1388 468 1438 507 ad
1482 467 1640 507 bellum

45 536 258 584 excitatus,
283 537 389 574 certe
409 535 610 573 maiorem
629 536 804 573 testatur
824 534 1005 573 Leonem
1025 547 1105 583 pax
1125 533 1213 572 orbi
1233 534 1438 572 restituta.
1478 532 1640 572 Clarius

42 602 180 652 arguit
199 602 317 640 tuam
343 600 688 650 magnitudinem,
711 599 820 649 quod
846 599 1030 648 inclytus
1056 599 1292 637 Lodouicus
1319 598 1550 637 Galliarum
1571 610 1641 636 rex

42 680 88 706 se
109 680 263 716 suaque
283 665 423 704 omnia
440 667 512 703 tuo
539 663 736 703 submisit
763 664 950 711 arbitrio,
971 676 1097 712 quam
1124 663 1238 711 Iulii,
1261 665 1369 713 quod
1390 663 1441 701 ab
1466 676 1513 701 eo
1532 662 1642 701 bello

45 733 182 771 victus
211 733 273 769 est
306 732 378 769 aut
411 731 519 768 certe
547 730 731 768 vexatus.
793 728 924 779 Magis
958 728 1189 766 illustrauit
1222 728 1488 766 autoritatem
1526 730 1641 766 tuam

41 795 332 836 serenissimus
351 794 532 844 Angliae
551 807 635 841 rex,
651 793 877 832 Heinricus
896 793 1022 831 huius
1050 792 1234 831 nominis
1262 794 1440 840 octauus‚
1465 792 1573 842 quod
1602 794 1642 830 te

40 863 186 901 autore
207 860 396 910 deposuit
417 873 539 907 arma,
556 872 679 909 quam
699 858 811 906 Iulii,
830 871 926 896 cum
945 857 1059 896 illius
1078 857 1281 896 instinctu
1302 857 1481 907 suscepit
1501 870 1616 895 arma
1634 871 1642 905 ;

43 928 256 977 propterea
275 925 383 976 quod
409 925 460 963 ad
487 924 783 975 capessendum
809 923 969 962 bellum
995 923 1113 963 facile
1133 923 1325 973 quemuis
1344 922 1499 961 alliciat
1518 922 1643 961 victo·

43 992 128 1031 riae
161 1004 253 1041 spes
287 990 448 1029 nemini
480 1003 567 1029 non
604 989 834 1037 blandiens,
859 990 900 1027 et
928 989 1040 1027 haud
1070 989 1152 1027 scio
1182 1001 1235 1027 an
1264 988 1349 1026 illis
1377 987 1643 1037 potissimum

43 1056 195 1108 quibus
214 1056 389 1095 insidias
407 1056 529 1095 struit
548 1056 725 1094 fortuna.
786 1055 844 1093 At
864 1068 959 1093 vero
979 1054 1136 1092 efficere
1157 1056 1203 1093 vt
1222 1055 1365 1092 tantus
1385 1066 1468 1101 rex,
1490 1053 1576 1090 imo
1596 1054 1643 1092 vt

43 1123 210 1162 iuuenis
228 1122 387 1160 excelso
412 1123 536 1171 atque
562 1121 720 1160 inuicto
745 1120 958 1171 praeditus
984 1119 1138 1167 animo,
1162 1119 1212 1157 ad
1240 1118 1339 1157 haec
1366 1120 1482 1158 tanto
1505 1131 1644 1157 rerum

42 1200 236 1227 successu
264 1187 379 1225 velut
409 1186 608 1235 exultans,
646 1185 865 1225 victoriam
893 1185 978 1223 iam
1009 1186 1162 1223 certam
1191 1184 1357 1223 amittat
1385 1197 1407 1221 e
1436 1183 1641 1231 manibus,

40 1254 169 1303 atque
193 1266 243 1291 ex
271 1252 390 1290 hoste
418 1251 616 1289 acerrimo
645 1250 691 1289 in
718 1263 929 1289 summam
958 1251 1139 1288 transeat
1166 1249 1453 1298 concordiam;
1485 1249 1527 1287 id
1547 1262 1644 1287 vero

44 1318 166 1369 plane
196 1317 432 1356 diuinitatis
460 1316 676 1355 cuiusdam
705 1329 793 1355 esse
822 1315 998 1354 videtur.
1055 1315 1244 1365 Denique
1277 1317 1324 1353 vt
1356 1328 1431 1365 pro
1460 1316 1644 1364 tempore

44 1382 271 1422 necessaria
304 1382 429 1420 fuerit
462 1381 563 1420 Iulii
597 1382 806 1429 seueritas,
834 1383 943 1420 certe
974 1381 1108 1431 magis
1142 1380 1336 1419 salut-aris
1373 1380 1454 1418 fuit
1492 1379 1645 1418 Leonis

43 1447 329 1495 mansuetudo,
372 1447 590 1496 multoque
627 1447 798 1497 propius
834 1446 884 1485 ad
924 1446 1013 1485 eius
1050 1445 1245 1485 accedens
1284 1444 1494 1494 exemplar
1526 1444 1645 1482 cuius

43 1513 182 1553 locum
201 1514 311 1551 inter
330 1512 525 1551 mortales
545 1514 716 1562 occupat
742 1512 959 1551 Romanus
977 1511 1175 1550 Pontifex
1193 1527 1201 1559 ;
1235 1523 1385 1560 nempe
1409 1508 1645 1549 Solomonis

42 1578 159 1618 illius
185 1577 358 1629 pacifici,
383 1577 455 1628 qui
483 1591 557 1617 sua
585 1578 803 1616 concordia
831 1577 993 1616 coelum
1021 1576 1177 1628 pariter
1204 1589 1248 1614 ac
1274 1578 1428 1615 terram
1453 1574 1645 1613 conciliat

42 1646 165 1694 atque
196 1642 466 1694 conglutinat,
501 1643 572 1694 qui
610 1642 829 1682 tolerantia
866 1643 976 1691 vicit,
1014 1656 1101 1681 non
1132 1641 1260 1692 copiis
1276 1655 1286 1689 ;
1326 1641 1397 1691 qui
1430 1639 1644 1679 moriendo

42 1709 332 1759 triumphauit,
354 1708 506 1759 quique
525 1722 611 1747 non
631 1708 810 1747 aliorum
831 1709 1033 1757 sanguine
1057 1707 1137 1746 sibi
1155 1706 1387 1746 vindicauit
1407 1705 1641 1755 imperium,

44 1773 118 1812 sed
139 1786 214 1812 suo
233 1774 434 1823 sanguine
451 1774 571 1812 nobis
591 1787 767 1824 regnum
787 1773 961 1812 coeleste
983 1771 1247 1822 comparauit.

100 1838 284 1876 Proinde
323 1839 481 1888 optimo
530 1839 619 1877 iure
667 1838 746 1877 sibi
782 1837 1015 1888 gratulatur
1059 1837 1168 1876 orbis
1213 1835 1475 1875 Christianus
1517 1834 1644 1873 talem

45 1906 242 1953 Leonem,
264 1905 310 1943 in
325 1905 441 1944 cuius
461 1918 528 1943 ore
548 1904 700 1955 reperit
720 1904 902 1943 mundus
917 1903 1137 1953 plusquam
1153 1901 1348 1940 melleam
1368 1900 1641 1939 dulcedinem.

43 1970 156 2020 Quid
190 1971 303 2008 enim
336 1983 431 2020 pace
464 1970 658 2008 dulcius?
699 1969 941 2019 praesertim
969 1970 1063 2018 post
1091 1967 1358 2018 grauissimos
1386 1978 1431 2004 ac
1460 1965 1644 2003 diutinos

46 2035 252 2074 bellorum
284 2035 503 2083 tumultus,
536 2035 685 2085 quibus
717 2034 826 2073 inter
857 2047 932 2073 nos
966 2033 1266 2072 collidebamur
1293 2031 1498 2069 immensa
1526 2029 1644 2069 Chri-

43 2100 174 2140 stiani
202 2100 416 2150 sanguinis
444 2100 608 2148 iactura,
640 2099 802 2150 ingenti
831 2099 1036 2138 bonarum
1069 2097 1276 2136 mentium
1308 2096 1459 2144 dolore,
1492 2107 1644 2145 magno

45 2166 274 2205 'furcarum
307 2165 470 2214 gaudio.
527 2165 594 2203 Ad
627 2165 763 2215 ipsam
793 2164 919 2203 etiam
947 2164 1116 2202 illorum
1142 2165 1379 2212 temporum
1400 2160 1644 2200 recordatio-

45 2243 143 2269 nem
161 2230 406 2269 inhorrescit
425 2230 604 2269 animus.
651 2230 732 2269 Sed
753 2229 982 2280 cuicunque
1005 2229 1162 2267 malum
1182 2227 1289 2266 illud
1310 2228 1523 2276 acceptum
1544 2225 1645 2264 feret

44 2295 279 2345 posteritas,
300 2295 452 2334 Medici
477 2297 586 2334 certe
606 2294 801 2334 debemus
820 2294 1062 2333 remedium.
1124 2292 1241 2342 Quod
1261 2293 1457 2342 superest,
1479 2290 1645 2330 confidi-

95 2431 165 2460 106.
189 2430 376 2470 contigerit
393 2433 422 2461 A
440 2442 447 2461 :
471 2430 620 2470 contigit
639 2442 671 2462 α.
829 2431 902 2461 106.
923 2432 1031 2469 atque
1047 2429 1122 2461 vel.
1137 2451 1145 2460 .
1160 2452 1168 2460 .
1186 2428 1259 2459 108.
1285 2426 1492 2458 immerenti
1508 2428 1582 2456 adel.
1599 2427 1642 2456 A.

51 2482 122 2503 111.
138 2473 298 2513 inclytus
313 2476 385 2504 aelel.
400 2477 442 2506 A.
534 2484 605 2506 112.
630 2473 723 2505 bello
736 2476 811 2504 add.
827 2476 868 2504 A.
946 2483 1017 2512 113.
1036 2473 1224 2504 illustrant
1236 2483 1269 2502 α.
1352 2480 1423 2509 114.
1445 2469 1643 2500 Heinricus

48 2526 106 2546 om.
123 2518 164 2546 A.
292 2519 361 2548 116.
389 2518 554 2556 quemuis
565 2517 702 2548 alliciat
716 2520 767 2548 A:
785 2517 898 2547 allicit
921 2528 952 2548 α.
1062 2526 1132 2555 117.
1158 2517 1194 2546 et
1208 2514 1304 2545 haud
1323 2537 1329 2544 .
1348 2539 1354 2545 .
1373 2538 1380 2546 .
1403 2514 1472 2543 118.
1498 2512 1644 2542 fortuna

46 2562 121 2589 add.
134 2560 175 2589 A.
270 2560 339 2590 118.
364 2562 490 2592 tantus
505 2571 567 2591 rex
583 2564 613 2591 A
628 2572 635 2593 :
663 2561 794 2600 aliquis
815 2572 846 2592 α.
939 2570 1013 2599 119.
1037 2561 1154 2590 exelso
1170 2570 1200 2589 α.
1317 2567 1388 2596 119.
1413 2556 1458 2587 ad
1475 2556 1562 2586 haec
1578 2577 1586 2585 .
1603 2578 1611 2587 .
1630 2578 1639 2586 .

50 2612 122 2633 120.
149 2601 315 2632 exultans
331 2606 402 2634 add.
420 2605 463 2635 A.
549 2614 622 2635 121.
645 2606 831 2635 transeant
847 2614 876 2634 α.
950 2613 1021 2634 122.
1045 2604 1151 2643 plane
1168 2604 1239 2632 «dcl.
1259 2603 1302 2631 A.
1381 2609 1451 2637 124.
1477 2598 1591 2629 multo
1608 2609 1640 2629 α.

52 2655 123 2684 125.
158 2645 358 2676 Salomonis
381 2657 410 2677 α.
625 2657 696 2686 127.
730 2648 791 2685 qui
815 2647 1007 2678 tolerantia
1031 2670 1037 2677 .
1065 2670 1071 2676 .
1097 2669 1104 2676 .
1148 2655 1219 2683 129.
1253 2643 1474 2682 comparauit
1498 2644 1571 2672 aasz.
1596 2644 1639 2673 A.

52 2698 123 2728 130.
147 2688 301 2719 Proinde
317 2690 449 2728 optimo
467 2694 496 2720 A
512 2701 519 2720 ε
546 2690 689 2730 Optimo
706 2691 827 2729 itaque
843 2701 873 2720 α.
1017 2688 1216 2729 gratulator
1238 2698 1268 2717 α.
1414 2685 1643 2716 Christianus

45 2735 123 2763 add.
140 2735 182 2762 A.
289 2741 360 2770 131.
386 2734 540 2772 repperit
555 2744 586 2763 α.
690 2743 760 2772 133.
792 2734 920 2771 quibus
937 2733 1036 2763 inter
1060 2755 1068 2763 .
1087 2755 1094 2763 .
1115 2755 1123 2762 .
1145 2732 1216 2771 138.
1242 2729 1497 2770 perspeximus,
1517 2729 1569 2759 ita
1586 2730 1642 2759 A:

46 2775 272 2806 Confidimus
294 2778 414 2806 autem
431 2776 593 2806 futurum
610 2778 649 2807 vt
669 2776 758 2806 illud
775 2785 915 2816 quoque
931 2787 961 2808 α.

95 2939 165 2960 111.
181 2928 395 2969 Lodouicus]
413 2927 546 2960 France
559 2929 755 2960 submitted
772 2930 807 2960 to
876 2928 1040 2969 England
1054 2928 1125 2959 and
1138 2928 1272 2959 France
1286 2937 1356 2959 was
1370 2927 1565 2959 concluded
1578 2925 1641 2969 (in

48 2972 119 3003 Leo
135 2973 175 3003 in
191 2973 273 3004 Dec.
296 2982 389 3011 1513.
876 2973 964 3012 Aug.
996 2971 1100 3013 1514>
1124 2972 1278 3003 without
1305 2972 1414 3002 much
1442 2972 1643 3002 considera-

96 3026 165 3055 114.
177 3016 329 3057 Angliae
341 3015 417 3056 rex]
433 3015 521 3046 ‘The
533 3025 636 3056 peace
646 3016 808 3046 between
877 3015 956 3046 tion
973 3015 1010 3046 of
1023 3017 1087 3047 the
1105 3016 1224 3055 Pope.'
1267 3015 1459 3055 Creighton
1476 3016 1521 3046 iv.
1546 3024 1618 3054 199.

808 3082 878 3109 <32

1662 546 1723 569 110

1665 873 1723 906 115

1665 1200 1726 1222 120

1665 1525 1723 1557 125

1666 1848 1728 1880 130
