2010 3417
132 173 233 228 465]
289 175 445 214 FROM
474 174 743 215 WILLIAM
774 174 1046 214 WARHAM
1075 175 1145 214 TO
1173 174 1406 214 THOMAS
1436 173 1592 213 MORE
1646 174 1727 212 345

130 284 326 323 mandaui
346 284 540 324 ministro
559 298 652 324 meo
673 284 855 324 Hem-ico
875 284 1040 335 Ieskyn‚
1064 283 1186 323 latori
1211 283 1502 334 praesentium,
1526 282 1589 321 vti
1612 283 1730 322 adeat

128 349 349 387 dominum
368 349 635 388 Anthonium
656 350 706 388 de
725 349 917 388 Viualdis
941 351 982 387 et
1003 349 1171 388 nomine
1189 362 1282 388 meo
1301 349 1377 388 hoc
1395 348 1613 398 negocium
1634 360 1729 386 cum

127 415 273 453 eodem
292 414 505 465 transigat.

237 479 301 518 Ex
320 480 490 518 aedibus
509 480 615 518 meis
635 481 685 518 de
704 479 850 518 Otford
877 482 922 516 16
944 479 1009 517 die
1030 479 1234 529 Septemb.

370 665 468 704 466.
531 663 662 704 FROM
695 664 899 704 ANDREW
931 665 1184 704 Amioxius
1215 674 1271 704 To
1303 663 1395 703 LEo
1426 664 1480 704 X.

177 763 287 799 Basle
305 763 382 798 MS.
1319 763 1640 810 (westminster.)

175 821 332 856 Vischer
350 833 384 866 p.
404 832 459 866 24.
1282 820 1532 867 (September
1553 821 1676 869 1516.)

173 911 250 953 [An
276 913 473 953 autograph
497 913 543 952 by
566 913 795 952 Ammonius,
823 913 889 944 No.
918 922 931 941 1
957 912 997 942 in
1022 921 1043 942 a
1064 911 1206 942 volume
1235 912 1272 942 of
1294 912 1357 942 the
1383 912 1487 944 Basle
1515 913 1727 952 University

130 955 282 996 Library
312 955 466 987 labelled
499 957 709 987 ‘Variorum
740 956 913 996 epistolae
942 956 988 986 ad
1019 954 1241 987 Erasmum'.
1300 955 1355 986 On
1385 956 1447 986 the
1477 956 1567 987 back
1597 957 1636 986 of
1663 957 1726 987 the

128 1000 353 1040 manuscript
380 1000 598 1031 Ammonius
629 1001 695 1031 has
725 1000 873 1030 written
904 998 1139 1039 ‘Exemplum
1170 999 1375 1030 litterarum
1407 999 1451 1030 ad
1482 999 1693 1030 Pontificem
1705 999 1725 1031 ’.

131 1043 166 1073 It
189 1043 220 1073 is
242 1043 421 1074 therefore
445 1053 466 1074 a
488 1053 586 1084 copy,
613 1046 694 1074 sent
719 1043 773 1073 for
795 1043 963 1074 Erasmus
985 1044 1023 1073 to
1047 1052 1103 1073 see
1128 1042 1199 1073 and
1222 1042 1320 1082 keep,
1349 1042 1388 1073 of
1406 1053 1426 1073 a
1450 1043 1558 1074 letter
1580 1044 1725 1074 written

127 1087 175 1125 by
197 1087 415 1118 Ammonius
441 1088 478 1117 to
506 1087 568 1118 the
597 1087 702 1127 Pope,
728 1087 869 1127 shortly
892 1087 984 1117 after
1011 1086 1189 1117 Erasmus·
1218 1086 1410 1126 departure
1441 1087 1533 1117 from
1558 1087 1723 1127 England

130 1129 189 1169 ref.
207 1130 270 1170 Ep.
290 1131 366 1169 478.
388 1141 440 1169 14,
456 1130 503 1172 5),
521 1131 561 1161 in
579 1131 725 1171 support
741 1130 779 1161 of
792 1131 856 1170 Ep.
872 1130 965 1171 447.]

182 1228 444 1268 BEAT1ssmss
472 1231 599 1280 pater,
632 1231 707 1269 etc.
768 1229 886 1268 Nihil
913 1229 1019 1268 mihi
1053 1229 1138 1268 iam
1167 1229 1325 1279 pridem
1358 1229 1534 1267 occurrit
1561 1231 1728 1280 propter

127 1294 237 1343 quod
265 1296 432 1333 tantum
460 1295 568 1333 mihi
596 1295 848 1334 sumendum
879 1307 966 1333 esse
995 1294 1268 1333 existimarim
1288 1296 1334 1332 vt
1359 1294 1409 1332 ad
1438 1294 1569 1332 istum
1594 1296 1728 1333 vestre

127 1358 359 1398 sanctitatis
384 1359 639 1410 humanique
663 1360 826 1409 generis
851 1359 1008 1410 apicem
1038 1359 1199 1398 litteras
1227 1359 1378 1398 darem.
1438 1359 1561 1398 Nunc
1587 1362 1727 1398 autem

123 1437 198 1462 cur
234 1424 276 1462 id
314 1425 463 1463 faciam
500 1425 609 1463 iusta
646 1425 826 1464 audendi
868 1438 988 1463 causa
1026 1425 1116 1474 cogi
1154 1424 1260 1463 mihi
1297 1424 1453 1472 videor,
1495 1437 1642 1473 nempe
1680 1427 1728 1463 vt

126 1490 358 1538 Erasmum,
381 1491 630 1529 eruditionis
653 1491 896 1529 excellentia
914 1493 1050 1529 vestre
1075 1490 1287 1528 sanctitati
1311 1490 1493 1528 maxime
1516 1503 1725 1528 commen-

121 1551 279 1599 datum,
301 1552 391 1602 ipse
415 1553 553 1599 etiam,
574 1553 683 1603 quod
709 1554 761 1592 ab
783 1554 978 1592 omnibus
1005 1553 1237 1591 litterarum
1267 1552 1464 1592 studiosis
1490 1552 1727 1591 faciendum

122 1629 213 1655 esse
233 1630 388 1664 censeO,
410 1619 802 1658 commendatiorem
821 1618 989 1657 reddere
1013 1631 1145 1666 coner,
1171 1631 1252 1667 quo
1271 1617 1342 1656 ille
1361 1617 1566 1657 sereniore
1584 1617 1726 1655 animo

126 1682 184 1719 rei
203 1682 367 1732 publice
382 1683 580 1723 litterarie
598 1684 731 1734 possit
748 1684 1000 1732 incumbere,
1019 1685 1058 1722 et
1073 1686 1119 1722 vt
1134 1685 1269 1722 vestre
1283 1682 1514 1721 sanctitatis
1528 1681 1726 1721 eternitas

125 1746 251 1785 talem
283 1761 357 1786 suo
394 1749 560 1788 numini
596 1751 764 1800 mysten
795 1749 1115 1788 deuotissimum
1152 1748 1302 1786 habeat
1317 1763 1327 1795 3
1365 1761 1452 1786 non
1485 1747 1594 1796 quod
1627 1746 1726 1785 vllis

126 1811 316 1851 laudibus
345 1826 522 1852 crescere
553 1815 687 1864 magis
716 1816 847 1864 queat,
879 1814 950 1852 sed
980 1814 1088 1863 quod
1118 1813 1293 1851 numina
1321 1813 1430 1851 haud
1460 1812 1612 1850 melius
1639 1811 1726 1850 vlla

126 1876 295 1915 victima
313 1877 509 1917 coluntur
529 1892 653 1928 quam
682 1880 777 1929 puri
805 1879 1053 1929 ingenioque
1082 1878 1262 1916 maxime
1286 1877 1371 1916 Deo
1400 1877 1577 1927 proximi
1597 1889 1723 1915 sacer-

125 1941 235 1980 dotis
263 1941 394 1981 laude,
453 1943 565 1982 Huic
594 1945 732 1982 autem
761 1957 852 1982 mee
881 1944 1028 1983 fiducie
1057 1956 1172 1993 spem
1201 1943 1296 1981 fecit
1322 1943 1465 1981 diuina
1492 1942 1725 1980 sanctitatis

126 2007 260 2045 vestre
288 2006 538 2057 benignitas,
567 2021 670 2058 quae
698 2009 850 2048 vilium
879 2021 1041 2058 quoque
1074 2021 1342 2057 personarum
1379 2007 1568 2057 precibus
1604 2020 1724 2045 aures

126 2070 268 2110 faciles
290 2073 611 2122 accommodare,
634 2075 674 2112 et
693 2074 831 2113 studia
849 2086 934 2112 non
952 2073 1214 2123 indulgentia
1231 2072 1368 2111 solum
1393 2072 1465 2110 sed
1485 2085 1584 2111 auro
1602 2073 1724 2121 atque

126 2137 296 2186 argento
325 2137 465 2176 fouere
502 2138 731 2178 consueuit.
791 2139 908 2188 Quod
941 2141 1083 2177 tamen
1112 2140 1370 2188 postremum
1401 2137 1600 2176 Erasmus
1637 2150 1723 2175 non

125 2200 241 2251 petit,
263 2202 349 2241 sola
372 2202 634 2253 indulgentia
658 2204 808 2243 eximie
833 2205 1077 2251 contentus;
1116 2216 1197 2253 qua
1222 2216 1317 2242 eum
1336 2202 1520 2252 (tametsi
1545 2215 1636 2240 rara
1660 2204 1723 2240 est

127 2279 252 2315 quam
270 2268 469 2318 postulat)
486 2268 636 2308 idcirco
655 2269 952 2319 dignissimum
976 2282 1064 2307 esse
1087 2268 1236 2316 iudico,
1261 2269 1369 2317 quod
1389 2270 1430 2306 et
1449 2267 1536 2317 ipse
1556 2267 1723 2318 ingenio

125 2332 188 2369 est
205 2344 309 2380 raro,
326 2346 403 2372 nec
421 2334 588 2383 aequari
605 2334 868 2373 benificentia
887 2336 1022 2384 potest
1038 2333 1120 2372 nisi
1135 2347 1214 2383 que
1234 2346 1324 2372 rara
1343 2334 1408 2372 sit.
1455 2332 1723 2371 Reuerendus

128 2395 177 2434 D.
209 2397 423 2447 episcopus
442 2399 729 2449 Vigorm‘ensis
753 2402 842 2438 tam
864 2398 981 2437 illius
1010 2412 1136 2448 quam
1165 2412 1280 2437 meas
1307 2411 1446 2448 preces
1472 2400 1567 2436 ante
1587 2397 1723 2435 vestre

127 2460 360 2500 sanctitatis
375 2463 500 2512 pedes
516 2464 684 2503 vberius
705 2467 890 2514 exponet,
912 2465 988 2502 etc.

671 2574 746 2604 465.
768 2583 817 2604 10.
842 2572 973 2603 Oxford
990 2575 1053 2611 ΕΒ,
1069 2582 1178 2610 praue.

174 2682 249 2713 465.
285 2682 315 2712 8.
352 2681 396 2712 de
433 2680 616 2722 Viualdis]
656 2682 689 2712 A
727 2682 888 2713 Genoese
961 2681 1116 2720 VVolsey,
1135 2680 1208 2711 and
1229 2679 1473 2710 ambassadors
1495 2681 1533 2710 to
1553 2679 1603 2710 all
1624 2681 1722 2719 parts

130 2726 328 2764 merchant,
370 2724 499 2756 settled
542 2725 582 2755 in
624 2725 774 2756 London
820 2724 892 2755 and
961 2723 1000 2755 of
1035 2724 1173 2762 Europe
1211 2733 1305 2753 were
1341 2722 1513 2762 provided
1544 2722 1633 2754 with
1663 2723 1721 2753 his

133 2769 250 2807 living
277 2769 316 2799 in
347 2777 428 2807 1522
457 2768 497 2798 in
528 2768 592 2798 the
622 2768 745 2807 parish
778 2767 815 2798 of
839 2768 889 2798 St.
963 2767 1087 2798 letters
1108 2767 1146 2797 of
1164 2766 1288 2797 eredit.
1334 2766 1392 2797 He
1413 2766 1478 2796 left
1494 2766 1661 2806 England
1682 2767 1721 2796 in

133 2811 288 2851 Gabriel,
307 2811 530 2842 Fenchurch.
564 2811 633 2842 His
650 2821 756 2842 name
772 2820 893 2841 occurs
967 2819 1049 2849 1535
1069 2809 1142 2840 and
1162 2808 1333 2840 returned
1349 2811 1385 2840 to
1407 2809 1549 2848 Genoa;
1576 2810 1642 2840 but
1657 2809 1720 2840 the

133 2855 341 2895 frequently
363 2855 403 2885 in
430 2854 574 2885 Brewer
600 2855 693 2885 from
719 2863 806 2893 1509
832 2863 893 2884 on·
962 2853 1133 2884 financial
1164 2853 1274 2884 house
1309 2853 1354 2882 he
1385 2852 1458 2884 had
1488 2853 1649 2884 founded
1681 2853 1721 2883 in

133 2899 261 2930 wards.
310 2898 366 2929 He
386 2908 461 2931 was
481 2898 667 2938 employed
690 2897 828 2937 largely
847 2897 894 2937 by
964 2896 1112 2927 London
1129 2906 1201 2927 was
1218 2895 1291 2927 still
1308 2895 1522 2936 flourishing
1537 2896 1575 2927 in
1595 2905 1688 2935 1545.

1751 486 1789 507 10

1746 1502 1763 1533 5

1745 1826 1785 1847 10
