<?xml version="1.0" encoding="UTF-8"?>
<!DOCTYPE html PUBLIC "-//W3C//DTD XHTML 1.0 Transitional//EN"
    "http://www.w3.org/TR/xhtml1/DTD/xhtml1-transitional.dtd">
<html xmlns="http://www.w3.org/1999/xhtml" xml:lang="en" lang="en">
 <head>
  <title>
</title>
<meta http-equiv="Content-Type" content="text/html;charset=utf-8" />
  <meta name='ocr-system' content='tesseract 3.04.00' />
  <meta name='ocr-capabilities' content='ocr_page ocr_carea ocr_par ocr_line ocrx_word'/>
</head>
<body>
  <div class='ocr_page' id='page_1' title='image "./opusepistolarumd02erasuoft/opusepistolarumd02erasuoft_0142.png"; bbox 0 0 2010 3417; ppageno 0'>
   <div class='ocr_carea' id='block_1_1' title="bbox 354 163 1949 219">
    <p class='ocr_par' dir='ltr' id='par_1_1' title="bbox 354 163 1949 219">
     <span class='ocr_line' id='line_1_1' title="bbox 354 163 1949 219; baseline -0.003 -11"><span class='ocrx_word' id='word_1_1' title='bbox 354 169 433 208; x_wconf 89' lang='grc'>118</span> <span class='ocrx_word' id='word_1_2' title='bbox 819 166 1069 206; x_wconf 83' lang='lat' dir='ltr'><strong>LETTERS</strong></span> <span class='ocrx_word' id='word_1_3' title='bbox 1107 167 1177 207; x_wconf 89' lang='lat' dir='ltr'>OF</span> <span class='ocrx_word' id='word_1_4' title='bbox 1214 166 1482 205; x_wconf 80' lang='lat' dir='ltr'><strong>ERASMUS</strong></span> <span class='ocrx_word' id='word_1_5' title='bbox 1821 163 1949 219; x_wconf 77' lang='lat'><strong>[1515</strong></span> 
     </span>
    </p>
   </div>
   <div class='ocr_carea' id='block_1_2' title="bbox 292 274 1957 1691">
    <p class='ocr_par' dir='ltr' id='par_1_2' title="bbox 292 274 1957 1691">
     <span class='ocr_line' id='line_1_2' title="bbox 353 274 1950 326; baseline -0.002 -10"><span class='ocrx_word' id='word_1_6' title='bbox 353 278 403 317; x_wconf 88' lang='lat' dir='ltr'>ab</span> <span class='ocrx_word' id='word_1_7' title='bbox 431 277 622 325; x_wconf 83' lang='lat' dir='ltr'>inuidiae,</span> <span class='ocrx_word' id='word_1_8' title='bbox 647 289 750 326; x_wconf 85' lang='lat' dir='ltr'>quae</span> <span class='ocrx_word' id='word_1_9' title='bbox 776 288 937 325; x_wconf 90' lang='lat' dir='ltr'>semper</span> <span class='ocrx_word' id='word_1_10' title='bbox 959 274 1141 324; x_wconf 83' lang='lat' dir='ltr'>egregiae</span> <span class='ocrx_word' id='word_1_11' title='bbox 1165 274 1301 313; x_wconf 84' lang='lat' dir='ltr'>laudis</span> <span class='ocrx_word' id='word_1_12' title='bbox 1329 287 1466 313; x_wconf 91' lang='lat' dir='ltr'>comes</span> <span class='ocrx_word' id='word_1_13' title='bbox 1492 287 1580 313; x_wconf 88' lang='lat' dir='ltr'>esse</span> <span class='ocrx_word' id='word_1_14' title='bbox 1602 274 1718 323; x_wconf 87' lang='lat' dir='ltr'>solet,</span> <span class='ocrx_word' id='word_1_15' title='bbox 1740 275 1950 315; x_wconf 76' lang='lat' dir='ltr'>morsibus</span> 
     </span>
     <span class='ocr_line' id='line_1_3' title="bbox 353 337 1951 390; baseline 0 -10"><span class='ocrx_word' id='word_1_16' title='bbox 353 341 594 381; x_wconf 75' lang='lat' dir='ltr'><strong>vindicabit.</strong></span> <span class='ocrx_word' id='word_1_17' title='bbox 653 341 894 390; x_wconf 80' lang='lat' dir='ltr'>Quicunque</span> <span class='ocrx_word' id='word_1_18' title='bbox 914 338 1050 378; x_wconf 88' lang='lat' dir='ltr'>literis</span> <span class='ocrx_word' id='word_1_19' title='bbox 1074 337 1243 388; x_wconf 91' lang='lat' dir='ltr'>pollent,</span> <span class='ocrx_word' id='word_1_20' title='bbox 1265 338 1318 377; x_wconf 87' lang='lat' dir='ltr'>ad</span> <span class='ocrx_word' id='word_1_21' title='bbox 1340 338 1488 378; x_wconf 89' lang='lat' dir='ltr'>vrbem</span> <span class='ocrx_word' id='word_1_22' title='bbox 1507 338 1615 378; x_wconf 89' lang='lat' dir='ltr'>hanc</span> <span class='ocrx_word' id='word_1_23' title='bbox 1634 339 1748 378; x_wconf 82' lang='lat' dir='ltr'>velut</span> <span class='ocrx_word' id='word_1_24' title='bbox 1768 340 1819 379; x_wconf 87' lang='lat' dir='ltr'>ad</span> <span class='ocrx_word' id='word_1_25' title='bbox 1838 341 1951 380; x_wconf 88' lang='lat' dir='ltr'>thea-</span> 
     </span>
     <span class='ocr_line' id='line_1_4' title="bbox 354 402 1951 454; baseline 0 -10"><span class='ocrx_word' id='word_1_26' title='bbox 354 410 468 445; x_wconf 84' lang='lat' dir='ltr'>trum</span> <span class='ocrx_word' id='word_1_27' title='bbox 497 405 720 444; x_wconf 89' lang='lat' dir='ltr'>conuolant</span> <span class='ocrx_word' id='word_1_28' title='bbox 752 404 947 454; x_wconf 76' lang='lat' dir='ltr'>Vndique,</span> <span class='ocrx_word' id='word_1_29' title='bbox 979 403 1052 443; x_wconf 87' lang='lat' dir='ltr'>vbi</span> <span class='ocrx_word' id='word_1_30' title='bbox 1083 416 1169 442; x_wconf 90' lang='lat' dir='ltr'>non</span> <span class='ocrx_word' id='word_1_31' title='bbox 1202 402 1341 442; x_wconf 89' lang='lat' dir='ltr'>solum</span> <span class='ocrx_word' id='word_1_32' title='bbox 1374 403 1552 443; x_wconf 90' lang='lat' dir='ltr'>summis</span> <span class='ocrx_word' id='word_1_33' title='bbox 1580 403 1695 452; x_wconf 88' lang='lat' dir='ltr'>viris,</span> <span class='ocrx_word' id='word_1_34' title='bbox 1724 403 1768 442; x_wconf 90' lang='lat' dir='ltr'>id</span> <span class='ocrx_word' id='word_1_35' title='bbox 1796 406 1858 443; x_wconf 86' lang='lat' dir='ltr'>est</span> <span class='ocrx_word' id='word_1_36' title='bbox 1884 406 1951 445; x_wconf 76' lang='lat' dir='ltr'>tui</span> 
     </span>
     <span class='ocr_line' id='line_1_5' title="bbox 355 468 1949 521; baseline -0.001 -11"><span class='ocrx_word' id='word_1_37' title='bbox 355 471 576 520; x_wconf 84' lang='lat' dir='ltr'>similibus,</span> <span class='ocrx_word' id='word_1_38' title='bbox 596 470 856 521; x_wconf 88' lang='lat' dir='ltr'>amplissima</span> <span class='ocrx_word' id='word_1_39' title='bbox 871 468 1044 508; x_wconf 84' lang='lat' dir='ltr'>virtutis</span> <span class='ocrx_word' id='word_1_40' title='bbox 1063 469 1246 518; x_wconf 87' lang='lat' dir='ltr'>praemia</span> <span class='ocrx_word' id='word_1_41' title='bbox 1263 471 1406 519; x_wconf 87' lang='lat' dir='ltr'>parata</span> <span class='ocrx_word' id='word_1_42' title='bbox 1422 471 1532 517; x_wconf 89' lang='lat' dir='ltr'>sunt,</span> <span class='ocrx_word' id='word_1_43' title='bbox 1551 482 1701 508; x_wconf 85' lang='lat' dir='ltr'>verum</span> <span class='ocrx_word' id='word_1_44' title='bbox 1714 469 1842 508; x_wconf 89' lang='lat' dir='ltr'>etiam</span> <span class='ocrx_word' id='word_1_45' title='bbox 1860 470 1949 509; x_wconf 86' lang='lat' dir='ltr'>vul-</span> 
     </span>
     <span class='ocr_line' id='line_1_6' title="bbox 294 534 1950 587; baseline -0.001 -12"><span class='ocrx_word' id='word_1_46' title='bbox 294 553 334 584; x_wconf 87' lang='lat'>30</span> <span class='ocrx_word' id='word_1_47' title='bbox 352 536 461 587; x_wconf 82' lang='lat' dir='ltr'>garis</span> <span class='ocrx_word' id='word_1_48' title='bbox 493 537 617 575; x_wconf 84' lang='lat' dir='ltr'>notae</span> <span class='ocrx_word' id='word_1_49' title='bbox 645 535 889 575; x_wconf 89' lang='lat' dir='ltr'>hominibus</span> <span class='ocrx_word' id='word_1_50' title='bbox 916 547 1003 573; x_wconf 91' lang='lat' dir='ltr'>non</span> <span class='ocrx_word' id='word_1_51' title='bbox 1030 534 1146 573; x_wconf 87' lang='lat' dir='ltr'>deest</span> <span class='ocrx_word' id='word_1_52' title='bbox 1176 547 1279 573; x_wconf 89' lang='lat' dir='ltr'>suus</span> <span class='ocrx_word' id='word_1_53' title='bbox 1305 534 1448 581; x_wconf 87' lang='lat' dir='ltr'>honos,</span> <span class='ocrx_word' id='word_1_54' title='bbox 1484 547 1564 584; x_wconf 93' lang='lat' dir='ltr'>quo</span> <span class='ocrx_word' id='word_1_55' title='bbox 1593 536 1870 584; x_wconf 88' lang='lat' dir='ltr'>prouocentur</span> <span class='ocrx_word' id='word_1_56' title='bbox 1897 535 1950 574; x_wconf 77' lang='lat' dir='ltr'>ad</span> 
     </span>
     <span class='ocr_line' id='line_1_7' title="bbox 351 598 1950 651; baseline -0.001 -11"><span class='ocrx_word' id='word_1_57' title='bbox 351 601 542 640; x_wconf 84' lang='lat' dir='ltr'>altiorem</span> <span class='ocrx_word' id='word_1_58' title='bbox 562 600 749 651; x_wconf 86' lang='lat' dir='ltr'>gradum.</span> <span class='ocrx_word' id='word_1_59' title='bbox 800 599 909 648; x_wconf 77' lang='lat' dir='ltr'>Quid</span> <span class='ocrx_word' id='word_1_60' title='bbox 929 599 1038 649; x_wconf 91' lang='lat' dir='ltr'>quod</span> <span class='ocrx_word' id='word_1_61' title='bbox 1054 599 1186 638; x_wconf 85' lang='lat' dir='ltr'>Roma</span> <span class='ocrx_word' id='word_1_62' title='bbox 1199 601 1240 638; x_wconf 91' lang='lat' dir='ltr'>te</span> <span class='ocrx_word' id='word_1_63' title='bbox 1255 611 1330 638; x_wconf 87' lang='lat' dir='ltr'>suo</span> <span class='ocrx_word' id='word_1_64' title='bbox 1345 598 1434 637; x_wconf 85' lang='lat' dir='ltr'>iure</span> <span class='ocrx_word' id='word_1_65' title='bbox 1447 598 1578 638; x_wconf 85' lang='lat' dir='ltr'>veluti</span> <span class='ocrx_word' id='word_1_66' title='bbox 1595 611 1720 638; x_wconf 89' lang='lat' dir='ltr'>suum</span> <span class='ocrx_word' id='word_1_67' title='bbox 1739 598 1950 650; x_wconf 80' lang='lat' dir='ltr'>reposcit?</span> 
     </span>
     <span class='ocr_line' id='line_1_8' title="bbox 352 663 1951 717; baseline -0.001 -12"><span class='ocrx_word' id='word_1_68' title='bbox 352 668 392 705; x_wconf 89' lang='lat' dir='ltr'>et</span> <span class='ocrx_word' id='word_1_69' title='bbox 417 679 654 717; x_wconf 83' lang='lat' dir='ltr'>quanquam</span> <span class='ocrx_word' id='word_1_70' title='bbox 677 666 755 705; x_wconf 92' lang='lat' dir='ltr'>hoc</span> <span class='ocrx_word' id='word_1_71' title='bbox 781 665 906 704; x_wconf 89' lang='lat' dir='ltr'>habet</span> <span class='ocrx_word' id='word_1_72' title='bbox 935 678 1030 704; x_wconf 91' lang='lat' dir='ltr'>cum</span> <span class='ocrx_word' id='word_1_73' title='bbox 1058 664 1207 704; x_wconf 90' lang='lat' dir='ltr'>multis</span> <span class='ocrx_word' id='word_1_74' title='bbox 1231 664 1405 705; x_wconf 81' lang='lat' dir='ltr'>vrbibus</span> <span class='ocrx_word' id='word_1_75' title='bbox 1431 677 1666 713; x_wconf 89' lang='lat' dir='ltr'>commune,</span> <span class='ocrx_word' id='word_1_76' title='bbox 1688 663 1951 715; x_wconf 85' lang='lat' dir='ltr'>quemadmo-</span> 
     </span>
     <span class='ocr_line' id='line_1_9' title="bbox 352 728 1954 780; baseline -0.002 -10"><span class='ocrx_word' id='word_1_77' title='bbox 352 732 453 770; x_wconf 91' lang='lat' dir='ltr'>dum</span> <span class='ocrx_word' id='word_1_78' title='bbox 472 731 708 770; x_wconf 86' lang='lat' dir='ltr'>Homerum</span> <span class='ocrx_word' id='word_1_79' title='bbox 731 732 889 780; x_wconf 78' lang='lat' dir='ltr'>septem</span> <span class='ocrx_word' id='word_1_80' title='bbox 912 730 1034 769; x_wconf 79' lang='lat' dir='ltr'>vrbes</span> <span class='ocrx_word' id='word_1_81' title='bbox 1063 729 1142 768; x_wconf 85' lang='lat' dir='ltr'>sibi</span> <span class='ocrx_word' id='word_1_82' title='bbox 1169 730 1358 769; x_wconf 76' lang='lat' dir='ltr'>certatim</span> <span class='ocrx_word' id='word_1_83' title='bbox 1379 729 1668 778; x_wconf 83' lang='lat' dir='ltr'>vendicabant,</span> <span class='ocrx_word' id='word_1_84' title='bbox 1691 731 1830 768; x_wconf 85' lang='lat' dir='ltr'>tamen</span> <span class='ocrx_word' id='word_1_85' title='bbox 1849 728 1954 767; x_wconf 85' lang='lat' dir='ltr'>haec</span> 
     </span>
     <span class='ocr_line' id='line_1_10' title="bbox 352 793 1949 835; baseline -0.002 0"><span class='ocrx_word' id='word_1_86' title='bbox 352 797 451 835; x_wconf 88' lang='lat' dir='ltr'>vrbs</span> <span class='ocrx_word' id='word_1_87' title='bbox 479 796 524 835; x_wconf 91' lang='lat' dir='ltr'>in</span> <span class='ocrx_word' id='word_1_88' title='bbox 552 796 629 835; x_wconf 90' lang='lat' dir='ltr'>hoc</span> <span class='ocrx_word' id='word_1_89' title='bbox 658 795 882 834; x_wconf 85' lang='lat' dir='ltr'>certamine</span> <span class='ocrx_word' id='word_1_90' title='bbox 911 795 1073 834; x_wconf 90' lang='lat' dir='ltr'>nullius</span> <span class='ocrx_word' id='word_1_91' title='bbox 1110 795 1250 834; x_wconf 85' lang='lat' dir='ltr'>studio</span> <span class='ocrx_word' id='word_1_92' title='bbox 1284 807 1450 833; x_wconf 85' lang='lat' dir='ltr'>cessura</span> <span class='ocrx_word' id='word_1_93' title='bbox 1477 794 1653 833; x_wconf 88' lang='lat' dir='ltr'>videtur.</span> <span class='ocrx_word' id='word_1_94' title='bbox 1730 794 1840 833; x_wconf 90' lang='lat' dir='ltr'>Aliis</span> <span class='ocrx_word' id='word_1_95' title='bbox 1865 793 1949 832; x_wconf 83' lang='lat' dir='ltr'>alia</span> 
     </span>
     <span class='ocr_line' id='line_1_11' title="bbox 293 859 1950 912; baseline -0.002 -12"><span class='ocrx_word' id='word_1_96' title='bbox 293 879 332 912; x_wconf 79' lang='lat'>35</span> <span class='ocrx_word' id='word_1_97' title='bbox 351 861 484 912; x_wconf 84' lang='lat' dir='ltr'>patria</span> <span class='ocrx_word' id='word_1_98' title='bbox 509 863 572 900; x_wconf 89' lang='lat' dir='ltr'>est</span> <span class='ocrx_word' id='word_1_99' title='bbox 587 876 598 910; x_wconf 78' lang='lat'><em>3</em></span> <span class='ocrx_word' id='word_1_100' title='bbox 628 861 760 900; x_wconf 86' lang='lat' dir='ltr'>Roma</span> <span class='ocrx_word' id='word_1_101' title='bbox 793 860 1027 900; x_wconf 91' lang='lat' dir='ltr'>communis</span> <span class='ocrx_word' id='word_1_102' title='bbox 1057 859 1318 899; x_wconf 83' lang='lat' dir='ltr'>literatorum</span> <span class='ocrx_word' id='word_1_103' title='bbox 1351 859 1542 898; x_wconf 90' lang='lat' dir='ltr'>omnium</span> <span class='ocrx_word' id='word_1_104' title='bbox 1576 862 1617 898; x_wconf 91' lang='lat' dir='ltr'>et</span> <span class='ocrx_word' id='word_1_105' title='bbox 1647 859 1783 910; x_wconf 85' lang='lat' dir='ltr'>patria</span> <span class='ocrx_word' id='word_1_106' title='bbox 1812 861 1875 898; x_wconf 91' lang='lat' dir='ltr'>est</span> <span class='ocrx_word' id='word_1_107' title='bbox 1907 861 1950 897; x_wconf 88' lang='lat' dir='ltr'>et</span> 
     </span>
     <span class='ocr_line' id='line_1_12' title="bbox 353 923 1951 973; baseline -0.002 -8"><span class='ocrx_word' id='word_1_108' title='bbox 353 927 478 966; x_wconf 84' lang='lat' dir='ltr'>altrix</span> <span class='ocrx_word' id='word_1_109' title='bbox 511 929 554 966; x_wconf 90' lang='lat' dir='ltr'>et</span> <span class='ocrx_word' id='word_1_110' title='bbox 588 927 782 966; x_wconf 86' lang='lat' dir='ltr'>euectrix.</span> <span class='ocrx_word' id='word_1_111' title='bbox 849 925 1118 965; x_wconf 84' lang='lat' dir='ltr'>Contristasti</span> <span class='ocrx_word' id='word_1_112' title='bbox 1155 938 1234 965; x_wconf 92' lang='lat' dir='ltr'>nos</span> <span class='ocrx_word' id='word_1_113' title='bbox 1268 925 1448 964; x_wconf 82' lang='lat' dir='ltr'>discessu</span> <span class='ocrx_word' id='word_1_114' title='bbox 1486 927 1585 973; x_wconf 90' lang='lat' dir='ltr'>tuo;</span> <span class='ocrx_word' id='word_1_115' title='bbox 1622 925 1784 964; x_wconf 82' lang='lat' dir='ltr'>vtinam</span> <span class='ocrx_word' id='word_1_116' title='bbox 1812 923 1951 963; x_wconf 86' lang='lat' dir='ltr'>reditu</span> 
     </span>
     <span class='ocr_line' id='line_1_13' title="bbox 351 991 560 1032; baseline 0.005 -2"><span class='ocrx_word' id='word_1_117' title='bbox 351 991 560 1032; x_wconf 71' lang='lat' dir='ltr'>laetifices</span> 
     </span>
     <span class='ocr_line' id='line_1_14' title="bbox 408 1054 1957 1106; baseline -0.001 -10"><span class='ocrx_word' id='word_1_118' title='bbox 408 1056 525 1105; x_wconf 77' lang='lat' dir='ltr'>Quod</span> <span class='ocrx_word' id='word_1_119' title='bbox 546 1057 694 1096; x_wconf 91' lang='lat' dir='ltr'>diuum</span> <span class='ocrx_word' id='word_1_120' title='bbox 713 1056 1023 1106; x_wconf 89' lang='lat' dir='ltr'>Hieronymum</span> <span class='ocrx_word' id='word_1_121' title='bbox 1047 1055 1324 1095; x_wconf 85' lang='lat' dir='ltr'>emaculatum</span> <span class='ocrx_word' id='word_1_122' title='bbox 1353 1054 1397 1094; x_wconf 93' lang='lat' dir='ltr'>in</span> <span class='ocrx_word' id='word_1_123' title='bbox 1420 1054 1558 1094; x_wconf 92' lang='lat' dir='ltr'>lucem</span> <span class='ocrx_word' id='word_1_124' title='bbox 1577 1055 1791 1102; x_wconf 83' lang='lat' dir='ltr'>reuocasti,</span> <span class='ocrx_word' id='word_1_125' title='bbox 1811 1055 1862 1095; x_wconf 88' lang='lat' dir='ltr'>ad</span> <span class='ocrx_word' id='word_1_126' title='bbox 1881 1068 1957 1094; x_wconf 81' lang='lat' dir='ltr'>me</span> 
     </span>
     <span class='ocr_line' id='line_1_15' title="bbox 353 1120 1953 1172; baseline -0.001 -11"><span class='ocrx_word' id='word_1_127' title='bbox 353 1122 549 1161; x_wconf 89' lang='lat' dir='ltr'>nonnihil</span> <span class='ocrx_word' id='word_1_128' title='bbox 582 1122 753 1162; x_wconf 72' lang='lat' dir='ltr'>videtur</span> <span class='ocrx_word' id='word_1_129' title='bbox 786 1121 973 1167; x_wconf 86' lang='lat' dir='ltr'>attinere,</span> <span class='ocrx_word' id='word_1_130' title='bbox 1007 1122 1077 1172; x_wconf 90' lang='lat' dir='ltr'>qui</span> <span class='ocrx_word' id='word_1_131' title='bbox 1111 1121 1385 1160; x_wconf 83' lang='lat' dir='ltr'>sacerdotium</span> <span class='ocrx_word' id='word_1_132' title='bbox 1420 1133 1516 1159; x_wconf 91' lang='lat' dir='ltr'>cum</span> <span class='ocrx_word' id='word_1_133' title='bbox 1548 1120 1621 1159; x_wconf 87' lang='lat' dir='ltr'>illo</span> <span class='ocrx_word' id='word_1_134' title='bbox 1654 1133 1874 1159; x_wconf 90' lang='lat' dir='ltr'>commune</span> <span class='ocrx_word' id='word_1_135' title='bbox 1903 1120 1953 1159; x_wconf 81' lang='grc'>111</span> 
     </span>
     <span class='ocr_line' id='line_1_16' title="bbox 292 1185 1949 1237; baseline -0.001 -12"><span class='ocrx_word' id='word_1_136' title='bbox 292 1196 336 1229; x_wconf 82' lang='grc'>40</span> <span class='ocrx_word' id='word_1_137' title='bbox 354 1186 543 1226; x_wconf 87' lang='lat' dir='ltr'>Romana</span> <span class='ocrx_word' id='word_1_138' title='bbox 582 1187 766 1226; x_wconf 82' lang='lat' dir='ltr'>Ecclesia</span> <span class='ocrx_word' id='word_1_139' title='bbox 803 1186 980 1226; x_wconf 88' lang='lat' dir='ltr'>obtineo.</span> <span class='ocrx_word' id='word_1_140' title='bbox 1055 1187 1141 1225; x_wconf 86' lang='lat' dir='ltr'>Nae</span> <span class='ocrx_word' id='word_1_141' title='bbox 1173 1189 1218 1226; x_wconf 87' lang='lat' dir='ltr'>tu</span> <span class='ocrx_word' id='word_1_142' title='bbox 1246 1186 1504 1237; x_wconf 90' lang='lat' dir='ltr'>praeclarum</span> <span class='ocrx_word' id='word_1_143' title='bbox 1531 1185 1596 1224; x_wconf 88' lang='lat' dir='ltr'>illi</span> <span class='ocrx_word' id='word_1_144' title='bbox 1627 1186 1949 1224; x_wconf 85' lang='lat' dir='ltr'>monumentum</span> 
     </span>
     <span class='ocr_line' id='line_1_17' title="bbox 352 1250 1957 1302; baseline -0.001 -12"><span class='ocrx_word' id='word_1_145' title='bbox 352 1252 529 1300; x_wconf 81' lang='lat' dir='ltr'>erexisti,</span> <span class='ocrx_word' id='word_1_146' title='bbox 551 1252 615 1291; x_wconf 88' lang='lat' dir='ltr'>tui</span> <span class='ocrx_word' id='word_1_147' title='bbox 635 1265 799 1302; x_wconf 91' lang='lat' dir='ltr'>quoque</span> <span class='ocrx_word' id='word_1_148' title='bbox 820 1251 1003 1290; x_wconf 77' lang='lat' dir='ltr'>nominis</span> <span class='ocrx_word' id='word_1_149' title='bbox 1023 1254 1233 1290; x_wconf 83' lang='lat' dir='ltr'>aeternam</span> <span class='ocrx_word' id='word_1_150' title='bbox 1252 1252 1500 1291; x_wconf 86' lang='lat' dir='ltr'>memoriam</span> <span class='ocrx_word' id='word_1_151' title='bbox 1519 1253 1792 1290; x_wconf 88' lang='lat' dir='ltr'>seruaturum.</span> <span class='ocrx_word' id='word_1_152' title='bbox 1850 1250 1957 1289; x_wconf 81' lang='lat' dir='ltr'>Pro·</span> 
     </span>
     <span class='ocr_line' id='line_1_18' title="bbox 352 1317 1950 1368; baseline -0.001 -13"><span class='ocrx_word' id='word_1_153' title='bbox 352 1317 449 1356; x_wconf 92' lang='lat' dir='ltr'>inde</span> <span class='ocrx_word' id='word_1_154' title='bbox 469 1317 680 1356; x_wconf 86' lang='lat' dir='ltr'>curabitur</span> <span class='ocrx_word' id='word_1_155' title='bbox 698 1319 745 1356; x_wconf 89' lang='lat' dir='ltr'>vt</span> <span class='ocrx_word' id='word_1_156' title='bbox 765 1330 890 1368; x_wconf 86' lang='lat' dir='ltr'>quam</span> <span class='ocrx_word' id='word_1_157' title='bbox 905 1318 1091 1367; x_wconf 91' lang='lat' dir='ltr'>primum</span> <span class='ocrx_word' id='word_1_158' title='bbox 1105 1317 1228 1355; x_wconf 87' lang='lat' dir='ltr'>illum</span> <span class='ocrx_word' id='word_1_159' title='bbox 1248 1317 1370 1356; x_wconf 88' lang='lat' dir='ltr'>nobis</span> <span class='ocrx_word' id='word_1_160' title='bbox 1390 1318 1527 1356; x_wconf 92' lang='lat' dir='ltr'>denuo</span> <span class='ocrx_word' id='word_1_161' title='bbox 1547 1329 1845 1367; x_wconf 89' lang='lat' dir='ltr'>comparemus,</span> <span class='ocrx_word' id='word_1_162' title='bbox 1867 1328 1950 1366; x_wconf 90' lang='lat' dir='ltr'>quo</span> 
     </span>
     <span class='ocr_line' id='line_1_19' title="bbox 351 1381 1954 1433; baseline -0.002 -11"><span class='ocrx_word' id='word_1_163' title='bbox 351 1383 546 1422; x_wconf 82' lang='lat' dir='ltr'>videlicet</span> <span class='ocrx_word' id='word_1_164' title='bbox 565 1383 610 1421; x_wconf 91' lang='lat' dir='ltr'>in</span> <span class='ocrx_word' id='word_1_165' title='bbox 631 1396 678 1422; x_wconf 90' lang='lat' dir='ltr'>eo</span> <span class='ocrx_word' id='word_1_166' title='bbox 696 1384 910 1422; x_wconf 83' lang='lat' dir='ltr'>versantes</span> <span class='ocrx_word' id='word_1_167' title='bbox 929 1384 970 1421; x_wconf 91' lang='lat' dir='ltr'>et</span> <span class='ocrx_word' id='word_1_168' title='bbox 989 1382 1192 1421; x_wconf 87' lang='lat' dir='ltr'>sermonis</span> <span class='ocrx_word' id='word_1_169' title='bbox 1215 1382 1419 1433; x_wconf 87' lang='lat' dir='ltr'>elegantia</span> <span class='ocrx_word' id='word_1_170' title='bbox 1439 1382 1693 1422; x_wconf 83' lang='lat' dir='ltr'>delectemur</span> <span class='ocrx_word' id='word_1_171' title='bbox 1711 1384 1753 1420; x_wconf 90' lang='lat' dir='ltr'>et</span> <span class='ocrx_word' id='word_1_172' title='bbox 1771 1381 1954 1420; x_wconf 81' lang='lat' dir='ltr'>saluber-</span> 
     </span>
     <span class='ocr_line' id='line_1_20' title="bbox 354 1445 1953 1498; baseline -0.003 -11"><span class='ocrx_word' id='word_1_173' title='bbox 354 1449 471 1487; x_wconf 88' lang='lat' dir='ltr'>rimis</span> <span class='ocrx_word' id='word_1_174' title='bbox 499 1448 729 1498; x_wconf 81' lang='lat' dir='ltr'>praeceptis</span> <span class='ocrx_word' id='word_1_175' title='bbox 762 1448 812 1486; x_wconf 86' lang='lat' dir='ltr'>ad</span> <span class='ocrx_word' id='word_1_176' title='bbox 847 1447 1042 1497; x_wconf 85' lang='lat' dir='ltr'>pietatem</span> <span class='ocrx_word' id='word_1_177' title='bbox 1075 1447 1361 1495; x_wconf 87' lang='lat' dir='ltr'>instruamur;</span> <span class='ocrx_word' id='word_1_178' title='bbox 1399 1448 1510 1498; x_wconf 89' lang='lat' dir='ltr'>quod</span> <span class='ocrx_word' id='word_1_179' title='bbox 1538 1447 1702 1487; x_wconf 85' lang='lat' dir='ltr'>vtinam</span> <span class='ocrx_word' id='word_1_180' title='bbox 1729 1445 1953 1497; x_wconf 77' lang='lat' dir='ltr'>aliquando</span> 
     </span>
     <span class='ocr_line' id='line_1_21' title="bbox 292 1512 1950 1563; baseline -0.002 -10"><span class='ocrx_word' id='word_1_181' title='bbox 292 1519 335 1554; x_wconf 83' lang='lat'>45</span> <span class='ocrx_word' id='word_1_182' title='bbox 353 1513 475 1552; x_wconf 86' lang='lat' dir='ltr'>liceat</span> <span class='ocrx_word' id='word_1_183' title='bbox 490 1515 640 1562; x_wconf 88' lang='lat' dir='ltr'>tecum,</span> <span class='ocrx_word' id='word_1_184' title='bbox 662 1513 733 1563; x_wconf 91' lang='lat' dir='ltr'>qui</span> <span class='ocrx_word' id='word_1_185' title='bbox 748 1512 866 1560; x_wconf 90' lang='lat' dir='ltr'>mihi,</span> <span class='ocrx_word' id='word_1_186' title='bbox 885 1526 1016 1563; x_wconf 91' lang='lat' dir='ltr'>quum</span> <span class='ocrx_word' id='word_1_187' title='bbox 1031 1513 1099 1551; x_wconf 89' lang='lat' dir='ltr'>hic</span> <span class='ocrx_word' id='word_1_188' title='bbox 1114 1525 1265 1562; x_wconf 88' lang='lat' dir='ltr'>ageres,</span> <span class='ocrx_word' id='word_1_189' title='bbox 1284 1513 1335 1552; x_wconf 91' lang='lat' dir='ltr'>ad</span> <span class='ocrx_word' id='word_1_190' title='bbox 1351 1513 1517 1551; x_wconf 88' lang='lat' dir='ltr'>dicendi</span> <span class='ocrx_word' id='word_1_191' title='bbox 1532 1512 1771 1551; x_wconf 80' lang='lat' dir='ltr'>facultatem</span> <span class='ocrx_word' id='word_1_192' title='bbox 1784 1513 1950 1550; x_wconf 87' lang='lat' dir='ltr'>tantum</span> 
     </span>
     <span class='ocr_line' id='line_1_22' title="bbox 355 1577 1955 1629; baseline -0.001 -12"><span class='ocrx_word' id='word_1_193' title='bbox 355 1578 554 1629; x_wconf 87' lang='lat' dir='ltr'>aperuisti</span> <span class='ocrx_word' id='word_1_194' title='bbox 592 1579 707 1626; x_wconf 87' lang='lat' dir='ltr'>lucis,</span> <span class='ocrx_word' id='word_1_195' title='bbox 744 1580 949 1628; x_wconf 89' lang='lat' dir='ltr'>quantum</span> <span class='ocrx_word' id='word_1_196' title='bbox 986 1578 1161 1616; x_wconf 88' lang='lat' dir='ltr'>antehac</span> <span class='ocrx_word' id='word_1_197' title='bbox 1198 1577 1249 1616; x_wconf 91' lang='lat' dir='ltr'>ab</span> <span class='ocrx_word' id='word_1_198' title='bbox 1286 1578 1367 1616; x_wconf 88' lang='lat' dir='ltr'>alio</span> <span class='ocrx_word' id='word_1_199' title='bbox 1400 1578 1570 1617; x_wconf 87' lang='lat' dir='ltr'>nemine</span> <span class='ocrx_word' id='word_1_200' title='bbox 1605 1577 1687 1616; x_wconf 84' lang='lat' dir='ltr'>fuit</span> <span class='ocrx_word' id='word_1_201' title='bbox 1723 1579 1955 1616; x_wconf 78' lang='lat' dir='ltr'>ostensum.</span> 
     </span>
     <span class='ocr_line' id='line_1_23' title="bbox 409 1643 1510 1691; baseline 0.001 -9"><span class='ocrx_word' id='word_1_202' title='bbox 409 1644 525 1683; x_wconf 91' lang='lat' dir='ltr'>Bene</span> <span class='ocrx_word' id='word_1_203' title='bbox 543 1643 646 1691; x_wconf 83' lang='lat' dir='ltr'>vale,</span> <span class='ocrx_word' id='word_1_204' title='bbox 669 1644 734 1683; x_wconf 89' lang='lat' dir='ltr'>die</span> <span class='ocrx_word' id='word_1_205' title='bbox 754 1656 878 1682; x_wconf 84' lang='lat' dir='ltr'>XVIII.</span> <span class='ocrx_word' id='word_1_206' title='bbox 904 1643 1005 1682; x_wconf 90' lang='lat' dir='ltr'>Iulii</span> <span class='ocrx_word' id='word_1_207' title='bbox 1023 1644 1151 1682; x_wconf 90' lang='lat' dir='ltr'>Anno</span> <span class='ocrx_word' id='word_1_208' title='bbox 1173 1643 1331 1682; x_wconf 90' lang='lat' dir='ltr'>domini</span> <span class='ocrx_word' id='word_1_209' title='bbox 1349 1655 1510 1683; x_wconf 84' lang='lat' dir='ltr'>M.D.xv.</span> 
     </span>
    </p>
   </div>
   <div class='ocr_carea' id='block_1_3' title="bbox 866 1766 1446 1809">
    <p class='ocr_par' dir='ltr' id='par_1_3' title="bbox 866 1766 1446 1809">
     <span class='ocr_line' id='line_1_24' title="bbox 866 1766 1446 1809; baseline 0 0"><span class='ocrx_word' id='word_1_210' title='bbox 866 1769 965 1809; x_wconf 84' lang='lat'>341.</span> <span class='ocrx_word' id='word_1_211' title='bbox 1025 1766 1089 1808; x_wconf 91' lang='lat' dir='ltr'>To</span> <span class='ocrx_word' id='word_1_212' title='bbox 1119 1778 1210 1808; x_wconf 83' lang='lat' dir='ltr'>THE</span> <span class='ocrx_word' id='word_1_213' title='bbox 1241 1767 1446 1809; x_wconf 80' lang='lat' dir='ltr'>READER.</span> 
     </span>
    </p>
   </div>
   <div class='ocr_carea' id='block_1_4' title="bbox 402 1846 1902 1951">
    <p class='ocr_par' dir='ltr' id='par_1_4' title="bbox 402 1846 1902 1951">
     <span class='ocr_line' id='line_1_25' title="bbox 403 1846 1828 1884; baseline -0.001 0"><span class='ocrx_word' id='word_1_214' title='bbox 403 1849 456 1884; x_wconf 92' lang='lat' dir='ltr'>De</span> <span class='ocrx_word' id='word_1_215' title='bbox 475 1847 751 1884; x_wconf 86' lang='lat' dir='ltr'>constructione</span> <span class='ocrx_word' id='word_1_216' title='bbox 769 1847 813 1882; x_wconf 83' lang='lat' dir='ltr'>f0.</span> <span class='ocrx_word' id='word_1_217' title='bbox 833 1846 880 1882; x_wconf 76' lang='lat' dir='ltr'>a².</span> <span class='ocrx_word' id='word_1_218' title='bbox 1710 1847 1828 1883; x_wconf 86' lang='lat' dir='ltr'>Basle.</span> 
     </span>
     <span class='ocr_line' id='line_1_26' title="bbox 402 1905 1902 1951; baseline -0.001 -10"><span class='ocrx_word' id='word_1_219' title='bbox 402 1907 472 1942; x_wconf 90' lang='lat' dir='ltr'>LB.</span> <span class='ocrx_word' id='word_1_220' title='bbox 491 1906 516 1942; x_wconf 90' lang='lat' dir='ltr'>i.</span> <span class='ocrx_word' id='word_1_221' title='bbox 538 1908 614 1950; x_wconf 87' lang='lat'>167.</span> <span class='ocrx_word' id='word_1_222' title='bbox 1630 1915 1677 1950; x_wconf 86' lang='lat'>30</span> <span class='ocrx_word' id='word_1_223' title='bbox 1693 1905 1782 1951; x_wconf 83' lang='lat' dir='ltr'>July</span> <span class='ocrx_word' id='word_1_224' title='bbox 1802 1914 1902 1951; x_wconf 85' lang='lat'>1515.</span> 
     </span>
    </p>
   </div>
   <div class='ocr_carea' id='block_1_5' title="bbox 355 1974 1956 2321">
    <p class='ocr_par' dir='ltr' id='par_1_5' title="bbox 355 1974 1956 2321">
     <span class='ocr_line' id='line_1_27' title="bbox 402 1974 1954 2018; baseline 0 -11"><span class='ocrx_word' id='word_1_225' title='bbox 402 1977 491 2018; x_wconf 87' lang='lat' dir='ltr'>[The</span> <span class='ocrx_word' id='word_1_226' title='bbox 508 1976 646 2016; x_wconf 87' lang='lat' dir='ltr'>preface</span> <span class='ocrx_word' id='word_1_227' title='bbox 664 1978 700 2006; x_wconf 92' lang='lat' dir='ltr'>to</span> <span class='ocrx_word' id='word_1_228' title='bbox 717 1985 736 2006; x_wconf 89' lang='lat' dir='ltr'>a</span> <span class='ocrx_word' id='word_1_229' title='bbox 751 1975 893 2006; x_wconf 86' lang='lat' dir='ltr'>revised</span> <span class='ocrx_word' id='word_1_230' title='bbox 909 1974 1045 2006; x_wconf 88' lang='lat' dir='ltr'>edition</span> <span class='ocrx_word' id='word_1_231' title='bbox 1063 1975 1121 2016; x_wconf 86' lang='lat' dir='ltr'>(cf.</span> <span class='ocrx_word' id='word_1_232' title='bbox 1141 1975 1163 2006; x_wconf 89' lang='lat' dir='ltr'>l.</span> <span class='ocrx_word' id='word_1_233' title='bbox 1182 1985 1224 2015; x_wconf 86' lang='lat'>29</span> <span class='ocrx_word' id='word_1_234' title='bbox 1241 1975 1295 2015; x_wconf 90' lang='lat' dir='ltr'>n.)</span> <span class='ocrx_word' id='word_1_235' title='bbox 1314 1975 1352 2006; x_wconf 91' lang='lat' dir='ltr'>of</span> <span class='ocrx_word' id='word_1_236' title='bbox 1368 1985 1388 2006; x_wconf 88' lang='lat' dir='ltr'>a</span> <span class='ocrx_word' id='word_1_237' title='bbox 1405 1975 1502 2006; x_wconf 89' lang='lat' dir='ltr'>little</span> <span class='ocrx_word' id='word_1_238' title='bbox 1518 1975 1618 2006; x_wconf 87' lang='lat' dir='ltr'>work</span> <span class='ocrx_word' id='word_1_239' title='bbox 1635 1986 1680 2007; x_wconf 89' lang='lat' dir='ltr'>on</span> <span class='ocrx_word' id='word_1_240' title='bbox 1697 1976 1804 2007; x_wconf 86' lang='lat' dir='ltr'>Latin</span> <span class='ocrx_word' id='word_1_241' title='bbox 1820 1978 1954 2016; x_wconf 84' lang='lat' dir='ltr'>syntax.</span> 
     </span>
     <span class='ocr_line' id='line_1_28' title="bbox 356 2020 1956 2059; baseline 0 -9"><span class='ocrx_word' id='word_1_242' title='bbox 356 2020 511 2051; x_wconf 84' lang='lat' dir='ltr'>entitled</span> <span class='ocrx_word' id='word_1_243' title='bbox 533 2022 794 2050; x_wconf 78' lang='lat' dir='ltr'>Absolutissimus</span> <span class='ocrx_word' id='word_1_244' title='bbox 815 2021 852 2049; x_wconf 86' lang='lat' dir='ltr'>de</span> <span class='ocrx_word' id='word_1_245' title='bbox 875 2022 934 2049; x_wconf 83' lang='lat' dir='ltr'>octo</span> <span class='ocrx_word' id='word_1_246' title='bbox 951 2021 1100 2049; x_wconf 71' lang='lat' dir='ltr'>orationis</span> <span class='ocrx_word' id='word_1_247' title='bbox 1121 2022 1265 2056; x_wconf 78' lang='lat' dir='ltr'>partium</span> <span class='ocrx_word' id='word_1_248' title='bbox 1285 2022 1500 2050; x_wconf 69' lang='lat' dir='ltr'>constructione</span> <span class='ocrx_word' id='word_1_249' title='bbox 1523 2021 1648 2059; x_wconf 79' lang='lat' dir='ltr'>libellus,</span> <span class='ocrx_word' id='word_1_250' title='bbox 1666 2020 1780 2059; x_wconf 85' lang='lat' dir='ltr'>Basle,</span> <span class='ocrx_word' id='word_1_251' title='bbox 1800 2020 1956 2058; x_wconf 76' lang='lat' dir='ltr'>Froben,</span> 
     </span>
     <span class='ocr_line' id='line_1_29' title="bbox 355 2062 1950 2103; baseline 0 -9"><span class='ocrx_word' id='word_1_252' title='bbox 355 2064 444 2102; x_wconf 86' lang='lat' dir='ltr'>Aug.</span> <span class='ocrx_word' id='word_1_253' title='bbox 467 2072 548 2102; x_wconf 85' lang='lat'>1515</span> <span class='ocrx_word' id='word_1_254' title='bbox 564 2063 613 2103; x_wconf 78' lang='lat' dir='ltr'>(a)</span> <span class='ocrx_word' id='word_1_255' title='bbox 631 2074 638 2101; x_wconf 83' lang='lat'><em>3</em></span> <span class='ocrx_word' id='word_1_256' title='bbox 654 2062 870 2101; x_wconf 85' lang='lat' dir='ltr'>concerning</span> <span class='ocrx_word' id='word_1_257' title='bbox 886 2062 948 2092; x_wconf 90' lang='lat' dir='ltr'>the</span> <span class='ocrx_word' id='word_1_258' title='bbox 964 2062 1102 2101; x_wconf 87' lang='lat' dir='ltr'>genesis</span> <span class='ocrx_word' id='word_1_259' title='bbox 1116 2062 1155 2092; x_wconf 88' lang='lat' dir='ltr'>of</span> <span class='ocrx_word' id='word_1_260' title='bbox 1165 2062 1287 2093; x_wconf 85' lang='lat' dir='ltr'>which</span> <span class='ocrx_word' id='word_1_261' title='bbox 1303 2062 1472 2093; x_wconf 85' lang='lat' dir='ltr'>Erasmus</span> <span class='ocrx_word' id='word_1_262' title='bbox 1488 2063 1585 2102; x_wconf 85' lang='lat' dir='ltr'>gives</span> <span class='ocrx_word' id='word_1_263' title='bbox 1600 2063 1686 2094; x_wconf 90' lang='lat' dir='ltr'>here</span> <span class='ocrx_word' id='word_1_264' title='bbox 1698 2073 1795 2094; x_wconf 88' lang='lat' dir='ltr'>some</span> <span class='ocrx_word' id='word_1_265' title='bbox 1811 2063 1950 2094; x_wconf 84' lang='lat' dir='ltr'>details.</span> 
     </span>
     <span class='ocr_line' id='line_1_30' title="bbox 356 2105 1953 2146; baseline 0 -9"><span class='ocrx_word' id='word_1_266' title='bbox 356 2106 403 2137; x_wconf 87' lang='lat' dir='ltr'>In</span> <span class='ocrx_word' id='word_1_267' title='bbox 420 2107 514 2146; x_wconf 89' lang='lat' dir='ltr'>Sept.</span> <span class='ocrx_word' id='word_1_268' title='bbox 536 2115 615 2145; x_wconf 84' lang='lat'><strong>1517</strong></span> <span class='ocrx_word' id='word_1_269' title='bbox 633 2106 770 2136; x_wconf 86' lang='lat' dir='ltr'>Froben</span> <span class='ocrx_word' id='word_1_270' title='bbox 793 2105 984 2144; x_wconf 88' lang='lat' dir='ltr'>published</span> <span class='ocrx_word' id='word_1_271' title='bbox 1001 2115 1021 2135; x_wconf 87' lang='lat' dir='ltr'>a</span> <span class='ocrx_word' id='word_1_272' title='bbox 1036 2115 1117 2136; x_wconf 86' lang='lat' dir='ltr'>new</span> <span class='ocrx_word' id='word_1_273' title='bbox 1134 2105 1271 2136; x_wconf 88' lang='lat' dir='ltr'>edition</span> <span class='ocrx_word' id='word_1_274' title='bbox 1288 2107 1354 2146; x_wconf 86' lang='grc' dir='ltr'>(β),</span> <span class='ocrx_word' id='word_1_275' title='bbox 1371 2107 1511 2137; x_wconf 86' lang='lat' dir='ltr'>revised</span> <span class='ocrx_word' id='word_1_276' title='bbox 1527 2107 1632 2145; x_wconf 84' lang='lat' dir='ltr'>again</span> <span class='ocrx_word' id='word_1_277' title='bbox 1651 2107 1697 2145; x_wconf 88' lang='lat' dir='ltr'>by</span> <span class='ocrx_word' id='word_1_278' title='bbox 1713 2107 1881 2137; x_wconf 87' lang='lat' dir='ltr'>Erasmus</span> <span class='ocrx_word' id='word_1_279' title='bbox 1895 2106 1953 2137; x_wconf 83' lang='lat' dir='ltr'>for</span> 
     </span>
     <span class='ocr_line' id='line_1_31' title="bbox 355 2148 1947 2190; baseline -0.001 -9"><span class='ocrx_word' id='word_1_280' title='bbox 355 2150 415 2181; x_wconf 82' lang='lat' dir='ltr'>his</span> <span class='ocrx_word' id='word_1_281' title='bbox 430 2150 574 2190; x_wconf 84' lang='lat' dir='ltr'>godson,</span> <span class='ocrx_word' id='word_1_282' title='bbox 593 2150 673 2180; x_wconf 90' lang='lat' dir='ltr'>who</span> <span class='ocrx_word' id='word_1_283' title='bbox 690 2150 718 2180; x_wconf 86' lang='lat' dir='ltr'>is</span> <span class='ocrx_word' id='word_1_284' title='bbox 735 2148 851 2188; x_wconf 82' lang='lat' dir='ltr'>styled</span> <span class='ocrx_word' id='word_1_285' title='bbox 867 2149 906 2179; x_wconf 89' lang='lat' dir='ltr'>in</span> <span class='ocrx_word' id='word_1_286' title='bbox 922 2149 1010 2179; x_wconf 90' lang='lat' dir='ltr'>both</span> <span class='ocrx_word' id='word_1_287' title='bbox 1026 2148 1212 2189; x_wconf 87' lang='lat' dir='ltr'>title-page</span> <span class='ocrx_word' id='word_1_288' title='bbox 1229 2149 1300 2180; x_wconf 88' lang='lat' dir='ltr'>and</span> <span class='ocrx_word' id='word_1_289' title='bbox 1316 2149 1488 2189; x_wconf 88' lang='lat' dir='ltr'>colophon</span> <span class='ocrx_word' id='word_1_290' title='bbox 1512 2152 1520 2166; x_wconf 97' lang='lat'>‘</span> <span class='ocrx_word' id='word_1_291' title='bbox 1533 2151 1703 2181; x_wconf 86' lang='lat' dir='ltr'>Erasmus</span> <span class='ocrx_word' id='word_1_292' title='bbox 1720 2150 1917 2180; x_wconf 86' lang='lat' dir='ltr'>Frobenius</span> <span class='ocrx_word' id='word_1_293' title='bbox 1928 2150 1947 2180; x_wconf 83' lang='lat'>’.</span> 
     </span>
     <span class='ocr_line' id='line_1_32' title="bbox 356 2192 1950 2233; baseline -0.001 -9"><span class='ocrx_word' id='word_1_294' title='bbox 356 2194 402 2224; x_wconf 90' lang='lat' dir='ltr'>In</span> <span class='ocrx_word' id='word_1_295' title='bbox 416 2203 436 2224; x_wconf 90' lang='lat' dir='ltr'>a</span> <span class='ocrx_word' id='word_1_296' title='bbox 448 2193 607 2224; x_wconf 82' lang='lat' dir='ltr'>Louvain</span> <span class='ocrx_word' id='word_1_297' title='bbox 621 2193 758 2223; x_wconf 88' lang='lat' dir='ltr'>edition</span> <span class='ocrx_word' id='word_1_298' title='bbox 770 2193 807 2223; x_wconf 86' lang='lat' dir='ltr'>of</span> <span class='ocrx_word' id='word_1_299' title='bbox 817 2192 911 2232; x_wconf 85' lang='lat' dir='ltr'>Sept.</span> <span class='ocrx_word' id='word_1_300' title='bbox 929 2193 1012 2230; x_wconf 90' lang='lat'>1516</span> <span class='ocrx_word' id='word_1_301' title='bbox 1022 2192 1181 2223; x_wconf 87' lang='lat' dir='ltr'>Martens</span> <span class='ocrx_word' id='word_1_302' title='bbox 1191 2192 1375 2232; x_wconf 87' lang='lat' dir='ltr'>reprinted</span> <span class='ocrx_word' id='word_1_303' title='bbox 1387 2193 1461 2224; x_wconf 86' lang='lat' dir='ltr'>this</span> <span class='ocrx_word' id='word_1_304' title='bbox 1474 2193 1613 2233; x_wconf 72' lang='lat' dir='ltr'>pref-ace</span> <span class='ocrx_word' id='word_1_305' title='bbox 1623 2193 1780 2224; x_wconf 86' lang='lat' dir='ltr'>without</span> <span class='ocrx_word' id='word_1_306' title='bbox 1792 2193 1927 2232; x_wconf 88' lang='lat' dir='ltr'>change</span> <span class='ocrx_word' id='word_1_307' title='bbox 1941 2203 1950 2231; x_wconf 85' lang='lat'>;</span> 
     </span>
     <span class='ocr_line' id='line_1_33' title="bbox 356 2235 1952 2275; baseline 0 -8"><span class='ocrx_word' id='word_1_308' title='bbox 356 2237 420 2267; x_wconf 90' lang='lat' dir='ltr'>but</span> <span class='ocrx_word' id='word_1_309' title='bbox 436 2237 476 2267; x_wconf 89' lang='grc'>111</span> <span class='ocrx_word' id='word_1_310' title='bbox 493 2236 644 2267; x_wconf 85' lang='lat' dir='ltr'>another</span> <span class='ocrx_word' id='word_1_311' title='bbox 656 2237 702 2275; x_wconf 91' lang='lat' dir='ltr'>by</span> <span class='ocrx_word' id='word_1_312' title='bbox 718 2236 796 2266; x_wconf 91' lang='lat' dir='ltr'>him</span> <span class='ocrx_word' id='word_1_313' title='bbox 818 2236 856 2265; x_wconf 87' lang='lat' dir='ltr'>of</span> <span class='ocrx_word' id='word_1_314' title='bbox 876 2235 951 2267; x_wconf 89' lang='lat' dir='ltr'>Oct.</span> <span class='ocrx_word' id='word_1_315' title='bbox 975 2245 1057 2274; x_wconf 85' lang='lat'><strong>1523</strong></span> <span class='ocrx_word' id='word_1_316' title='bbox 1082 2235 1134 2275; x_wconf 79' lang='grc' dir='ltr'>(γ)</span> <span class='ocrx_word' id='word_1_317' title='bbox 1159 2235 1262 2266; x_wconf 89' lang='lat' dir='ltr'>there</span> <span class='ocrx_word' id='word_1_318' title='bbox 1279 2237 1309 2266; x_wconf 90' lang='lat' dir='ltr'>is</span> <span class='ocrx_word' id='word_1_319' title='bbox 1325 2245 1372 2266; x_wconf 86' lang='lat' dir='ltr'>an</span> <span class='ocrx_word' id='word_1_320' title='bbox 1387 2236 1559 2267; x_wconf 88' lang='lat' dir='ltr'>omission</span> <span class='ocrx_word' id='word_1_321' title='bbox 1574 2236 1695 2267; x_wconf 88' lang='lat' dir='ltr'>which</span> <span class='ocrx_word' id='word_1_322' title='bbox 1718 2237 1749 2267; x_wconf 90' lang='lat' dir='ltr'>is</span> <span class='ocrx_word' id='word_1_323' title='bbox 1770 2237 1952 2268; x_wconf 86' lang='lat' dir='ltr'>corrected.</span> 
     </span>
     <span class='ocr_line' id='line_1_34' title="bbox 357 2279 1703 2321; baseline -0.001 -10"><span class='ocrx_word' id='word_1_324' title='bbox 357 2281 397 2312; x_wconf 88' lang='lat' dir='ltr'>in</span> <span class='ocrx_word' id='word_1_325' title='bbox 414 2280 474 2311; x_wconf 87' lang='lat' dir='ltr'>the</span> <span class='ocrx_word' id='word_1_326' title='bbox 492 2282 588 2318; x_wconf 74' lang='lat' dir='ltr'>Opera</span> <span class='ocrx_word' id='word_1_327' title='bbox 604 2280 642 2310; x_wconf 88' lang='lat' dir='ltr'>of</span> <span class='ocrx_word' id='word_1_328' title='bbox 657 2288 750 2319; x_wconf 86' lang='lat'>1540,</span> <span class='ocrx_word' id='word_1_329' title='bbox 769 2279 837 2310; x_wconf 90' lang='lat' dir='ltr'>vol.</span> <span class='ocrx_word' id='word_1_330' title='bbox 856 2279 868 2308; x_wconf 89' lang='lat' dir='ltr'>i</span> <span class='ocrx_word' id='word_1_331' title='bbox 887 2280 944 2320; x_wconf 79' lang='grc' dir='ltr'>(δ).</span> <span class='ocrx_word' id='word_1_332' title='bbox 992 2279 1066 2309; x_wconf 89' lang='lat' dir='ltr'>The</span> <span class='ocrx_word' id='word_1_333' title='bbox 1084 2279 1165 2310; x_wconf 87' lang='lat' dir='ltr'>date</span> <span class='ocrx_word' id='word_1_334' title='bbox 1182 2280 1212 2310; x_wconf 90' lang='lat' dir='ltr'>is</span> <span class='ocrx_word' id='word_1_335' title='bbox 1228 2279 1423 2310; x_wconf 88' lang='lat' dir='ltr'>confirmed</span> <span class='ocrx_word' id='word_1_336' title='bbox 1439 2280 1486 2320; x_wconf 90' lang='lat' dir='ltr'>by</span> <span class='ocrx_word' id='word_1_337' title='bbox 1501 2280 1564 2311; x_wconf 85' lang='lat' dir='ltr'>the</span> <span class='ocrx_word' id='word_1_338' title='bbox 1583 2279 1703 2321; x_wconf 68' lang='lat' dir='ltr'>book]</span> 
     </span>
    </p>
   </div>
   <div class='ocr_carea' id='block_1_6' title="bbox 520 2365 1787 2398">
    <p class='ocr_par' dir='ltr' id='par_1_6' title="bbox 520 2365 1787 2398">
     <span class='ocr_line' id='line_1_35' title="bbox 520 2365 1787 2398; baseline 0.002 -2"><span class='ocrx_word' id='word_1_339' title='bbox 520 2366 728 2396; x_wconf 81' lang='lat' dir='ltr'>ERASMVS</span> <span class='ocrx_word' id='word_1_340' title='bbox 758 2365 1093 2396; x_wconf 85' lang='lat' dir='ltr'><strong>ROTERODAMVS</strong></span> <span class='ocrx_word' id='word_1_341' title='bbox 1125 2366 1344 2397; x_wconf 87' lang='lat' dir='ltr'>CANDIDIS</span> <span class='ocrx_word' id='word_1_342' title='bbox 1376 2366 1652 2398; x_wconf 86' lang='lat' dir='ltr'>LECTORIBVS</span> <span class='ocrx_word' id='word_1_343' title='bbox 1683 2367 1717 2398; x_wconf 89' lang='lat' dir='ltr'>S.</span> <span class='ocrx_word' id='word_1_344' title='bbox 1744 2367 1787 2398; x_wconf 88' lang='lat' dir='ltr'>D.</span> 
     </span>
    </p>
   </div>
   <div class='ocr_carea' id='block_1_7' title="bbox 319 2435 1979 2816">
    <p class='ocr_par' dir='ltr' id='par_1_7' title="bbox 357 2435 1979 2684">
     <span class='ocr_line' id='line_1_36' title="bbox 409 2435 1954 2487; baseline 0.001 -12"><span class='ocrx_word' id='word_1_345' title='bbox 409 2437 510 2476; x_wconf 82' lang='lat' dir='ltr'>IPSA</span> <span class='ocrx_word' id='word_1_346' title='bbox 542 2450 586 2475; x_wconf 88' lang='lat' dir='ltr'>re</span> <span class='ocrx_word' id='word_1_347' title='bbox 625 2435 828 2486; x_wconf 86' lang='lat' dir='ltr'>comperio</span> <span class='ocrx_word' id='word_1_348' title='bbox 861 2448 1009 2474; x_wconf 88' lang='lat' dir='ltr'>verum</span> <span class='ocrx_word' id='word_1_349' title='bbox 1041 2448 1127 2474; x_wconf 90' lang='lat' dir='ltr'>esse</span> <span class='ocrx_word' id='word_1_350' title='bbox 1167 2437 1275 2486; x_wconf 92' lang='lat' dir='ltr'>quod</span> <span class='ocrx_word' id='word_1_351' title='bbox 1308 2435 1410 2475; x_wconf 91' lang='lat' dir='ltr'>olim</span> <span class='ocrx_word' id='word_1_352' title='bbox 1443 2437 1694 2476; x_wconf 85' lang='lat' dir='ltr'>Graecorum</span> <span class='ocrx_word' id='word_1_353' title='bbox 1731 2437 1954 2487; x_wconf 90' lang='lat' dir='ltr'>prouerbio·</span> 
     </span>
     <span class='ocr_line' id='line_1_37' title="bbox 357 2501 1951 2553; baseline 0 -12"><span class='ocrx_word' id='word_1_354' title='bbox 357 2502 515 2542; x_wconf 86' lang='lat' dir='ltr'>dictum</span> <span class='ocrx_word' id='word_1_355' title='bbox 546 2503 620 2549; x_wconf 90' lang='lat' dir='ltr'>est,</span> <span class='ocrx_word' id='word_1_356' title='bbox 645 2501 753 2539; x_wconf 81' lang='grc' dir='ltr'>εὔνοι’</span> <span class='ocrx_word' id='word_1_357' title='bbox 777 2502 925 2550; x_wconf 79' lang='grc' dir='ltr'>ἄκαιρος</span> <span class='ocrx_word' id='word_1_358' title='bbox 949 2501 1053 2539; x_wconf 79' lang='grc' dir='ltr'>οὐδὲν</span> <span class='ocrx_word' id='word_1_359' title='bbox 1079 2501 1212 2552; x_wconf 84' lang='grc' dir='ltr'>ἔχθρας</span> <span class='ocrx_word' id='word_1_360' title='bbox 1232 2501 1408 2551; x_wconf 87' lang='grc' dir='ltr'>διαφέρει.</span> <span class='ocrx_word' id='word_1_361' title='bbox 1467 2502 1598 2541; x_wconf 91' lang='lat' dir='ltr'>Video</span> <span class='ocrx_word' id='word_1_362' title='bbox 1620 2502 1777 2553; x_wconf 87' lang='lat' dir='ltr'>passim</span> <span class='ocrx_word' id='word_1_363' title='bbox 1800 2502 1951 2541; x_wconf 84' lang='lat' dir='ltr'>exoriri</span> 
     </span>
     <span class='ocr_line' id='line_1_38' title="bbox 359 2565 1952 2618; baseline -0.001 -12"><span class='ocrx_word' id='word_1_364' title='bbox 359 2568 441 2607; x_wconf 91' lang='lat' dir='ltr'>mei</span> <span class='ocrx_word' id='word_1_365' title='bbox 460 2566 644 2605; x_wconf 86' lang='lat' dir='ltr'>nominis</span> <span class='ocrx_word' id='word_1_366' title='bbox 661 2569 701 2605; x_wconf 89' lang='lat' dir='ltr'>et</span> <span class='ocrx_word' id='word_1_367' title='bbox 719 2579 844 2617; x_wconf 91' lang='lat' dir='ltr'>quam</span> <span class='ocrx_word' id='word_1_368' title='bbox 859 2565 945 2616; x_wconf 89' lang='lat' dir='ltr'>ipse</span> <span class='ocrx_word' id='word_1_369' title='bbox 959 2566 1089 2605; x_wconf 78' lang='lat' dir='ltr'>velim</span> <span class='ocrx_word' id='word_1_370' title='bbox 1104 2566 1383 2615; x_wconf 88' lang='lat' dir='ltr'>studiosiores,</span> <span class='ocrx_word' id='word_1_371' title='bbox 1399 2567 1469 2618; x_wconf 88' lang='lat' dir='ltr'>qui</span> <span class='ocrx_word' id='word_1_372' title='bbox 1488 2567 1617 2606; x_wconf 89' lang='lat' dir='ltr'>libros</span> <span class='ocrx_word' id='word_1_373' title='bbox 1636 2568 1741 2607; x_wconf 86' lang='lat' dir='ltr'>mihi</span> <span class='ocrx_word' id='word_1_374' title='bbox 1760 2569 1952 2607; x_wconf 85' lang='lat' dir='ltr'>asserunt</span> 
     </span>
     <span class='ocr_line' id='line_1_39' title="bbox 357 2631 1979 2684; baseline -0.002 -12"><span class='ocrx_word' id='word_1_375' title='bbox 357 2646 460 2683; x_wconf 89' lang='lat' dir='ltr'>quos</span> <span class='ocrx_word' id='word_1_376' title='bbox 489 2634 560 2671; x_wconf 88' lang='lat' dir='ltr'>aut</span> <span class='ocrx_word' id='word_1_377' title='bbox 593 2645 679 2671; x_wconf 92' lang='lat' dir='ltr'>non</span> <span class='ocrx_word' id='word_1_378' title='bbox 711 2631 866 2682; x_wconf 89' lang='lat' dir='ltr'>scripsi,</span> <span class='ocrx_word' id='word_1_379' title='bbox 895 2633 969 2670; x_wconf 89' lang='lat' dir='ltr'>aut</span> <span class='ocrx_word' id='word_1_380' title='bbox 1002 2634 1110 2671; x_wconf 88' lang='lat' dir='ltr'>certe</span> <span class='ocrx_word' id='word_1_381' title='bbox 1147 2645 1235 2671; x_wconf 91' lang='lat' dir='ltr'>non</span> <span class='ocrx_word' id='word_1_382' title='bbox 1264 2632 1308 2671; x_wconf 87' lang='lat' dir='ltr'>in</span> <span class='ocrx_word' id='word_1_383' title='bbox 1338 2633 1416 2671; x_wconf 90' lang='lat' dir='ltr'>hoc</span> <span class='ocrx_word' id='word_1_384' title='bbox 1446 2633 1591 2684; x_wconf 88' lang='lat' dir='ltr'>scripsi</span> <span class='ocrx_word' id='word_1_385' title='bbox 1620 2636 1666 2672; x_wconf 90' lang='lat' dir='ltr'>vt</span> <span class='ocrx_word' id='word_1_386' title='bbox 1695 2634 1948 2673; x_wconf 88' lang='lat' dir='ltr'>aederentur.</span> <span class='ocrx_word' id='word_1_387' title='bbox 1976 2667 1979 2669; x_wconf 74' lang='grc'><strong>,</strong></span> 
     </span>
    </p>

    <p class='ocr_par' dir='ltr' id='par_1_8' title="bbox 319 2698 1953 2816">
     <span class='ocr_line' id='line_1_40' title="bbox 319 2698 1953 2747; baseline -0.001 -10"><span class='ocrx_word' id='word_1_388' title='bbox 319 2710 338 2742; x_wconf 86' lang='lat'>5</span> <span class='ocrx_word' id='word_1_389' title='bbox 356 2699 486 2737; x_wconf 90' lang='lat' dir='ltr'>Vetus</span> <span class='ocrx_word' id='word_1_390' title='bbox 506 2698 572 2736; x_wconf 89' lang='lat' dir='ltr'>hic</span> <span class='ocrx_word' id='word_1_391' title='bbox 588 2711 679 2737; x_wconf 89' lang='lat' dir='ltr'>mos</span> <span class='ocrx_word' id='word_1_392' title='bbox 693 2698 973 2736; x_wconf 89' lang='lat' dir='ltr'>studiosorum</span> <span class='ocrx_word' id='word_1_393' title='bbox 988 2698 1222 2747; x_wconf 87' lang='lat' dir='ltr'>hominum,</span> <span class='ocrx_word' id='word_1_394' title='bbox 1238 2700 1286 2737; x_wconf 86' lang='lat' dir='ltr'>vt</span> <span class='ocrx_word' id='word_1_395' title='bbox 1302 2712 1445 2737; x_wconf 88' lang='lat' dir='ltr'>omnes</span> <span class='ocrx_word' id='word_1_396' title='bbox 1461 2699 1592 2738; x_wconf 90' lang='lat' dir='ltr'>animi</span> <span class='ocrx_word' id='word_1_397' title='bbox 1610 2699 1779 2738; x_wconf 86' lang='lat' dir='ltr'>affectus</span> <span class='ocrx_word' id='word_1_398' title='bbox 1797 2698 1953 2738; x_wconf 86' lang='lat' dir='ltr'>chartis</span> 
     </span>
     <span class='ocr_line' id='line_1_41' title="bbox 358 2763 1950 2816; baseline 0 -15"><span class='ocrx_word' id='word_1_399' title='bbox 358 2776 430 2801; x_wconf 90' lang='lat' dir='ltr'>ceu</span> <span class='ocrx_word' id='word_1_400' title='bbox 468 2763 573 2811; x_wconf 83' lang='lat' dir='ltr'>fidis,</span> <span class='ocrx_word' id='word_1_401' title='bbox 606 2765 652 2801; x_wconf 92' lang='lat' dir='ltr'>vt</span> <span class='ocrx_word' id='word_1_402' title='bbox 685 2763 744 2801; x_wconf 85' lang='lat' dir='ltr'>ait</span> <span class='ocrx_word' id='word_1_403' title='bbox 783 2763 965 2810; x_wconf 88' lang='lat' dir='ltr'>Flaccus,</span> <span class='ocrx_word' id='word_1_404' title='bbox 1001 2763 1207 2802; x_wconf 81' lang='lat' dir='ltr'>sodalibus</span> <span class='ocrx_word' id='word_1_405' title='bbox 1241 2763 1516 2803; x_wconf 87' lang='lat' dir='ltr'>committant.</span> <span class='ocrx_word' id='word_1_406' title='bbox 1575 2765 1718 2816; x_wconf 91' lang='lat' dir='ltr'>Neque</span> <span class='ocrx_word' id='word_1_407' title='bbox 1758 2764 1950 2815; x_wconf 88' lang='lat' dir='ltr'>protinus</span> 
     </span>
    </p>
   </div>
   <div class='ocr_carea' id='block_1_8' title="bbox 934 2849 1365 2890">
    <p class='ocr_par' dir='ltr' id='par_1_9' title="bbox 934 2849 1365 2890">
     <span class='ocr_line' id='line_1_42' title="bbox 934 2849 1365 2890; baseline 0.005 -11"><span class='ocrx_word' id='word_1_408' title='bbox 934 2849 1009 2881; x_wconf 79' lang='lat'>341.</span> <span class='ocrx_word' id='word_1_409' title='bbox 1034 2850 1064 2880; x_wconf 89' lang='lat'>6.</span> <span class='ocrx_word' id='word_1_410' title='bbox 1091 2858 1153 2881; x_wconf 85' lang='lat' dir='ltr'>ceu</span> <span class='ocrx_word' id='word_1_411' title='bbox 1167 2861 1230 2890; x_wconf 75' lang='lat'>&lt;²7³</span> <span class='ocrx_word' id='word_1_412' title='bbox 1254 2859 1316 2880; x_wconf 87' lang='lat' dir='ltr'>seu</span> <span class='ocrx_word' id='word_1_413' title='bbox 1331 2851 1365 2884; x_wconf 87' lang='grc' dir='ltr'>β.</span> 
     </span>
    </p>
   </div>
   <div class='ocr_carea' id='block_1_9' title="bbox 360 2925 1830 3054">
    <p class='ocr_par' dir='ltr' id='par_1_10' title="bbox 360 2925 1830 3054">
     <span class='ocr_line' id='line_1_43' title="bbox 403 2925 1760 2966; baseline 0.003 -13"><span class='ocrx_word' id='word_1_414' title='bbox 403 2925 476 2954; x_wconf 74' lang='grc'>340.</span> <span class='ocrx_word' id='word_1_415' title='bbox 494 2935 545 2963; x_wconf 82' lang='grc'>39.</span> <span class='ocrx_word' id='word_1_416' title='bbox 563 2925 816 2966; x_wconf 81' lang='lat' dir='ltr'>sacerdotium]</span> <span class='ocrx_word' id='word_1_417' title='bbox 843 2927 876 2958; x_wconf 89' lang='lat' dir='ltr'>S.</span> <span class='ocrx_word' id='word_1_418' title='bbox 902 2926 1058 2957; x_wconf 86' lang='lat' dir='ltr'>Lorenzo</span> <span class='ocrx_word' id='word_1_419' title='bbox 1082 2927 1121 2957; x_wconf 84' lang='grc'>111</span> <span class='ocrx_word' id='word_1_420' title='bbox 1189 2926 1376 2958; x_wconf 80' lang='lat' dir='ltr'>ciaconius</span> <span class='ocrx_word' id='word_1_421' title='bbox 1400 2927 1423 2958; x_wconf 87' lang='lat' dir='ltr'>i.</span> <span class='ocrx_word' id='word_1_422' title='bbox 1448 2936 1512 2966; x_wconf 82' lang='lat'>253</span> <span class='ocrx_word' id='word_1_423' title='bbox 1535 2926 1606 2958; x_wconf 84' lang='lat' dir='ltr'>and</span> <span class='ocrx_word' id='word_1_424' title='bbox 1629 2927 1680 2958; x_wconf 87' lang='lat' dir='ltr'>iii.</span> <span class='ocrx_word' id='word_1_425' title='bbox 1708 2937 1760 2965; x_wconf 92' lang='lat'>70.</span> 
     </span>
     <span class='ocr_line' id='line_1_44' title="bbox 360 2967 1830 3010; baseline 0.002 -13"><span class='ocrx_word' id='word_1_426' title='bbox 360 2967 522 3006; x_wconf 83' lang='lat' dir='ltr'>Damaso,</span> <span class='ocrx_word' id='word_1_427' title='bbox 550 2969 588 2998; x_wconf 88' lang='lat' dir='ltr'>of</span> <span class='ocrx_word' id='word_1_428' title='bbox 608 2969 728 3000; x_wconf 78' lang='lat' dir='ltr'>which</span> <span class='ocrx_word' id='word_1_429' title='bbox 753 2969 895 3000; x_wconf 85' lang='lat' dir='ltr'>Jerome</span> <span class='ocrx_word' id='word_1_430' title='bbox 925 2970 955 3000; x_wconf 85' lang='lat' dir='ltr'>is</span> <span class='ocrx_word' id='word_1_431' title='bbox 982 2969 1059 3001; x_wconf 85' lang='lat' dir='ltr'>said</span> <span class='ocrx_word' id='word_1_432' title='bbox 1084 2972 1120 3000; x_wconf 92' lang='lat' dir='ltr'>to</span> <span class='ocrx_word' id='word_1_433' title='bbox 1208 2979 1260 3008; x_wconf 83' lang='lat'>45.</span> <span class='ocrx_word' id='word_1_434' title='bbox 1287 2969 1448 3010; x_wconf 89' lang='lat' dir='ltr'>dicendi]</span> <span class='ocrx_word' id='word_1_435' title='bbox 1466 2971 1518 3002; x_wconf 82' lang='lat' dir='ltr'>Cf.</span> <span class='ocrx_word' id='word_1_436' title='bbox 1537 2970 1599 3010; x_wconf 91' lang='lat' dir='ltr'>Ep.</span> <span class='ocrx_word' id='word_1_437' title='bbox 1620 2979 1684 3010; x_wconf 83' lang='lat'>333</span> <span class='ocrx_word' id='word_1_438' title='bbox 1700 2969 1830 3001; x_wconf 86' lang='lat' dir='ltr'>introd.</span> 
     </span>
     <span class='ocr_line' id='line_1_45' title="bbox 360 3011 1826 3054; baseline 0.001 -12"><span class='ocrx_word' id='word_1_439' title='bbox 360 3011 451 3042; x_wconf 83' lang='lat' dir='ltr'>have</span> <span class='ocrx_word' id='word_1_440' title='bbox 501 3011 590 3042; x_wconf 86' lang='lat' dir='ltr'>been</span> <span class='ocrx_word' id='word_1_441' title='bbox 646 3012 814 3043; x_wconf 82' lang='lat' dir='ltr'>cardinal</span> <span class='ocrx_word' id='word_1_442' title='bbox 860 3013 977 3044; x_wconf 85' lang='lat' dir='ltr'>Priest</span> <span class='ocrx_word' id='word_1_443' title='bbox 1003 3024 1012 3052; x_wconf 88' lang='lat'>;</span> <span class='ocrx_word' id='word_1_444' title='bbox 1064 3022 1120 3043; x_wconf 88' lang='lat' dir='ltr'>see</span> <span class='ocrx_word' id='word_1_445' title='bbox 1231 3013 1306 3044; x_wconf 82' lang='lat'>341.</span> <span class='ocrx_word' id='word_1_446' title='bbox 1327 3015 1358 3044; x_wconf 90' lang='lat'>6.</span> <span class='ocrx_word' id='word_1_447' title='bbox 1376 3013 1537 3054; x_wconf 84' lang='lat' dir='ltr'>Flaccus]</span> <span class='ocrx_word' id='word_1_448' title='bbox 1562 3017 1626 3045; x_wconf 80' lang='lat' dir='ltr'>Sat.</span> <span class='ocrx_word' id='word_1_449' title='bbox 1643 3023 1671 3044; x_wconf 83' lang='lat'>2.</span> <span class='ocrx_word' id='word_1_450' title='bbox 1696 3023 1720 3043; x_wconf 94' lang='lat' dir='ltr'>I.</span> <span class='ocrx_word' id='word_1_451' title='bbox 1740 3023 1826 3054; x_wconf 86' lang='lat'>30,1.</span> 
     </span>
    </p>
   </div>
  </div>
 </body>
</html>
