2010 3417
227 171 307 211 300
692 170 948 208 LETTERS
987 170 1056 208 OF
1094 171 1362 211 ERASMUS
1701 170 1739 224 [1
1748 183 1769 220 5
1778 184 1792 209 1
1804 173 1825 208 6

227 284 385 324 amasio
401 284 539 333 potius
553 283 825 331 familiaritas,
845 284 892 322 vt
906 283 1018 322 Vltro
1034 284 1219 334 citroque
1234 285 1546 326 deambularent
1559 285 1606 325 in
1623 286 1822 335 cubiculo,

227 361 532 397 nonnunquam
565 349 607 386 et
640 361 781 397 preces
813 348 1000 387 horarias
1032 349 1160 388 simul
1194 350 1471 390 absoluerent.
1541 351 1648 390 Cum
1681 352 1828 401 primis

227 413 526 462 exaggerabant
565 413 906 452 communionem
938 413 1058 452 illam
1091 414 1296 454 bonorum
1334 429 1532 466 operum;
1576 416 1695 466 quasi
1727 415 1830 466 ipsis

227 479 329 517 haec
358 480 579 527 supersint,
610 491 657 516 ac
684 492 771 517 non
799 479 939 528 potius
967 479 1183 518 interdum
1210 482 1344 531 magis
1373 483 1520 531 egeant
1548 480 1830 520 misericordia

150 552 209 582 280
227 543 401 581 Domini
438 556 564 593 quam
601 543 707 591 laici,
749 546 821 582 aut
860 545 979 594 quasi
1022 558 1108 583 non
1153 547 1209 584 sit
1253 547 1298 584 in
1338 549 1428 586 toto
1465 560 1633 596 corpore
1672 545 1830 584 Christi

227 608 536 647 benefactorum
565 609 815 647 communio.

282 673 345 712 Ne
381 673 544 724 longior
580 673 673 722 sim,
711 675 879 713 nullum
913 676 1201 715 machinarum
1234 691 1367 728 genus
1400 691 1486 716 non
1518 678 1735 716 admotum
1767 679 1831 715 est

225 738 397 788 ingenio
415 739 535 789 pueri
560 739 778 789 simplicis,
798 740 992 780 destituti
1016 742 1192 791 perfidia
1215 743 1365 792 fratris,
1390 743 1567 794 denique
1590 742 1833 782 valetudine

225 804 372 853 fracti3
402 817 477 843 nec
505 804 668 843 minore
695 818 806 852 cura,
829 806 969 845 studio
994 807 1293 858 vigilantiaque
1320 809 1598 859 aduigilatum
1617 811 1680 847 est
1705 821 1829 859 quam

148 879 186 909 28
191 888 207 918 5
227 870 264 909 si
283 870 429 908 ciuitas
449 870 646 920 opulenta
665 871 813 910 fuisset
833 872 1039 922 capienda.
1101 873 1229 912 Tanti
1247 873 1387 912 visum
1405 877 1470 913 est
1489 875 1573 913 illis
1592 874 1686 924 plus
1706 886 1831 923 quam

226 934 463 974 Pharisaeis
483 949 615 974 vnum
635 935 938 976 adolescentem
964 938 1193 988 spirantem
1219 953 1264 978 ac
1282 940 1428 978 viuum
1455 940 1656 978 defodere.
1715 939 1833 977 Inter

227 1001 304 1040 hos
324 1003 442 1039 erant
468 1001 540 1051 qui
561 1001 629 1039 sui
648 1001 806 1040 ordinis
825 1004 1043 1052 negocium
1063 1004 1242 1054 agebant
1260 1019 1269 1051 ;
1295 1005 1361 1043 6111
1386 1007 1600 1054 tantopere
1622 1005 1766 1042 fauent
1785 1005 1832 1042 vt

226 1066 302 1105 hac
319 1067 451 1116 gratia
464 1067 583 1105 miris
603 1067 708 1105 odiis
727 1068 838 1106 inter
853 1082 896 1106 se
913 1069 1156 1117 dissideant,
1175 1073 1216 1108 et
1232 1071 1516 1110 Christianam
1530 1069 1832 1121 professionem

226 1133 394 1170 tantum
423 1145 508 1170 non
534 1145 610 1182 pro
638 1133 773 1171 nihilo
800 1134 967 1173 ducant.
1027 1136 1139 1174 Puer
1168 1138 1254 1174 erat
1281 1138 1323 1175 et
1349 1136 1519 1186 ingenio
1546 1137 1587 1174 et
1612 1135 1766 1173 litteris
1791 1135 1833 1172 et

149 1216 210 1248 290
227 1196 421 1236 facundia
450 1198 727 1247 praestantior
764 1213 888 1249 quam
927 1213 1000 1249 pro
1034 1203 1189 1240 aetate:
1233 1202 1342 1240 vnde
1375 1202 1596 1252 sperabant
1631 1200 1832 1239 eximium

226 1262 393 1312 aliquod
439 1265 732 1302 ornamentum
777 1278 851 1303 suo
889 1266 1085 1305 sodalitio
1133 1280 1407 1306 accessurum.
1482 1266 1598 1306 Haec
1635 1268 1722 1304 erat
1759 1265 1833 1304 illa

226 1327 372 1378 pietas,
403 1327 471 1366 hic
500 1331 586 1367 erat
614 1329 687 1367 ille
716 1330 839 1368 zelus.

284 1392 417 1431 Multa
459 1393 594 1432 sciens
635 1397 858 1443 praetereo,
901 1396 1140 1435 doctissime
1185 1398 1370 1445 Grunni,
1409 1411 1462 1436 ne
1502 1396 1681 1448 singulis
1725 1409 1832 1435 com-

226 1458 509 1497 memorandis
527 1459 604 1497 tibi
625 1460 706 1498 sim
725 1461 837 1498 tedio
854 1475 864 1509 3
894 1463 935 1499 et
955 1463 1050 1500 tuae
1073 1463 1317 1512 prudentiae
1343 1466 1407 1502 est
1426 1476 1476 1501 ex
1495 1461 1832 1513 commemoratis

149 1540 209 1573 295
229 1523 431 1562 coniicere
452 1526 620 1563 caetera.
680 1525 920 1565 Florentius
938 1527 1111 1566 interim
1130 1528 1273 1567 haeret
1296 1529 1407 1567 inter
1427 1541 1590 1566 sacrum
1609 1530 1651 1566 et
1670 1539 1829 1574 saxum,

229 1591 276 1627 vt
314 1591 378 1627 est
423 1590 467 1627 in
505 1590 749 1640 prouerbiis.
830 1592 943 1630 Dum
982 1593 1041 1631 ita
1078 1595 1232 1643 pendet
1272 1594 1624 1644 circumspectans
1660 1592 1831 1631 sicunde

229 1655 332 1693 deus
357 1654 509 1704 aliquis
533 1669 737 1705 apparens
764 1669 880 1706 spem
907 1658 1055 1696 salutis
1078 1660 1325 1707 ostenderet,
1355 1660 1462 1697 forte
1487 1660 1656 1697 fortuna
1683 1657 1835 1696 inuisit

229 1720 439 1769 quoddam
466 1721 686 1771 collegium
712 1722 806 1760 vrbi
832 1722 878 1760 111
906 1736 986 1772 qua
1014 1725 1107 1762 tum
1133 1725 1281 1775 agebat
1300 1725 1502 1763 vicinum.
1562 1723 1629 1762 Ibi
1648 1723 1833 1773 repperit

229 1781 476 1824 Cantelium'
494 1787 714 1836 quendam,
743 1788 912 1837 quicum
943 1789 994 1826 ab
1021 1789 1198 1829 infantia
1224 1790 1358 1829 fuerat
1383 1790 1606 1828 enutritus.
1672 1789 1718 1827 Is
1743 1790 1834 1826 erat

147 1870 210 1901 300
228 1851 351 1890 annis
369 1851 528 1901 aliquot
547 1854 650 1890 natu
665 1853 874 1902 grandior,
892 1854 1061 1904 ingenio
1080 1856 1199 1894 vafro
1214 1859 1255 1894 et
1276 1869 1494 1905 nunquam
1514 1869 1598 1893 non
1621 1855 1834 1904 spectante

228 1918 279 1956 ad
304 1930 428 1955 suum
454 1918 731 1966 commodum,
762 1919 895 1958 animi
923 1922 1065 1959 tamen
1091 1922 1253 1960 excelsi.
1313 1921 1440 1959 Hunc
1468 1934 1555 1959 non
1582 1922 1673 1959 tam
1700 1919 1833 1970 pietas

229 1996 354 2033 quam
387 1983 549 2021 ventris
583 1984 770 2022 studium
808 1987 850 2023 et
881 1998 999 2023 amor
1032 1987 1112 2025 ocii
1145 1987 1401 2037 pellexerant
1435 1986 1480 2024 in
1515 1986 1829 2024 monasterium.

229 2049 333 2086 Erat
351 2048 465 2086 enim
485 2051 635 2087 natura
653 2050 840 2101 γλίσχρος
859 2053 900 2089 et
920 2052 1070 2090 eximie
1090 2053 1217 2102 piger,
1241 2053 1285 2090 in
1309 2052 1465 2090 litteris
1488 2064 1637 2101 parum
1656 2050 1832 2089 feliciter

229 2126 482 2164 progressus,
510 2117 677 2153 tantum
706 2116 880 2154 canendi
909 2118 1078 2166 peritus,
1107 2131 1231 2168 quam
1260 2117 1309 2156 ad
1341 2131 1430 2155 rem
1458 2118 1593 2155 fuerat
1621 2129 1645 2154 a
1673 2117 1832 2154 teneris

149 2193 210 2225 305
229 2178 490 2217 exercitatus.
547 2179 601 2217 In
632 2180 756 2218 Italia
781 2181 938 2220 frustra
962 2186 1141 2221 venatus
1160 2184 1384 2229 fortunam,
1410 2195 1540 2232 quum
1559 2183 1752 2231 parentes
1771 2181 1831 2218 rei

229 2244 450 2283 familiaris
481 2246 718 2295 angustiam
750 2259 795 2284 ac
828 2247 1058 2286 liberorum
1087 2249 1256 2288 turbam
1286 2248 1531 2295 occinerent,
1562 2247 1612 2285 ad
1647 2246 1831 2284 cucullae

229 2310 414 2359 confugit
433 2323 548 2348 aram
564 2326 573 2358 ;
603 2324 708 2360 quae
722 2312 790 2350 vel
808 2312 888 2350 hoc
904 2314 1073 2351 nomine
1088 2314 1294 2353 laudanda
1310 2315 1387 2361 est,
1403 2313 1512 2362 quod
1535 2314 1597 2350 sat
1617 2311 1831 2350 commode

230 2375 365 2414 multa
383 2376 519 2414 nutrit
541 2376 733 2425 θρέμματα
752 2377 907 2427 alioqui
925 2378 1035 2417 fame
1054 2379 1251 2429 peritura.

286 2441 355 2479 Ibi
375 2441 587 2479 Cantelius
605 2455 655 2480 ex
674 2442 881 2492 colloquio
908 2444 1222 2493 deprehendens
1248 2457 1375 2495 quam
1395 2443 1572 2482 feliciter
1591 2443 1833 2482 Florentius

150 2521 212 2553 310
230 2507 496 2557 processisset
529 2507 574 2545 in
607 2507 771 2557 litteris,
806 2509 916 2547 illico
955 2510 1006 2548 de
1044 2523 1119 2549 suo
1157 2511 1327 2559 negocio
1360 2509 1557 2559 cogitans,
1593 2508 1832 2547 incredibili

231 2572 379 2610 affectu
398 2572 534 2622 coepit
556 2573 607 2611 ad
634 2573 724 2612 eius
743 2574 852 2613 vitae
875 2576 1136 2614 consortium
1163 2576 1376 2614 exhortari
1396 2574 1500 2624 (erat
1520 2576 1661 2612 autem
1682 2576 1833 2612 natura

231 2637 534 2686 Mercurialis);
565 2639 853 2678 admirandam
880 2641 1088 2690 quandam
1114 2642 1203 2680 eius
1227 2641 1415 2680 instituti
1441 2639 1668 2689 imaginem
1692 2638 1833 2677 verbis

231 2704 559 2752 repraesentans,
581 2717 836 2755 exaggerans
862 2706 1025 2745 beatam
1053 2707 1170 2746 illam
1194 2706 1558 2756 tranquillitatem,
1579 2705 1825 2750 libertatem,

232 2768 504 2815 concordiam,
524 2769 621 2819 quid
642 2771 823 2810 multis?
850 2772 1095 2822 angelorum
1112 2772 1434 2811 contubernium
1451 2785 1460 2818 ;
1489 2771 1594 2808 illud
1614 2770 1830 2819 praecipue

152 2848 212 2880 315
233 2835 423 2882 repetens
447 2838 490 2872 et
515 2835 747 2884 inculcans,
768 2840 923 2886 quanta
947 2840 1053 2877 esset
1082 2838 1290 2876 librorum
1313 2837 1438 2886 copia,
1464 2838 1668 2886 quantum
1693 2834 1829 2873 ocium

234 2897 394 2935 studiis.
451 2899 635 2939 Nouerat
659 2914 794 2940 escam
824 2916 905 2953 qua
931 2903 1019 2951 capi
1044 2905 1210 2953 poterat
1236 2902 1511 2941 adolescentis
1539 2901 1716 2939 animus.
1775 2898 1830 2936 In

277 2999 352 3028 299.
376 2991 596 3034 Cantelium]
623 2995 809 3027 Cornelius
825 2996 864 3026 of
876 2996 997 3026 WVoer-
1064 3006 1165 3026 sense
1182 2995 1371 3034 suggested
1387 2995 1426 3024 in
1442 2994 1464 3025 l.
1484 3004 1558 3032 304,
1579 2992 1643 3023 Mr.
1660 2992 1831 3030 Bywater

235 3033 328 3070 den;
359 3043 417 3064 see
435 3036 496 3074 Ep.
520 3039 593 3075 296.
620 3048 658 3076 14
676 3049 711 3070 n.
759 3039 906 3070 Besides
933 3040 996 3070 the
1064 3040 1174 3070 refers
1189 3041 1226 3070 to
1243 3037 1422 3076 κανθήλιος.
