2010 3417
85 188 181 243 583]
444 190 597 230 FROM
635 190 907 231 BUDAEUS
945 191 1016 230 ΤΟ
1053 190 1353 230 TUNSTALL
1609 192 1687 229 579,

82 300 392 349 pereruditum3
440 300 512 351 qui
559 313 670 339 nunc
713 300 758 339 in
803 300 915 339 Vrbe
964 300 1215 339 Graecorum
1263 300 1426 339 scholae
1458 301 1688 351 praefectus

83 368 144 404 est
163 378 187 404 a
206 365 419 405 Pontifiee.
490 366 535 403 Is
562 379 692 415 quum
717 366 856 404 omnia
884 378 1004 405 causa
1024 378 1115 404 mea
1135 367 1314 416 cuperet,
1336 379 1421 404 non
1441 379 1688 417 magnopere

83 432 227 470 iuuare
253 444 320 470 me
347 431 497 481 potuit.
558 430 696 479 Quum
725 433 864 480 ageret
892 431 976 469 fere
1004 431 1049 469 in
1078 431 1277 470 comitatu
1308 431 1434 480 Regis
1462 431 1610 471 multis
1637 433 1689 471 ab

84 497 160 536 hac
197 495 298 535 vrbe
333 496 505 535 milibus
553 496 790 544 distractus,
840 498 882 535 et
921 509 996 546 ego
1034 496 1229 546 frequens
1266 497 1311 534 in
1349 497 1450 535 vrbe
1505 511 1596 536 raro
1642 497 1687 536 in

84 564 283 602 comitatu
311 561 472 609 fuerim,
506 561 601 600 fecit
635 561 770 600 libens
817 561 860 600 id
897 562 1067 600 demum
1108 561 1216 611 quod
1240 561 1386 611 potuit,
1417 562 1480 600 vir
1522 576 1687 601 summa
1707 578 1767 610 445

84 629 276 667 comitate
321 627 559 677 praeditus3
607 631 654 666 vt
696 630 737 666 et
787 639 1090 676 nonnunquam
1138 639 1331 677 praesens
1373 627 1480 665 mihi
1533 627 1685 677 aliquid

83 693 344 744 praelegeret‚
372 693 414 732 id
445 694 553 743 quod
577 693 703 731 vicies
733 706 817 731 non
847 692 1033 742 contigit,
1065 695 1106 731 et
1132 693 1280 731 absens
1305 692 1508 731 librorum
1536 692 1688 732 scrinia

83 758 345 796 concrederet
373 762 414 797 et
447 772 571 808 penes
603 771 670 797 me
708 759 939 808 deponeret.
1001 758 1121 796 Certe
1159 757 1415 808 tyrocinium
1454 758 1571 798 nullo
1607 759 1685 798 sub

83 823 304 862 deductore
323 824 413 863 feci.

137 889 203 928 En
230 888 318 937 tibi,
354 889 417 928 vir
445 889 758 936 humanissime,
789 888 1023 926 studiorum
1057 901 1245 927 meorum
1275 888 1538 937 curriculum,
1577 890 1685 940 quod
1705 907 1769 939 450

82 953 160 992 sub
179 956 295 1004 patre
313 954 556 1005 indulgente
572 954 944 1004 suppeditanteque
963 953 1084 992 facile
1104 953 1310 1001 inchoaui,
1330 953 1441 992 haud
1461 955 1544 993 scio
1563 968 1686 1005 quam

83 1019 304 1070 auspicato.
378 1020 502 1058 Patre
542 1019 709 1058 orbatus
745 1032 876 1057 annos
913 1018 1065 1057 abhinc
1105 1018 1342 1069 quindecim
1379 1032 1425 1058 ac
1463 1019 1596 1058 multa
1628 1020 1688 1058 in-

83 1084 302 1123 commoda
319 1098 537 1135 perpessus
555 1085 825 1134 fortunaeque
845 1083 1156 1134 improbitatem
1174 1083 1462 1134 multipliciter
1480 1088 1684 1135 expertus,

83 1162 251 1188 cursum
279 1149 412 1188 nihilo
446 1150 577 1189 secius
604 1149 847 1188 institutum
874 1162 1065 1199 peragere
1096 1149 1199 1188 velis
1238 1150 1443 1199 remisque
1482 1151 1684 1198 contendi,

82 1227 286 1253 remoram
322 1217 489 1254 tantum
531 1228 658 1254 vnam
696 1214 1036 1253 molestissimam
1087 1215 1199 1254 sensi
1246 1215 1457 1264 aduersae,
1495 1217 1540 1254 vt
1588 1216 1682 1263 dixi,
1704 1234 1766 1265 455

82 1280 357 1319 valetudinis:
403 1294 449 1319 ac
488 1281 596 1319 nihil
631 1294 756 1330 aeque
794 1280 902 1319 mihi
934 1280 1123 1319 animum
1155 1280 1278 1319 illum
1310 1281 1485 1320 alacrem
1513 1282 1559 1320 in
1587 1281 1686 1320 haec

82 1344 220 1384 studia
258 1345 571 1385 incumbentem
610 1345 815 1384 contraxit
853 1358 899 1383 ac
945 1345 1112 1384 demisit
1160 1358 1283 1396 quam
1332 1346 1495 1385 assidua
1541 1348 1687 1385 mortis

83 1410 296 1449 meditatio
309 1411 354 1449 in
369 1411 491 1449 horas
508 1410 781 1458 imminentis,
800 1423 929 1461 quum
946 1423 1065 1460 saepe
1082 1410 1189 1448 mihi
1206 1410 1398 1460 spiritum
1413 1411 1686 1451 interclusum

83 1474 340 1526 subindeque
378 1476 617 1514 restitutum
655 1474 932 1513 meminerim.
990 1475 1105 1514 Patri
1144 1475 1306 1526 copioso
1338 1476 1481 1514 haeres
1518 1476 1687 1516 relictus

83 1553 168 1579 non
181 1553 232 1579 ex
246 1540 376 1580 solida
389 1542 510 1579 vncia
530 1540 763 1590 (semissem
778 1540 892 1578 enim
913 1540 1123 1579 maximus
1143 1541 1321 1579 fratrum
1340 1541 1685 1592 primigeniorum
1704 1546 1766 1587 460

87 1605 178 1644 iure
195 1605 373 1655 tulerat),
394 1619 444 1644 ex
463 1607 612 1644 matris
631 1605 884 1644 haereditate
913 1605 1087 1644 eandem
1111 1608 1271 1656 partem
1298 1606 1566 1656 quadriennio
1593 1611 1685 1656 post

85 1671 224 1710 habui.
283 1671 375 1710 Hoc
403 1672 488 1709 fere
506 1671 589 1709 fuit
613 1670 846 1709 subsidium
873 1670 1056 1709 instituti
1080 1671 1187 1709 mihi
1214 1685 1358 1710 cursus
1383 1685 1478 1710 cum
1505 1672 1557 1710 iis
1582 1686 1685 1722 quae

83 1738 292 1786 vtcunque
311 1738 583 1783 accesserunt,
608 1736 666 1774 ita
679 1738 726 1774 vt
741 1735 911 1774 interim
925 1736 1033 1774 nihil
1050 1736 1270 1786 quicquam
1282 1739 1496 1786 acceptum
1515 1737 1685 1776 tulerim

83 1801 403 1840 liberalitatibus
433 1803 504 1839 aut
539 1814 684 1851 regum
717 1803 789 1839 aut
821 1800 1022 1839 fortunae.
1095 1801 1148 1840 In
1182 1815 1262 1852 quo
1293 1815 1416 1841 cursu
1451 1802 1685 1842 studiorum

83 1865 324 1916 patrimonii
352 1865 554 1904 iacturam
582 1865 762 1904 multam
798 1865 877 1904 feci
910 1879 982 1915 per
1010 1866 1216 1905 incuriam
1255 1867 1391 1906 ciuilis
1419 1867 1682 1918 frugalitatis,
1704 1873 1765 1915 465

82 1931 246 1970 etiamsi
265 1930 529 1981 naufragium
549 1930 672 1969 euasi.

139 1995 191 2034 Id
217 1996 325 2046 quod
354 1995 540 2046 sequitur
567 2009 617 2034 ex
646 1997 718 2034 tua
751 1995 922 2046 epistola
953 2009 1037 2034 non
1057 1998 1143 2034 tam
1172 1996 1277 2034 mihi
1305 1996 1535 2036 iucundum
1559 2011 1683 2049 quam

86 2060 337 2110 quibusdam
355 2060 582 2099 amicorum
603 2073 793 2099 meorum
814 2061 904 2106 fuit,
926 2061 998 2111 qui
1022 2061 1100 2099 tibi
1127 2061 1178 2100 ob
1201 2075 1291 2101 eam
1318 2075 1407 2101 rem
1427 2064 1559 2102 multa
1578 2064 1683 2103 bona

84 2126 172 2164 dari
205 2125 408 2164 diuinitus
440 2125 626 2175 cupiunt.
700 2125 893 2164 Hortaris
927 2139 992 2164 me
1026 2129 1072 2164 vt
1100 2126 1144 2164 in
1174 2127 1275 2165 locis
1302 2127 1403 2167 iuris
1431 2128 1684 2178 explicandis

84 2190 432 2240 emendandisque
460 2190 665 2229 erroribus
695 2190 765 2240 qui
794 2190 1061 2230 inualuerunt
1088 2204 1141 2229 ne
1164 2191 1390 2240 lassescam,
1413 2193 1602 2244 mihique
1627 2195 1684 2234 ita
1703 2208 1765 2240 470

85 2255 283 2306 gratulari
315 2255 456 2294 videre
490 2255 605 2304 quasi
637 2254 788 2293 laboris
819 2257 860 2293 et
892 2257 1061 2294 conatus
1099 2257 1201 2295 ratio
1240 2257 1346 2296 mihi
1376 2259 1609 2297 eonstiterit
1640 2260 1683 2298 in

85 2333 229 2359 eorum
258 2320 481 2358 hominum
509 2319 709 2358 eleuanda
737 2320 965 2368 autoritate,
999 2334 1102 2371 quos
1140 2321 1242 2359 iuris
1272 2322 1403 2372 magis
1440 2323 1683 2362 Accursiani

84 2398 208 2435 quam
245 2384 381 2423 ciuilis
418 2386 458 2422 et
497 2384 710 2423 Rhomani
749 2385 959 2424 consultos
997 2385 1124 2424 fuisse
1163 2386 1271 2436 apud
1303 2386 1443 2426 doctos
1475 2389 1680 2428 conuenit.

84 2449 217 2500 Atqui
235 2452 282 2488 vt
301 2449 407 2488 mihi
426 2449 497 2487 ille
515 2449 630 2488 labor
653 2463 870 2500 nunquam
891 2450 1166 2499 poenitendus
1185 2451 1299 2489 visus
1318 2453 1390 2499 est,
1413 2465 1508 2490 cum
1533 2453 1584 2491 ob
1603 2454 1682 2492 alia

129 2563 203 2591 444.
237 2561 318 2582 raro
348 2554 397 2582 D:
436 2552 619 2582 rarissime
650 2553 683 2586 β.
883 2562 958 2592 445·
1000 2554 1055 2583 vir
1086 2576 1092 2583 .
1128 2576 1135 2584 .
1166 2577 1174 2584 .
1208 2554 1280 2591 446.
1321 2554 1506 2593 praeditus
1540 2558 1614 2586 add.
1648 2559 1681 2590 β.

88 2606 162 2634 447.
204 2596 240 2626 et
270 2595 396 2626 absens
429 2597 479 2625 D:
517 2596 643 2626 absens
673 2597 782 2626 etiam
813 2597 846 2629 β.
1049 2606 1123 2636 450.
1164 2597 1219 2626 vir
1250 2596 1510 2629 humanissime
1541 2601 1615 2630 add.
1647 2601 1681 2633 β.

85 2648 158 2678 453.
185 2638 453 2678 improbitatem
474 2641 521 2668 D:
552 2639 786 2678 iniquitatem
803 2641 836 2674 β.
983 2649 1058 2679 455.
1081 2642 1120 2670 vt
1137 2639 1213 2670 dixi
1230 2643 1302 2671 add.
1319 2641 1354 2674 β.
1488 2651 1562 2683 459·
1601 2645 1631 2673 D
1639 2644 1680 2677 B:

88 2682 227 2722 copiose
250 2683 289 2712 N.
422 2682 495 2719 461.
529 2691 572 2713 ex
595 2683 638 2716 B:
671 2692 710 2713 ac
733 2686 770 2714 D.
885 2684 959 2722 463.
986 2685 1168 2721 vtcunque
1193 2685 1265 2714 add.
1283 2684 1318 2717 β.
1453 2686 1527 2725 464.
1550 2686 1682 2718 studio-

87 2735 169 2756 rum
185 2727 258 2756 add.
276 2725 309 2758 β.
467 2725 540 2764 465.
569 2725 688 2757 ciuilis
704 2725 921 2766 frugalitatis
938 2729 1011 2757 acld.
1029 2727 1062 2761 β.
1228 2727 1302 2764 466.
1330 2728 1427 2758 euasi
1443 2731 1490 2761 D:
1515 2729 1630 2760 vitaui
1646 2731 1680 2764 β.

87 2779 159 2808 470.
185 2768 365 2799 erroribus
382 2769 443 2808 qui
462 2768 696 2800 inualuerunt
712 2772 786 2801 add.
803 2771 836 2803 β.
912 2770 1102 2801 lassescam
1119 2772 1165 2800 D:
1192 2769 1400 2810 elangueam
1415 2772 1449 2806 β.
1521 2773 1682 2812 mihique

87 2814 109 2846 β
124 2824 131 2843 :
157 2811 249 2843 mihi
265 2813 304 2842 D.
440 2822 513 2850 471.
542 2812 676 2843 videris
693 2814 726 2847 β.

133 2964 207 3016 4ξ2.
232 2953 353 2994 Patre]
385 2953 481 2985 John
514 2953 627 2993 Bude,
662 2954 737 2990 †28
770 2954 850 2986 Feb.
916 2956 968 2992 †2
1000 2955 1089 2996 Aug.
1127 2956 1218 2994 1506.
1284 2956 1358 2988 Her
1388 2957 1530 2989 mother
1558 2968 1632 2990 was
1661 2969 1681 2990 a

92 3009 208 3081 Ῑοὲἒῐ.
235 3039 377 3081 matris]
418 3040 612 3072 Catherine
643 3040 691 3072 Le
723 3041 851 3081 Picart,
917 2999 1284 3086 poilgiekccursiani]
1309 3043 1361 3076 Cf.
1378 3043 1441 3085 Ep.
1463 3054 1533 3086 134·
1552 3045 1596 3076 26
1613 3056 1647 3077 n.
