2073 3464
313 183 336 219 2
780 182 1027 221 LETTERS
1065 182 1134 220 OF
1171 181 1434 220 ERASMUS
1775 178 1864 232 [151
1876 195 1897 227 4

310 290 659 340 interpretatione,
684 291 850 329 tametsi
880 289 1104 329 Graeculus
1132 289 1202 327 ille
1232 289 1411 327 Romani
1430 289 1626 328 carminis
1648 291 1898 329 sententiam

311 368 601 405 saepenumero
614 369 699 394 non
711 354 951 404 assequitur.
1002 353 1254 393 Addidimus
1268 355 1309 391 et
1325 353 1490 402 scholia,
1506 353 1720 402 perbreuia
1731 356 1899 405 quidem

275 434 291 465 5
312 420 391 468 illa,
423 421 491 459 sed
521 421 730 470 aliquanto
764 419 1048 466 commodiora,
1083 418 1127 456 ni
1155 418 1288 466 fallor,
1321 418 1373 456 iis
1407 419 1716 457 commentariis
1750 420 1900 470 quibus

312 486 392 524 duo
426 485 594 535 quidam
634 484 878 535 opusculum
915 485 994 522 hoc
1032 483 1444 531 contaminauerant3
1488 497 1664 533 quorum
1701 484 1805 523 alter
1841 485 1900 523 in-

311 550 538 589 sulsissime
553 549 835 598 rhetoricatur,
853 549 978 587 homo
995 549 1084 599 ipsa
1099 548 1302 587 infantior
1316 548 1504 596 infantia,
1523 549 1627 587 alter
1641 548 1901 599 ineptissime

311 614 635 664 philosophatur,
659 616 829 665 vterque
849 614 953 653 οὐδὲν
980 615 1072 664 πρὸς
1099 615 1186 654 ἔπος
1204 613 1399 664 loquitur.
1461 614 1589 652 Porro
1610 614 1727 652 cuius
1746 614 1902 653 autoris

310 680 364 719 sit
384 680 461 718 hoc
481 692 582 729 opus
603 681 643 718 et
662 681 804 719 vtrum
823 679 948 719 vnius
966 692 1020 718 an
1040 679 1235 730 plurium,
1257 693 1341 718 non
1361 680 1584 718 admodum
1605 679 1754 718 referre
1773 681 1875 730 puto
1893 694 1902 728 ;

255 756 292 777 10
310 745 477 784 Catonis
505 745 556 784 ob
586 745 628 784 id
658 746 824 783 tantum
852 744 1028 783 arbitror
1057 745 1147 792 dici,
1178 745 1287 794 quod
1317 745 1544 783 sententias
1571 744 1720 783 habeat
1747 745 1903 784 Catone

311 811 466 860 dignas.
525 809 768 848 Adiecimus
801 809 868 848 his
897 810 1049 849 Mimos
1084 809 1312 848 Publianos
1342 809 1444 848 falso
1474 809 1695 860 inscriptos
1727 809 1902 848 Senecae

310 874 537 925 prouerbia.
594 875 733 925 Atque
752 874 819 913 his
839 888 1000 924 quoque
1014 874 1223 924 castigatis
1239 874 1504 923 (offendimus
1523 875 1636 913 enim
1655 874 1903 924 deprauatis-

310 941 453 990 simos)
482 940 775 990 adscripsimus
803 940 1048 978 breuissima
1082 939 1247 989 scholia,
1284 940 1445 978 reiectis
1477 939 1528 978 iis
1556 953 1659 990 quae
1688 952 1902 990 perperam

309 1008 428 1045 erant
447 1005 632 1045 admixta
651 1019 701 1044 ex
720 1005 896 1044 aliorum
915 1005 1043 1053 libris,
1062 1007 1154 1044 tum
1173 1004 1371 1055 appositis
1389 1004 1548 1055 aliquot
1566 1018 1615 1043 ex
1635 1005 1746 1043 Aulo
1767 1004 1902 1044 Gellio

255 1082 291 1113 Ι5
310 1074 350 1110 et
371 1071 545 1110 Senecae
564 1070 864 1109 controuersiis.

364 1137 442 1175 Sed
462 1136 631 1174 interim
655 1136 850 1174 clamabit
875 1135 1144 1186 vitilitigator
1171 1134 1331 1185 aliquis,
1351 1134 1452 1183 Hui,
1474 1135 1718 1185 theologum
1745 1135 1790 1173 in
1814 1137 1900 1174 tam

310 1201 469 1241 friuolis
488 1201 642 1241 versari
662 1201 815 1251 nugis?
872 1201 1064 1239 Primum
1091 1213 1165 1250 ego
1191 1200 1299 1238 nihil
1326 1201 1623 1240 fastidiendum
1642 1201 1757 1249 duco,
1780 1213 1903 1250 quan—

310 1267 468 1306 tumuis
486 1267 658 1314 humile,
681 1267 791 1317 quod
818 1266 870 1305 ad
896 1266 1025 1305 bonas
1045 1265 1249 1316 pertineat
1267 1265 1417 1315 literas,
1442 1266 1598 1305 nedum
1617 1266 1738 1305 hosce
1758 1279 1903 1305 versus

310 1335 425 1371 tanta
464 1332 643 1372 Romani
681 1332 885 1371 sermonis
921 1331 1133 1370 mundicie
1169 1333 1335 1381 tamque
1377 1332 1428 1370 ad
1472 1332 1601 1371 bonos
1638 1344 1773 1371 mores
1810 1345 1902 1370 con-

252 1409 292 1431 20
311 1398 522 1436 ducibiles.
582 1398 840 1448 Quamquam
867 1411 939 1436 cur
965 1411 1033 1435 me
1058 1398 1209 1446 pudeat
1234 1397 1279 1436 in
1306 1397 1382 1435 hoc
1401 1411 1548 1447 genere
1567 1396 1762 1448 pauculas
1780 1397 1903 1436 horas

310 1463 521 1511 collocare,
558 1463 603 1501 in
642 1476 723 1513 quo
756 1477 840 1502 non
873 1463 991 1513 pauci
1024 1462 1245 1512 scriptores
1280 1463 1425 1502 Graeci
1458 1476 1542 1501 non
1574 1462 1769 1501 mediocri
1805 1475 1901 1501 cum

309 1528 429 1567 laude
467 1530 565 1566 sunt
595 1528 780 1567 versati?
835 1527 943 1567 Nam
972 1529 1115 1566 extant
1145 1529 1184 1565 et
1213 1526 1334 1566 hodie
1368 1527 1622 1578 Theognidis
1659 1527 1898 1575 sententiae,

311 1592 552 1642 Phocylidis
570 1594 611 1631 et
631 1593 890 1642 Pythagorae
910 1594 1124 1643 praecepta
1144 1606 1228 1631 non
1249 1593 1320 1631 abs
1337 1606 1380 1631 re
1399 1606 1520 1632 aurea
1539 1593 1657 1631 dicta.
1717 1592 1901 1642 Denique

309 1659 345 1697 si
374 1658 481 1696 mihi
510 1658 750 1697 indecorum
769 1670 856 1696 esse
876 1658 1025 1696 volunt
1053 1657 1292 1696 emendasse
1321 1658 1419 1697 haec
1449 1660 1536 1696 tam
1564 1657 1740 1696 humilia
1769 1659 1811 1696 et
1839 1671 1901 1696 ex-

253 1737 290 1767 25
310 1724 508 1774 planasse,
532 1724 665 1762 multo
694 1723 854 1762 foedius
882 1724 961 1762 erit
989 1724 1132 1762 eadem
1161 1725 1202 1762 et
1230 1724 1450 1773 deprauata
1478 1723 1604 1762 fuisse
1632 1727 1672 1762 et
1698 1723 1822 1773 (quod
1851 1736 1901 1762 ex

309 1789 492 1839 ipsorum
518 1788 649 1838 liquet
672 1788 994 1838 commentariis)
1015 1789 1095 1827 ista
1114 1790 1201 1826 tam
1225 1789 1401 1838 puerilia
1426 1802 1507 1827 non
1536 1787 1748 1828 intellecta
1773 1788 1901 1827 fuisse

309 1854 360 1893 ab
389 1854 439 1893 iis
467 1853 571 1893 viris
599 1853 668 1904 qui
696 1867 739 1892 se
769 1853 876 1891 nihil
905 1853 1062 1892 nescire
1095 1855 1259 1903 putant.
1318 1853 1426 1892 Nam
1454 1854 1595 1892 Publii
1625 1853 1778 1893 Mimos
1807 1853 1901 1904 quis

310 1920 557 1967 contemnat,
591 1932 694 1969 quos
727 1919 862 1957 Aulus
897 1918 1058 1957 Gellius
1090 1919 1379 1968 lepidissimos,
1418 1919 1570 1958 Seneca
1603 1918 1901 1958 disertissimos

308 1986 437 2031 vocat,
474 1983 668 2034 cuiusque
703 1983 945 2031 sententias,
977 1985 1022 2022 vt
1053 1983 1165 2022 idem
1200 1985 1384 2032 testatur,
1420 1997 1504 2022 non
1542 1983 1678 2034 piguit
1714 1997 1902 2022 summos

254 2060 296 2091 30
310 2049 435 2087 etiam
456 2049 640 2087 rhetores
660 2048 892 2087 aemulari?
947 2048 1200 2086 Addidimus
1219 2050 1260 2087 et
1280 2049 1444 2099 Septem
1466 2049 1708 2098 Sapientum
1729 2048 1903 2088 celebria

311 2113 420 2152 dicta
445 2116 486 2152 et
513 2113 712 2152 Hominis
738 2113 964 2152 Christiani
990 2112 1251 2160 Institutum‚
1276 2114 1384 2163 quod
1411 2126 1487 2152 nos
1515 2113 1697 2152 carmine
1722 2113 1901 2152 dilucido

311 2179 444 2229 magis
463 2191 586 2228 quam
607 2178 812 2217 elaborato
828 2190 973 2216 sumus
987 2177 1256 2228 interpretati,
1274 2179 1553 2228 conscriptum
1573 2180 1693 2217 antea
1712 2191 1901 2217 sermone

311 2244 554 2283 Britannico
574 2256 597 2281 a
615 2243 805 2281 Iohanne
827 2243 979 2291 Coleto,
1003 2256 1083 2292 quo
1101 2242 1189 2281 viro
1214 2256 1299 2281 non
1323 2243 1453 2281 alium
1472 2243 1595 2282 habet
1617 2256 1707 2282 mea
1733 2243 1900 2293 quidem

312 2309 518 2347 sententia
546 2308 885 2347 florentissimum
914 2308 1151 2358 Anglorum
1180 2308 1404 2359 imperium
1433 2309 1499 2347 vel
1528 2308 1660 2358 magis
1687 2308 1805 2358 pium
1833 2307 1900 2346 vel

255 2388 293 2419 35
313 2374 384 2424 qui
412 2373 626 2413 Christum
653 2373 791 2413 verius
820 2373 961 2424 sapiat.

366 2440 458 2478 Hoc
490 2439 683 2489 quicquid
715 2441 778 2477 est
809 2439 962 2477 laboris
998 2439 1075 2477 tibi
1107 2439 1433 2489 nuncupandum
1463 2439 1668 2488 duximus,
1705 2439 1765 2477 mi
1795 2439 1901 2478 Neui

313 2505 583 2553 ornatissime,
612 2503 737 2543 simul
757 2506 802 2542 vt
821 2504 970 2543 habeas
998 2504 1105 2554 quod
1131 2505 1215 2543 tuis
1240 2504 1419 2554 praelegi
1448 2518 1564 2543 cures
1583 2504 1775 2553 alumnis,
1800 2518 1901 2554 quos

316 2570 430 2609 nulla
454 2584 585 2621 neque
610 2569 844 2608 litterarum
870 2583 1002 2619 neque
1026 2583 1191 2608 morum
1220 2569 1406 2608 barbarie
1431 2569 1536 2608 sinis
1561 2570 1685 2619 infici,
1709 2569 1835 2608 simul
1855 2571 1901 2609 vt

361 2690 410 2717 14.
433 2680 524 2710 Aulo
542 2679 659 2710 Gellio
676 2691 695 2709 a
711 2690 717 2709 :
741 2679 826 2709 Auli
844 2678 952 2710 Gellii
969 2678 1134 2709 noctibus
1150 2680 1184 2713 β.
1332 2680 1381 2709 18.
1407 2679 1565 2717 pertinet
1581 2690 1606 2710 ε.
1750 2688 1802 2710 21.
1830 2688 1900 2709 non
1952 2693 1955 2695 ·

316 2724 416 2762 pauci
433 2734 477 2762 αγ
492 2735 499 2753 z
522 2723 625 2763 pauci
641 2724 674 2756 β.
808 2732 861 2761 32.
885 2724 991 2753 antea
1008 2725 1080 2753 add.
1098 2733 1129 2761 7.
1261 2732 1312 2761 34.
1337 2722 1633 2753 florentissimum
1649 2725 1724 2754 adel.
1742 2724 1775 2757 β.

320 2866 469 2896 number
489 2865 527 2896 of
546 2867 607 2896 the
629 2867 735 2897 Latin
759 2866 911 2905 classice,
936 2865 1073 2896 includ-
1143 2864 1363 2904 Anthology.
1409 2864 1478 2895 His
1501 2865 1643 2895 version
1667 2864 1706 2894 of
1723 2863 1807 2894 Cato
1830 2872 1902 2894 was

318 2910 381 2948 ing
412 2909 473 2939 the
500 2912 639 2940 Disticha
670 2910 867 2940 attributed
898 2911 934 2940 to
966 2909 1074 2947 Cat03
1142 2908 1332 2947 published
1349 2908 1395 2947 by
1411 2907 1527 2938 Aldus
1543 2908 1581 2938 in
1598 2907 1679 2938 Feb.
1704 2906 1794 2946 1493.

319 2953 415 2984 osten
458 2962 543 2992 very
581 2953 816 2992 imperfeetly.
884 2953 947 2983 See
987 2955 1075 2983 Ovidi
1186 2952 1238 2982 28.
1264 2951 1417 2991 Gellius]
1440 2961 1487 2990 17.
1509 2961 1558 2989 14.
1577 2960 1606 2989 3.

317 2999 474 3032 Heroides,
493 2996 545 3026 ed.
566 2995 715 3035 Palmer,
735 2997 827 3034 1898,
841 2996 941 3035 ehap.
955 3005 985 3034 3.
1018 2996 1075 3026 He
1229 2994 1377 3035 Seneca]
1404 2997 1541 3025 Controu.
1569 3004 1599 3032 7.
1624 3003 1653 3032 3.
1677 3003 1717 3032 93
1747 2992 1789 3024 cf.
1814 2992 1900 3023 ibid.

319 3040 349 3070 is
376 3049 472 3070 more
496 3040 631 3070 famous
659 3048 696 3069 as
723 3038 786 3069 the
814 3039 928 3069 editor
952 3038 990 3069 of
1013 3038 1075 3069 the
1145 3050 1174 3076 4.
1193 3039 1222 3069 8.
