2010 3417
132 151 229 206 560]
556 156 710 196 FROM
750 157 939 196 PETER
979 157 1355 199 MOSELLANUS
1643 163 1725 201 519

129 266 171 302 et
196 266 238 302 te
263 277 406 303 earum
434 265 650 304 authorem
675 279 814 306 amare
837 267 1022 316 gestiunt
1047 268 1237 307 maxime.
1297 269 1411 308 Bene
1430 269 1530 318 vale,
1552 271 1723 310 vnicum

129 329 262 368 nostri
292 330 417 368 seculi
450 330 582 370 decus.
661 331 849 382 Lypsiae,
882 332 953 371 vbi
990 333 1153 382 publice
1191 336 1393 384 vtranque
1424 334 1610 383 linguam
1648 349 1722 386 pro

128 393 288 432 viribus
308 394 512 434 docemus.
574 409 596 444 9
618 396 701 435 Cal.
723 396 893 448 Ap<r)il.

378 505 474 545 561.
535 503 667 545 FROM
700 503 961 546 WoLrGANG
994 504 1248 546 FABmclus
1280 505 1464 547 CAPITO.

173 603 364 639 Deventer
382 604 458 640 MS.
479 615 535 650 91,
553 606 579 640 f.
603 607 667 649 167
685 612 735 640 vu.
1425 607 1597 655 <Basle.>

174 662 244 697 LB.
262 662 358 707 App.
382 673 458 698 122.
1356 675 1399 708 24
1417 666 1545 701 March
1570 676 1670 712 1517.

167 741 462 784 [contemporary
473 743 564 774 with
581 743 642 782 Ep.
660 745 734 783 556,
750 744 896 774 because
913 745 952 774 of
965 744 1026 774 the
1037 746 1207 774 Hebraicae
1220 746 1445 776 Institutiones.
1492 747 1538 777 In
1555 747 1616 778 the
1633 757 1716 787 quo-

126 786 262 816 tations
278 786 369 817 from
385 786 470 827 this,
490 787 527 818 ll.
550 796 666 826 19-51‚
682 800 701 817 α
717 788 756 818 in
773 787 835 818 the
852 787 990 818 critical
1007 789 1109 818 notes
1127 802 1153 811 =
1173 787 1236 817 the
1253 789 1399 827 printed
1417 789 1536 831 book.]

429 885 738 916 WOLPHANGVS
770 885 920 915 FABER
952 885 1130 916 DOMINO
1164 885 1343 915 ERAsMO
1375 888 1408 916 S.

173 966 379 1004 Armnvm
393 965 530 1004 locum
544 979 566 1003 e
579 966 748 1005 scholiis
760 967 959 1006 aduersus
975 967 1290 1014 cauillationem,
1308 969 1353 1005 vt
1365 967 1471 1005 mihi
1483 968 1712 1018 videbatur,

119 1031 259 1070 minus
288 1033 428 1070 tutum
456 1032 668 1070 cuiusdam
700 1032 865 1071 obscuri
898 1032 1085 1070 hominis
1115 1032 1340 1082 procacitas
1366 1033 1523 1072 interea
1549 1035 1714 1073 demon·

117 1097 278 1141 strauit,
311 1095 488 1134 subinde
526 1098 678 1135 notans
717 1097 967 1136 modestiam
1009 1098 1125 1135 tuam
1163 1099 1203 1135 et
1242 1097 1566 1147 incomparabile
1600 1099 1712 1138 istud

114 1161 343 1211 ingenium,
365 1161 500 1200 multo
520 1163 660 1200 tamen
680 1162 929 1200 insolentius
956 1162 1329 1212 Oecolampadium,
1351 1177 1474 1213 quem
1494 1166 1540 1202 tu
1560 1164 1712 1203 alicubi

114 1226 255 1265 fateris
282 1227 328 1265 in
354 1226 557 1265 Hebraeis
583 1226 859 1266 diiudicandis
883 1227 960 1266 tibi
981 1227 1240 1275 adiutorem3
1276 1230 1284 1246 ‘
1299 1228 1496 1267 Erasmus
1513 1229 1521 1242 ’
1558 1229 1706 1279 inquit,
1731 1239 1748 1270 5

115 1294 123 1311 ‘
139 1293 183 1330 in
204 1292 371 1331 Graecis
389 1291 545 1329 multos
562 1292 735 1338 taxauit,
754 1293 957 1331 taxandus
973 1295 1014 1330 et
1029 1293 1115 1342 ipse
1134 1292 1179 1330 in
1192 1292 1420 1341 Hebraeis,'
1448 1295 1488 1331 et
1503 1294 1710 1344 reliquum

112 1357 155 1396 id
183 1370 314 1407 genus
345 1357 650 1406 improbitatis:
688 1358 797 1406 quod
834 1358 1001 1406 ineptus
1034 1357 1112 1396 iste
1145 1360 1345 1406 tanquam
1374 1371 1398 1395 a
1427 1372 1493 1397 me
1523 1359 1709 1398 fauorem

112 1424 361 1472 captaturus,
391 1421 546 1460 litteris
571 1422 623 1460 ad
645 1435 712 1460 me
736 1422 845 1461 datis
872 1422 1007 1461 illeuit
1033 1425 1120 1461 tam
1150 1422 1321 1460 verbose
1348 1436 1471 1472 quam
1496 1424 1708 1474 impuden-

109 1487 281 1526 tissime.
354 1487 488 1526 Locus
508 1489 570 1525 est
591 1486 749 1525 Mathei
768 1487 905 1537 primo
925 1488 1068 1537 capite,
1092 1487 1164 1525 vbi
1182 1487 1336 1525 videris
1354 1488 1539 1527 refellere
1559 1489 1707 1528 diuum

109 1551 418 1603 Hieronymum
456 1552 502 1590 in
535 1552 716 1590 dictione
748 1553 942 1592 videlicet
973 1555 1059 1602 Πᾎῌ,
1090 1553 1239 1602 pagina
1270 1563 1371 1600 237:
1412 1554 1532 1603 ‘¹723'
1569 1554 1707 1605 inquis
1729 1573 1766 1595 10

111 1615 257 1658 ‘diuus
285 1618 571 1667 Hieronymus
595 1619 778 1666 concipiet
803 1618 942 1667 vertit,
962 1632 1057 1656 cum
1083 1620 1235 1666 tamen,
1260 1620 1304 1656 vt
1334 1618 1530 1657 Hebraici
1558 1621 1702 1669 apices,

109 1682 190 1721 duo
231 1682 387 1721 scilicet
435 1695 580 1730 camez,
627 1682 824 1728 indicant,
866 1683 1094 1732 praesentis
1136 1683 1191 1721 sit
1233 1683 1440 1732 temporis.
1510 1683 1707 1722 Preteriti

107 1749 248 1786 autem
268 1750 386 1796 esset,
409 1748 445 1786 si
464 1761 598 1785 vnum
617 1747 723 1786 foret
745 1748 904 1786 camez.’

159 1812 376 1851 Excitatus
412 1812 567 1862 partim
611 1812 797 1850 hominis
843 1813 1081 1851 istiusmodi
1127 1813 1370 1862 petulantia,
1411 1813 1563 1862 partim
1609 1825 1704 1851 casu

107 1878 297 1927 quodam,
333 1880 417 1916 tres
449 1877 579 1916 libros
611 1891 710 1927 paro
744 1878 1064 1916 Institutionum
1098 1878 1143 1915 in
1178 1878 1337 1916 litteras
1371 1877 1590 1917 Hebraeas.
1650 1878 1703 1916 In
1725 1898 1760 1929 15

105 1942 241 1993 primo
279 1945 417 1981 autem
455 1942 572 1990 libro,
611 1955 657 1988 14
693 1942 836 1992 capite,
873 1942 946 1981 vbi
978 1943 1027 1981 de
1062 1946 1210 1981 natura
1239 1945 1489 1992 punctorum
1519 1942 1704 1993 exposita

107 2007 309 2057 quaedam
337 2007 488 2055 indico,
520 2007 646 2046 huius
674 2007 911 2056 prophetiae
939 2007 1075 2046 locum
1105 2008 1341 2057 exemplum
1378 2007 1512 2056 habui,
1545 2021 1700 2046 canone

106 2072 299 2111 videlicet
330 2080 381 2108 20.
439 2072 681 2111 Cuiusmodi
711 2072 876 2121 linguae
909 2074 1071 2111 sanctae
1103 2073 1365 2122 proprietatis
1398 2074 1438 2111 te
1472 2073 1602 2111 obiter
1634 2074 1700 2112 ad-

105 2150 266 2176 moneo.
319 2138 483 2176 Canone
502 2137 638 2186 primo
657 2137 716 2175 ita
735 2137 998 2186 scripsimus:
1033 2137 1308 2176 ‘Preteritum
1327 2139 1556 2187 perfectum
1571 2139 1698 2177 ferme

105 2201 232 2241 habet
257 2202 334 2240 sub
360 2201 494 2251 priore
519 2202 693 2250 kametz,
724 2203 765 2239 et
793 2202 872 2240 sub
899 2202 1025 2240 altera
1051 2202 1188 2252 patha,
1212 2205 1258 2240 vt
1287 2203 1383 2250 ἾῚ-ὓῐέ,
1406 2205 1528 2253 atque
1557 2203 1698 2241 eadem
1720 2221 1759 2242 20

104 2268 257 2317 puncta
275 2280 348 2316 per
366 2279 510 2305 omnes
535 2279 733 2316 personas
757 2267 972 2316 vtriusque
998 2267 1162 2305 numeri
1182 2267 1446 2306 custodiunt.’
1532 2268 1585 2306 Et
1604 2272 1698 2318 post

104 2331 186 2370 alia
213 2344 416 2369 canonem
448 2338 513 2378 2¹1¹,
536 2331 607 2380 qui
632 2331 766 2381 magis
786 2331 835 2369 ad
858 2344 947 2369 rem
973 2333 1045 2379 est,
1073 2331 1193 2380 posui
1219 2332 1319 2381 ipsis
1342 2331 1479 2370 verbis
1501 2332 1547 2370 in
1575 2333 1626 2371 he
1655 2336 1697 2370 et

102 2395 224 2445 aleph
243 2395 493 2434 exeuntibus
518 2395 562 2433 in
588 2396 700 2434 hunc
725 2396 923 2434 modum:
955 2395 1154 2434 ‘Nullum
1180 2396 1425 2446 preteritum
1446 2397 1621 2435 verbum
1649 2397 1695 2435 iu

102 2460 224 2510 aleph
261 2460 327 2498 vel
361 2460 412 2498 he
442 2459 638 2498 Vltimam
670 2460 823 2498 finiens
858 2460 1045 2498 admittit
1082 2461 1207 2510 patha
1239 2460 1316 2498 sub
1354 2461 1543 2510 proxima
1575 2461 1694 2500 litera

104 2525 380 2572 antecedente,
410 2524 452 2562 id
481 2527 544 2562 est
572 2524 616 2562 in
645 2524 860 2573 posteriori
888 2524 1057 2574 syllaba,
1088 2525 1348 2574 peculiariter
1373 2528 1511 2564 autem
1536 2526 1690 2574 kamez,
1713 2543 1750 2574 25

102 2590 282 2639 adeoque
301 2591 498 2639 perpetuo
517 2589 702 2639 requirit,
725 2590 772 2628 vt
792 2591 876 2638 Πᾎζῐ,
901 2591 1076 2638 coacepit.
1158 2590 1225 2628 Ita
1245 2590 1356 2628 enim
1379 2590 1530 2639 legitur
1548 2591 1693 2630 Esaiae

106 2652 207 2701 7tim0
239 2654 397 2703 capite:
449 2666 572 2702 quam
609 2654 861 2692 sententiam
891 2654 996 2692 tanti
1033 2655 1256 2704 prophetae
1292 2654 1406 2692 lubet
1447 2655 1691 2705 explicatius

144 2741 219 2771 561.
245 2751 295 2770 10.
320 2742 394 2787 ΠᾟἾ
417 2742 493 2770 LB:
521 2742 587 2787 ΠῚζῖ
616 2742 684 2771 MS.
796 2742 870 2790 '’l-ll]
895 2743 1013 2771 Annot.
1030 2743 1065 2770 in
1081 2742 1122 2771 N.
1141 2743 1252 2772 Insita:
1279 2743 1343 2790 ζὶῚζΙ
1369 2743 1437 2772 MS.
1544 2751 1595 2772 12.
1618 2741 1688 2773 duo

104 2799 217 2826 ᾼιιηοΐ,
235 2797 271 2824 in
285 2778 433 2825 Nln'str.
451 2804 459 2823 ε
483 2778 552 2824 ᾶιιτθ
568 2796 636 2824 MS.
748 2804 797 2832 19.
822 2795 932 2824 ferme
948 2797 1018 2825 MS.
1033 2805 1038 2824 :
1063 2794 1261 2834 plerunque
1278 2805 1309 2824 α.
1434 2805 1486 2826 20.
1509 2797 1544 2826 et
1560 2798 1635 2827 add.
1653 2809 1686 2827 α.

100 2851 188 2897 apg)
210 2851 300 2880 its:
331 2850 424 2898 -νρςε,
446 2848 550 2888 dixit,
576 2841 673 2897 πρῴ,
695 2848 888 2880 custodiuit
910 2860 952 2878 a:
981 2850 1063 2898 Ἶρις
1086 2851 1149 2880 LB.
1351 2858 1403 2887 25.
1437 2850 1632 2888 posteriore
1653 2862 1685 2882 a.

102 2905 153 2934 26.
180 2905 254 2951 Πᾊζὶ
270 2905 372 2933 aLB:
403 2905 468 2952 ζὶῚζῐ
492 2905 560 2933 MS.
690 2912 744 2940 27.
768 2912 876 2942 quam
893 2913 951 2933 om.
969 2915 999 2933 α.

401 3007 476 3037 561.
502 3016 532 3037 2.
556 3006 729 3048 hominis]
746 3007 778 3037 A
794 3007 1027 3045 Franciscan3
1052 3008 1095 3037 cf.
1114 3007 1174 3046 Ep.
1193 3017 1265 3046 557.
1287 3017 1360 3047 7—9.
