2010 3417
148 232 243 287 574]
453 236 608 275 FROM
646 233 1019 276 sAGUNDINUs
1055 233 1125 273 rro
1164 232 1436 273 MUSURUS
1663 232 1740 269 549

145 344 307 394 possint
335 345 510 384 homini.
568 344 687 384 Nosti
719 342 1025 383 exactissimam
1057 341 1496 391 emunctissimamque
1524 341 1740 391 vtriusque

146 410 312 460 linguae
332 411 562 449 doctrinam
580 411 679 449 eius.
741 410 834 448 Non
861 421 905 447 es
924 410 1133 459 praeterea
1151 408 1322 458 ignarus
1341 420 1465 457 quam
1484 408 1598 445 totus
1617 406 1740 445 illuni

147 476 343 525 suspiciat
371 478 412 514 et
440 477 672 514 admiretur
698 474 818 513 orbis.
895 474 975 513 Oui
1004 473 1172 524 quidem
1201 473 1363 511 felicem
1392 472 1515 511 istam
1544 474 1661 510 tuam
1691 471 1739 510 ad

146 541 555 591 Archiepiscopatum
581 541 883 591 promotionem
913 540 1056 578 notam
1085 551 1171 577 esse
1199 537 1325 577 volui.
1385 536 1652 576 Exhilaratus
1680 538 1741 575 est
1760 546 1800 580 70

146 606 345 645 continuo
374 605 441 645 vir
465 606 537 644 ille
567 605 896 644 humanissimus
921 605 962 643 et
988 606 1059 642 tuo
1085 602 1195 642 felici
1220 616 1410 642 successu
1436 602 1740 653 quammaxime

144 673 207 710 est
240 671 403 710 letatus.
462 671 622 710 Aderat
653 671 765 709 enim
793 672 894 708 tunc
922 669 1104 707 Thomas
1133 668 1284 717 Morus,
1317 681 1426 707 vnus
1452 681 1503 707 ex
1531 667 1741 718 primariis

147 735 329 774 Londini
372 736 544 780 ciuibus,
583 749 677 774 vere
722 735 974 785 optimorum
1012 747 1179 773 morum
1217 734 1378 783 insigne
1418 734 1637 783 exemplar,
1678 735 1739 772 tui

146 801 330 840 nominis
359 801 694 849 amantissimus3
733 801 851 839 cuius
878 799 1193 838 celeberrimum
1222 812 1375 837 nomen
1404 812 1488 837 11011
1517 799 1660 837 dubito
1688 799 1738 838 ad

145 880 264 905 aures
291 869 386 906 tuas
414 867 587 906 antehac
615 867 842 906 aduolasse.
899 866 989 914 Quo
1018 865 1119 913 viro,
1152 865 1269 903 crede
1298 864 1414 911 mihi,
1446 864 1554 903 nihil
1584 865 1628 902 in
1657 864 1742 903 vita
1760 873 1799 907 75

143 934 366 982 excogitari
385 933 451 971 vel
472 932 629 983 inquiri
653 934 788 982 potest
812 931 1043 979 iucundius,
1066 930 1234 969 suauius
1254 932 1375 980 atque
1394 929 1596 979 lepidius:
1625 930 1740 968 cuius

144 996 365 1036 mirificam
398 998 443 1036 in
477 997 691 1036 scribendo
725 997 981 1047 elegantiam,
1007 995 1204 1034 orationis
1237 996 1496 1042 structuram,
1534 994 1738 1033 delectum

144 1062 364 1101 verborum
402 1064 783 1112 sententiarumque
818 1061 1117 1100 rotunditatem
1148 1073 1232 1098 non
1266 1060 1408 1098 minus
1440 1072 1584 1098 omnes
1616 1060 1739 1109 pleno

144 1141 214 1166 ore
246 1129 432 1178 apprime
463 1128 636 1166 laudant
668 1130 708 1166 et
741 1126 949 1166 extollunt
977 1139 1103 1177 quam
1128 1125 1288 1176 ingenii
1320 1138 1493 1163 acumen
1521 1124 1740 1175 Latinique

145 1193 347 1232 sermonis
390 1193 591 1243 policiem,
633 1193 749 1231 omni
794 1192 978 1240 candore,
1016 1191 1256 1238 festiuitate‚
1291 1190 1427 1229 acutia
1462 1190 1739 1240 facilitateque
1759 1196 1799 1223 80

144 1258 349 1307 refertam,
382 1272 645 1307 summopere
672 1258 943 1296 admirantur.
1017 1257 1168 1295 Totum
1197 1255 1312 1294 enim
1339 1268 1418 1303 me,
1450 1255 1600 1293 Presul
1629 1255 1740 1294 beni-

144 1323 355 1372 gnissime,
388 1323 463 1362 tali
498 1324 587 1361 viro
627 1323 721 1361 dedi
750 1324 1029 1372 perpetuoque
1070 1322 1216 1367 dicaui,
1249 1323 1386 1359 totum
1422 1334 1488 1358 me
1526 1321 1563 1358 ei
1601 1320 1739 1358 addixi

144 1388 436 1438 insinuauique
454 1403 463 1436 3
493 1388 538 1426 in
558 1387 676 1426 cuius
695 1387 978 1425 mellitissima
997 1386 1295 1425 consuetudine
1318 1388 1517 1435 tanquam
1541 1386 1586 1422 in
1608 1398 1740 1424 amoe-

145 1454 320 1492 nissimo
340 1453 566 1492 diuersorio
586 1466 681 1502 sepe
707 1452 963 1502 acquiescere
989 1451 1111 1490 soleo.
1171 1451 1342 1500 lneque,
1365 1463 1444 1499 qua
1470 1451 1531 1488 est
1553 1451 1741 1488 humani-

143 1519 227 1558 tate
260 1518 336 1567 vir,
374 1518 626 1567 perbenigne
664 1519 929 1567 amanterque
960 1529 1028 1554 me
1064 1515 1172 1554 vidit
1209 1517 1250 1554 et
1282 1515 1463 1565 excepit:
1501 1529 1582 1566 quo
1615 1515 1663 1554 fit
1697 1518 1741 1554 vt
1760 1520 1800 1560 85

144 1596 361 1634 nunquam
393 1596 485 1622 eum
519 1583 765 1621 conueniam
800 1582 903 1632 quin
933 1595 999 1620 me
1034 1580 1261 1620 doctiorem
1292 1581 1436 1630 suique
1469 1581 1740 1620 amantiorem

146 1649 342 1688 dimittat.
403 1649 484 1697 Qui
514 1648 683 1698 quidem
713 1648 779 1686 vir
819 1647 1083 1686 doctissimus
1114 1645 1291 1685 feliciter
1320 1645 1530 1695 auspicata
1559 1646 1641 1684 ista
1670 1648 1741 1684 tua

142 1714 345 1765 dignitate
365 1714 443 1752 tibi
462 1713 732 1751 vehementer
750 1713 989 1761 gratulatur.

198 1778 419 1828 Reliquum
457 1790 554 1816 vero
593 1777 700 1815 mihi
737 1777 900 1815 videtur
938 1789 1026 1815 esse
1064 1778 1109 1814 vt
1147 1777 1187 1813 te
1226 1775 1532 1824 quammaxime
1569 1788 1740 1824 possum

143 1856 285 1893 rogem
318 1843 609 1891 obsecremque
641 1844 688 1880 vt
723 1855 789 1880 me
824 1841 984 1880 diuinis
1016 1840 1108 1879 istis
1141 1840 1226 1878 tuis
1260 1840 1410 1878 litteris
1444 1839 1620 1890 dignum
1652 1853 1740 1879 esse
1759 1852 1801 1884 90

143 1908 271 1947 velis:
313 1899 421 1957 quod
449 1907 620 1957 quidem
650 1907 686 1945 si
714 1907 787 1945 abs
814 1910 855 1945 te
884 1907 1116 1956 impetraro,
1140 1904 1326 1943 omnium
1357 1904 1643 1944 felicissimum
1673 1919 1739 1944 me

144 1985 232 2011 esse
269 1972 525 2011 existimabo.
587 1973 690 2010 Vale
729 1974 770 2009 et
803 1971 949 2020 gaude,
990 1969 1325 2009 doctissimorum
1364 1969 1583 2008 hominum
1620 1971 1739 2009 iubar

145 2037 530 2087 praeclarissimum,
561 2038 603 2074 et
635 2036 795 2074 Nicolai
831 2037 892 2074 tui
923 2036 1102 2085 ineptias
1131 2047 1259 2084 aequo
1291 2034 1430 2072 animo
1460 2035 1559 2084 lege,
1593 2048 1738 2085 meque

144 2103 189 2141 in
208 2105 455 2153 perpetuum
476 2101 553 2140 tibi
573 2101 912 2140 commendatum
932 2100 1047 2138 habe.

198 2167 378 2206 Londini
404 2166 576 2206 Decimo
603 2166 686 2205 Cal.
714 2165 811 2204 Maii
835 2175 950 2214 1517.
1756 2161 1796 2192 95

539 2270 634 2311 575.
693 2268 823 2309 FROM
856 2269 1040 2309 BEATUS
1072 2266 1338 2307 RHENANUS.

190 2349 377 2386 Deventer
395 2347 472 2384 MS.
491 2358 546 2393 91,
566 2347 592 2383 f.
613 2349 689 2383 180.
1482 2345 1603 2381 Basle.

191 2407 262 2443 LB.
282 2408 377 2452 App.
401 2417 478 2451 134.
1399 2413 1442 2445 24
1460 2402 1567 2448 April
1588 2412 1687 2448 1517.

536 2475 625 2517 [The
641 2474 747 2506 books
764 2473 971 2505 mentioned
988 2471 1137 2504 confirm
1153 2473 1215 2503 the
1232 2471 1343 2513 date]

435 2562 606 2592 BEATVS
637 2561 881 2592 RHENANVS
914 2559 1092 2590 ERASMO
1123 2559 1249 2589 ROTE.
1279 2560 1312 2589 S.
1340 2559 1381 2589 D.
1409 2559 1446 2591 P.

201 2634 414 2672 Rssnmmm
444 2632 550 2670 mihi
579 2632 722 2670 Bruno
750 2631 910 2669 litteras
931 2632 1026 2668 tuas
1051 2630 1096 2667 in
1123 2629 1189 2667 die
1209 2628 1469 2667 ParasceueS.
1529 2628 1622 2666 Non
1641 2627 1735 2678 (est)

144 2712 216 2739 cur
245 2697 468 2748 aegreferas
496 2697 680 2735 aeditum
706 2697 772 2735 hic
796 2695 1000 2734 Theodori
1027 2694 1226 2745 primum.
1282 2694 1504 2733 Adtulerat
1531 2693 1573 2732 id
1603 2693 1735 2732 libelli

148 2764 316 2815 quidam
337 2763 562 2812 impressor
582 2762 766 2800 Louanio
786 2761 956 2800 veniens
975 2761 1021 2798 vt
1039 2759 1246 2806 venderet,
1268 2761 1308 2796 et
1334 2758 1417 2797 nisi
1441 2758 1593 2797 donato
1616 2758 1734 2798 Nouo

190 2850 263 2880 574.
282 2849 333 2888 67.
360 2851 510 2888 possunt
526 2849 558 2882 β,
626 2846 704 2881 affl:
728 2848 915 2887 virtusque
931 2845 978 2881 βῙ.
1081 2847 1135 2884 69.
1158 2844 1235 2879 αβ2;
1261 2846 1458 2885 suspiciant
1474 2844 1521 2879 B‘.
1588 2845 1733 2885 quidem

145 2892 222 2928 affl:
249 2892 343 2932 quod
358 2891 407 2926 18².
500 2901 550 2931 72.
574 2890 656 2925 <23²2
677 2890 803 2922 Tomas
819 2889 870 2925 13¹.
968 2891 1020 2920 80.
1047 2888 1124 2923 1:13²:
1149 2888 1392 2930 facilitateque
1407 2886 1456 2922 [3¹.
1546 2889 1598 2928 83.
1621 2890 1735 2920 melli-

146 2937 287 2969 tissima
301 2947 320 2965 a
336 2947 343 2966 :
367 2935 607 2974 inclytissima
623 2936 656 2968 β.
763 2935 816 2972 85.
840 2933 939 2964 videt
956 2935 1019 2964 LB.
1102 2931 1235 2972 exeipit
1249 2933 1283 2966 β.
1365 2931 1438 2964 575.
1459 2942 1485 2963 1.
1511 2933 1564 2963 est
1580 2934 1654 2964 add.
1671 2935 1731 2964 LB.

188 3024 262 3055 575.
292 3033 318 3054 1.
345 3022 486 3063 Bruno]
511 3021 724 3053 Amorbach.
1057 3018 1286 3060 Parasceues]
1315 3029 1353 3050 10
1368 3018 1454 3059 Apr.
1476 3029 1569 3059 1517.

620 3075 651 3097 2.
675 3063 866 3105 Theodori]
892 3063 943 3094 Cf.
963 3063 1024 3104 Ep.
1044 3063 1255 3103 428111trod.
