2010 3417
149 174 246 229 447]
551 175 621 214 ΤΟ
660 173 1003 214 LAMBERTUS
1041 171 1343 212 GRUNNIUS
1663 168 1744 206 299

203 286 304 325 Erat
332 285 581 333 Florentius,
611 286 657 324 vt
686 285 772 323 fere
801 284 937 323 solent
966 284 1055 322 nati
1088 282 1254 331 litteris,
1283 295 1423 321 rerum
1457 279 1745 319 communium

147 354 190 390 et
218 352 440 401 imperitus
469 353 510 390 et
542 350 770 401 negligens,
801 352 926 400 atque
955 349 998 388 in
1027 349 1094 388 his
1123 349 1230 387 mira
1257 347 1528 397 simplicitas3
1568 345 1745 395 reperias

148 417 263 456 enim
283 417 484 466 quosdam
505 419 600 455 ante
623 416 731 466 pilos
756 416 910 454 astutia
934 415 1132 464 puberes;
1161 427 1235 452 nec
1261 413 1362 452 alibi
1387 425 1511 462 quam
1531 411 1576 449 in
1596 409 1748 449 studiis

150 483 314 521 valebat
342 481 571 532 ingenium.
630 482 738 520 Nam
769 481 850 519 huc
878 482 1016 519 totum
1044 479 1281 518 intenderat
1313 480 1354 517 et
1386 479 1467 516 huc
1500 477 1544 515 vi
1576 477 1746 514 naturae

150 548 395 598 rapiebatur,
431 548 482 586 ab
515 547 716 585 infantiae
754 545 992 596 crepundiis
1028 547 1216 583 versatus
1253 545 1298 582 in
1332 543 1496 582 scholis.
1568 541 1746 590 Corpore

150 612 335 661 delicato,
358 614 428 651 sed
455 614 598 651 tamen
626 611 786 661 ingenii
811 610 934 649 rebus
963 610 1062 648 satis
1088 609 1363 657 accommodo,
1385 607 1456 646 vix
1481 607 1583 645 dum
1603 604 1749 644 aetatis

149 691 309 716 annum
356 678 570 728 ingressus
617 678 825 716 decimum
868 678 1047 714 sextum.
1118 674 1346 721 Postremo,
1393 673 1500 711 febri
1547 672 1748 721 quartana.

151 742 382 792 languidus,
413 756 517 793 quae
545 756 722 793 puerum
750 742 833 780 iam
862 754 986 791 supra
1013 753 1171 778 annum
1200 739 1379 786 tenebat,
1406 751 1457 776 ex
1486 738 1557 776 illa
1586 735 1749 775 sordida

149 809 192 846 et
210 807 405 846 illiberali
425 809 666 848 educatione
685 808 864 846 collecta.
925 807 1014 855 Quo
1041 818 1084 843 se
1103 806 1280 843 verteret
1300 804 1398 842 talis
1416 801 1749 841 adolescentulus

150 873 415 923 vndiquaque
435 874 624 923 proditus
644 887 690 912 ac
709 873 948 921 destitutus,
966 884 1106 909 rerum
1127 870 1318 908 omnium
1333 869 1449 907 rudis
1467 881 1542 906 nec
1562 881 1585 905 a
1604 865 1749 904 morbo

150 937 287 977 liber‘?
342 941 412 977 An
443 953 527 978 non
553 939 621 977 hic
648 938 750 978 satis
775 938 1013 977 adhibitum
1039 938 1102 974 est
1121 935 1341 974 violentiae
1360 934 1410 972 ad
1435 931 1750 983 propellendum

151 1004 302 1053 quouis
339 1005 543 1054 puerilem
579 1005 801 1043 animum?
869 1002 1064 1042 Perstitit
1102 1000 1172 1039 ille
1209 1002 1351 1038 tamen
1390 998 1434 1036 in
1473 1011 1557 1036 non
1595 999 1750 1035 temere

152 1071 350 1119 concepta
378 1070 596 1109 sententia.

208 1135 375 1174 Interea
402 1137 516 1174 tutor
544 1136 616 1174 ille
645 1135 835 1183 stolidus,
859 1147 911 1172 ne
937 1147 1022 1171 non
1050 1133 1264 1183 perficeret
1290 1130 1398 1180 quod
1427 1128 1679 1173 instituerat,
1701 1124 1750 1163 ad

155 1201 434 1250 peragendam
462 1201 649 1239 fabulam
674 1201 873 1239 subornat
902 1199 1038 1238 varias
1064 1211 1258 1248 personas
1284 1195 1440 1234 diuersi
1469 1196 1602 1233 status
1630 1193 1752 1241 atque

153 1265 280 1304 etiam
300 1279 431 1315 sexuS,
456 1266 694 1314 monachos,
714 1265 1056 1313 semimonachos,
1075 1266 1270 1313 cognatos
1289 1263 1331 1300 et
1351 1262 1556 1310 cognatas,
1580 1258 1752 1296 iuuenes

152 1342 200 1368 ac
230 1343 359 1379 senes,
390 1333 512 1370 notos
545 1333 587 1370 et
618 1331 792 1381 ignotos
855 1331 974 1368 Inter
1004 1343 1106 1379 quos
1136 1330 1256 1367 erant
1283 1327 1452 1377 quidam
1480 1325 1579 1363 adeo
1608 1323 1754 1361 natura

154 1395 259 1434 fatui
287 1397 344 1444 vt,
377 1397 460 1435 nisi
493 1409 564 1435 eos
595 1396 925 1434 commendasset
954 1408 1066 1434 sacra
1094 1393 1234 1442 vestis,
1264 1406 1338 1442 pro
1368 1389 1628 1430 morionibus
1657 1399 1752 1425 cum

150 1460 349 1500 auriculis
381 1475 427 1500 ac
455 1461 722 1500 tintinabulis
755 1460 980 1511 publicitus
1013 1458 1362 1498 obambulassent.
1437 1456 1568 1494 Erant
1606 1455 1646 1492 et
1683 1451 1755 1490 alii

152 1539 256 1575 quos
275 1527 456 1566 arbitror
475 1528 768 1578 superstitione
785 1539 971 1576 peccasse
991 1525 1123 1575 magis
1142 1536 1268 1574 quam
1287 1522 1498 1561 maliciosa
1511 1519 1727 1559 voluntate
1745 1532 1753 1564 ;

154 1591 226 1629 sed
261 1592 360 1641 quid
393 1594 518 1632 refert
550 1592 772 1643 pereuntis,
807 1591 985 1630 stultitia
1022 1590 1232 1640 iuguletur
1267 1603 1321 1628 an
1358 1599 1550 1637 peruerso
1583 1583 1754 1623 studio‘?

157 1655 226 1694 Ibi
264 1659 365 1707 quot
407 1659 608 1697 arietibus
647 1658 832 1708 quatitur
873 1656 1043 1707 puerilis
1080 1656 1271 1694 animus!
1345 1653 1468 1691 Alius
1508 1648 1755 1701 depingebat

155 1721 334 1760 amabile
379 1723 649 1762 simulacrum
697 1723 950 1761 monasticae
997 1720 1327 1770 tranquillitatis,
1367 1719 1524 1768 optima
1570 1726 1755 1765 quaeque

158 1785 381 1836 decerpens
408 1789 481 1837 (sic
501 1788 662 1827 laudari
685 1789 819 1838 potest
844 1789 886 1825 et
913 1788 1111 1836 quartana
1135 1784 1288 1833 febris),
1319 1796 1405 1822 non
1434 1794 1562 1832 pauca
1587 1779 1756 1829 largiter

155 1851 428 1901 admentiens‚
449 1854 518 1892 sed
534 1854 696 1892 diuersa
711 1853 988 1902 supprimens.
1026 1850 1152 1889 Alius
1171 1851 1275 1900 μάλα
1293 1851 1473 1900 τραγικῶς
1487 1843 1757 1896 exaggerabat

157 1917 282 1955 huius
311 1919 461 1957 mundi
489 1918 688 1968 pericula,
718 1918 836 1967 quasi
865 1917 1059 1955 monachi
1088 1916 1174 1954 sint
1203 1917 1320 1953 extra
1347 1913 1580 1958 mundum3
1619 1921 1757 1960 quem-

156 1981 386 2021 admodum
420 1984 576 2033 seipsos
608 1983 789 2033 pingunt
826 1983 872 2020 in
906 1983 1009 2020 bene
1048 1981 1213 2019 munita
1249 1978 1358 2026 naui,
1396 1979 1576 2017 caeteros
1613 1986 1758 2013 omnes

157 2047 282 2087 vndis
314 2049 466 2097 iactari,
503 2049 710 2099 perituros
742 2048 825 2086 nisi
858 2048 910 2086 ab
948 2047 1033 2085 illis
1067 2047 1213 2084 contus
1251 2044 1487 2094 porrigatur
1522 2043 1593 2080 aut
1630 2039 1753 2078 funis.

156 2112 282 2152 Alius
315 2114 497 2163 ponebat
534 2115 586 2153 ob
624 2114 765 2153 oculos
801 2112 1003 2151 terrificos
1036 2112 1266 2149 inferorum
1300 2109 1516 2155 cruciatus,
1552 2106 1670 2156 quasi
1707 2117 1756 2142 ex

158 2179 422 2218 monasteriis
449 2193 533 2217 non
564 2181 704 2229 pateat
733 2179 812 2217 iter
844 2179 890 2216 in
924 2178 1104 2215 Tartara.
1164 2175 1290 2215 Alius
1323 2173 1522 2213 fabulosis
1555 2170 1758 2220 exemplis

158 2244 402 2293 territabat;
445 2248 543 2284 sunt
581 2245 695 2283 enim
733 2244 800 2282 his
838 2242 1164 2282 instructissimi.
1237 2241 1414 2289 Quidam
1446 2239 1583 2278 viator
1619 2236 1758 2275 labore

158 2309 291 2348 fessus
310 2310 465 2348 insedit
484 2312 599 2360 tergo
619 2309 817 2357 draconis,
841 2311 993 2358 putans
1010 2310 1207 2346 truncum
1227 2305 1386 2344 arboris
1404 2317 1502 2342 esse.
1543 2302 1758 2341 Excitatus

159 2374 282 2412 draco
310 2376 462 2413 reflexo
490 2376 594 2414 collo
621 2375 836 2413 deuorauit
862 2373 1088 2412 hominem.
1150 2372 1216 2410 Sic
1242 2370 1425 2409 mundus
1453 2369 1621 2407 deuorat
1647 2377 1756 2404 suos,

161 2438 340 2486 Quidam
358 2440 464 2478 forte
482 2441 682 2479 inuiserat
699 2439 1002 2478 monachorum
1017 2437 1292 2476 sodalitatem.
1335 2435 1473 2483 Quum
1489 2433 1760 2471 vehementer

161 2503 366 2542 inuitatus
394 2507 440 2543 vt
469 2505 555 2543 illic
581 2506 777 2551 maneret,
801 2505 1041 2554 persisteret
1067 2503 1112 2540 in
1141 2500 1357 2546 sententia,
1388 2497 1585 2543 discessit,
1613 2495 1684 2534 sed
1712 2493 1759 2531 in

162 2568 231 2606 via
250 2569 398 2607 obuius
417 2569 482 2608 leo
501 2570 741 2608 dilacerauit
767 2569 977 2607 miserum.
1039 2567 1323 2606 Narrabantur
1344 2566 1385 2602 et
1405 2563 1495 2601 visa
1514 2560 1755 2611 p1·od1giosa‚

164 2646 248 2671 non
268 2634 409 2672 minus
427 2634 568 2684 inepta
587 2647 712 2683 quam
728 2647 831 2683 quae
852 2633 1038 2671 aniculae
1053 2633 1103 2670 de
1118 2630 1290 2680 spectris
1309 2643 1354 2667 ac
1374 2626 1604 2666 lemuribus
1623 2625 1759 2663 solent

162 2711 496 2737 commemorare.
557 2698 735 2747 Quidam
763 2699 925 2736 diuerso
946 2697 1180 2735 fabularum
1205 2707 1353 2745 genere
1375 2691 1679 2738 sollicitabant3
1710 2689 1759 2727 de

163 2763 365 2802 monacho
403 2764 573 2813 quicum
606 2763 718 2801 horis
751 2763 911 2812 aliquot
945 2761 1130 2810 quotidie
1165 2758 1508 2798 confabulabatur
1543 2755 1759 2802 Christus;

163 2829 213 2867 de
243 2828 434 2867 Catarina
462 2828 647 2875 Senensi,
671 2827 737 2865 cui
762 2827 922 2876 puellae
950 2827 1067 2864 tanta
1093 2825 1174 2862 fuit
1204 2837 1298 2862 cum
1327 2823 1492 2861 Christo
1517 2833 1668 2870 sponso
1693 2819 1761 2858 vel

804 2911 878 2940 254.
902 2911 940 2932 ac
957 2903 1012 2931 H:
1036 2901 1062 2931 ἃ
1078 2902 1120 2932 N.

209 2999 282 3028 275.
330 2987 515 3028 Catarina]
543 2988 580 3018 of
605 2988 712 3018 Siena
739 2987 929 3027 (1347—29
996 2986 1034 3016 of
1046 2985 1171 3016 Urban
1188 2993 1237 3021 VI,
1254 2983 1317 3014 the
1334 2982 1471 3013 Italian
1488 2981 1582 3021 Pope
1596 2992 1604 3020 3
1631 2990 1762 3011 canon-

164 3033 268 3073 April
288 3033 399 3073 1380),
418 3032 480 3062 the
495 3032 687 3071 champion
701 3030 738 3061 of
747 3030 843 3070 Italy
857 3030 929 3061 and
997 3029 1075 3059 ized
1095 3030 1189 3067 1461.
1238 3028 1302 3058 See
1319 3026 1512 3065 Creighton
1529 3025 1542 3054 i
1558 3024 1630 3055 and
1647 3024 1683 3055 ii.

1770 549 1832 579 ²40

1767 876 1827 906 245

1771 1202 1832 1234 250

1774 1528 1832 1560 255

1777 1847 1838 1879 260

1777 2173 1835 2214 265

1780 2832 1840 2865 275
