2010 3417
201 181 282 219 588
663 176 918 215 LETTERS
961 176 1030 214 OF
1068 176 1332 232 ERASMUS
1673 175 1712 227 [1
1722 188 1742 226 5
1751 188 1793 224 17

200 289 475 328 clarissimum
495 287 614 325 facile
628 289 699 325 tua
715 286 936 335 disciplina
950 299 995 325 ac
1010 285 1298 335 praeceptione
1312 285 1372 323 ita
1386 284 1554 323 institui
1567 285 1799 334 erudirique

200 368 326 404 posse,
350 356 394 392 vt
418 353 570 402 dignus
589 351 660 390 ille
683 354 896 390 tantarum
920 364 1061 389 rerum
1086 350 1332 401 imperiique
1351 350 1607 389 successione
1625 349 1800 397 euadat;

143 435 181 468 15
201 420 271 469 qui
291 419 402 468 regni
425 419 512 456 tam
533 416 723 467 opulenti
740 417 850 455 vires
869 418 909 454 et
935 415 1108 454 consilia
1126 429 1149 454 a
1174 416 1294 454 bellis
1318 415 1404 454 iam
1429 414 1652 465 plusquam
1672 414 1800 453 ciuili-

199 485 276 523 bus
295 484 346 521 ad
378 483 488 521 iusta
508 482 549 520 in
573 482 752 532 impium
779 481 944 520 hostem
971 494 1086 520 arma.
1105 482 1332 529 conuertat,
1366 481 1436 530 qui
1463 480 1624 519 litteras
1647 480 1800 518 littera-

200 552 345 599 tosque
375 561 519 586 omnes
547 549 589 585 et
617 549 730 585 amet
764 549 806 584 et
835 547 984 585 foueat.
1043 546 1187 596 Neque
1215 559 1314 584 vero
1347 546 1493 584 dubito
1524 558 1615 584 eam
1642 557 1730 583 esse
1757 545 1801 583 in

199 616 310 664 Rege
340 615 413 651 tuo
450 612 636 651 indolem
664 614 723 660 vt,
755 613 790 650 si
824 612 892 650 vel
920 611 1135 650 tantillum
1168 611 1366 660 adnitare,
1398 623 1485 650 non
1516 611 1628 649 lente
1661 609 1802 649 omnia

201 678 531 719 cumulatissime
550 680 731 728 praestet
749 692 758 725 ;
792 680 832 716 et
852 679 894 716 te
913 691 960 716 ea
981 675 1214 727 prudentia,
1237 690 1286 715 eo
1306 690 1447 715 rerum
1466 690 1544 715 vsu
1567 675 1801 726 praeditum

144 761 183 783 20
200 759 288 784 esse
306 744 503 793 intelligo,
517 745 562 781 vt
578 756 663 781 non
675 745 762 781 tam
781 743 996 793 priuatum
1017 742 1282 781 commodum
1302 744 1424 781 tuum
1444 755 1569 792 quam
1587 741 1802 792 publicum

200 811 358 849 bonum
387 811 552 848 secutus
581 809 648 847 sis.
707 808 910 847 Adnitere
938 808 1076 858 igitur,
1101 808 1274 846 Erasme
1303 807 1554 855 charissime,
1578 809 1625 845 vt
1655 820 1727 856 pro
1757 820 1802 845 ea

200 876 421 914 autoritate
452 887 577 925 quam
597 873 674 912 tibi
698 874 781 912 iam
804 873 1108 924 amplissimam
1133 873 1281 911 merito
1301 872 1558 922 comparasti,
1582 885 1738 922 proque
1756 886 1803 911 ea

201 941 423 980 hominum
443 940 492 978 de
511 942 553 978 te
573 939 766 989 opinione
786 951 911 989 quam
930 938 1145 988 ingentem
1165 938 1364 987 excitasti,
1382 936 1463 990 [vt]
1485 937 1662 987 dignum
1682 937 1803 976 illum

201 1009 252 1054 te,
277 1006 451 1055 dignum
473 1004 712 1043 Christiano
732 1003 916 1052 nomine,
940 1004 1114 1054 dignum
1135 1004 1365 1042 maioribus
1387 1004 1476 1042 suis
1496 1003 1617 1041 nobis
1636 1003 1803 1041 reddas:

144 1088 182 1120 25
201 1074 247 1109 vt
281 1070 481 1120 gratulari
517 1083 621 1108 auus
658 1069 972 1108 Maximilianus
1007 1069 1095 1107 iure
1127 1069 1170 1107 id
1204 1069 1355 1107 habeat
1384 1068 1494 1119 quod
1527 1069 1576 1106 de
1607 1068 1805 1118 Philippo

202 1137 476 1175 Macedonum
496 1148 591 1184 rege
611 1134 835 1173 memoriae
854 1135 1067 1184 proditum
1087 1136 1173 1182 est3
1205 1135 1301 1173 ὥστε
1320 1135 1471 1183 πολλὴν
1485 1137 1563 1174 τοῖς
1583 1134 1679 1174 θεοῖς
1696 1134 1805 1185 χάριν

202 1203 310 1241 αὐτὸς
329 1200 373 1238 ἂν
394 1202 484 1252 ἔχοι,
508 1202 576 1251 οὔχ
596 1201 708 1240 οὕτως
728 1201 788 1237 ἐπὶ
811 1202 859 1251 τῇ
876 1201 1062 1252 βασιλείᾳ
1081 1203 1146 1238 τοῦ
1167 1200 1297 1241 παιδὸς
1317 1202 1364 1241 ὡς
1383 1201 1444 1239 ἐπὶ
1462 1203 1515 1252 τῷ
1535 1203 1628 1239 κατὰ
1647 1201 1715 1249 τὴν
1730 1199 1803 1247 σὴν

203 1268 351 1315 ἡλικίαν
372 1267 550 1316 Κάρολον
570 1267 773 1318 γεγονέναι.

257 1333 453 1371 Ceterum
483 1332 533 1370 de
553 1332 620 1370 his
639 1331 754 1370 alias.
816 1331 937 1369 Nunc
957 1332 1008 1370 ad
1029 1331 1249 1381 epistolam
1272 1334 1388 1370 tuam
1406 1332 1512 1370 mihi
1531 1332 1615 1370 iam
1641 1331 1804 1381 pridem

143 1412 184 1442 30
201 1397 274 1435 abs
299 1399 340 1436 te
360 1397 565 1435 redditam
584 1398 718 1435 venio.
781 1397 935 1435 Scribis
964 1399 1004 1434 te
1031 1397 1194 1435 audisse
1223 1397 1334 1435 Aldo
1360 1410 1427 1435 me
1461 1397 1507 1435 in
1533 1410 1576 1435 re
1605 1396 1805 1435 litteraria

203 1463 386 1501 iuuanda
415 1475 691 1501 successorem
720 1475 809 1501 esse
836 1463 1004 1510 factum,
1028 1464 1145 1501 tanto
1171 1476 1219 1500 eo
1246 1462 1461 1501 meliorem
1485 1464 1531 1500 vt
1560 1462 1632 1500 ille
1659 1475 1732 1511 per
1760 1475 1803 1499 se

204 1529 398 1577 opt-imus,
439 1540 601 1566 mecum
641 1527 826 1576 collatus,
866 1541 1014 1576 parum
1061 1528 1227 1576 probari
1274 1528 1415 1577 possit.
1493 1521 1593 1578 Ego,
1633 1528 1804 1566 Erasme

203 1592 454 1640 charissime,
479 1607 555 1631 nec
576 1607 667 1631 eam
687 1606 865 1642 agnosco
895 1592 1060 1631 laudem
1091 1606 1194 1643 quae
1215 1607 1310 1632 cum
1338 1594 1493 1632 alienae
1520 1594 1654 1632 famae
1683 1592 1805 1631 detri-

202 1660 346 1696 mento
366 1658 472 1696 mihi
490 1659 708 1707 tribuatur,
724 1672 799 1697 nec
819 1660 987 1697 tantum
1007 1658 1115 1696 mihi
1134 1672 1315 1708 vnquam
1336 1672 1524 1708 arrogem
1539 1661 1589 1697 vt
1607 1658 1718 1697 Aldo
1737 1672 1804 1697 me

144 1739 183 1770 35
202 1737 353 1774 parem,
376 1724 533 1762 nedum
563 1725 828 1773 superiorem,
858 1737 946 1762 esse
973 1726 1129 1774 putem.
1191 1724 1300 1762 Nam
1328 1726 1376 1762 vt
1404 1725 1486 1762 alia
1514 1726 1682 1771 taceam,
1713 1724 1805 1774 quis

203 1789 304 1828 Aldi
324 1788 586 1838 industriam,
610 1790 865 1840 patient-iam,
880 1789 1045 1839 vigilias
1065 1791 1210 1840 aequet
1223 1792 1244 1828 ⁶?
1263 1791 1355 1840 quis
1375 1790 1565 1828 ardorem
1584 1780 1805 1828 litterariae

204 1855 264 1892 rei
289 1855 494 1893 iuuandae
513 1855 777 1893 aemuletur?
833 1855 1050 1894 Caeterum
1079 1855 1202 1894 tacite
1230 1856 1309 1894 tibi
1333 1856 1512 1906 ignosco,
1534 1855 1698 1894 homini
1722 1854 1806 1893 mei

205 1919 491 1958 amantissimo
519 1921 578 1957 καὶ
598 1922 640 1958 οὐ
661 1922 754 1958 κατὰ
772 1921 840 1969 τὴν
861 1920 951 1969 ἐμὴν
972 1921 1077 1966 ἀξίαν
1100 1922 1215 1969 φύσει
1245 1920 1655 1960 beneuolentissimo.
1715 1920 1803 1969 Ego

203 1998 301 2022 vero
322 1998 396 2022 nec
416 1985 458 2023 id
478 1986 615 2024 oneris
632 1987 806 2024 interim
825 1985 1087 2035 susciperem.
1139 1986 1322 2025 Paucula
1341 1988 1509 2025 tantum
1527 1986 1658 2035 attigi,
1675 1986 1807 2035 magis

145 2067 187 2096 40
204 2050 249 2087 in
269 2063 358 2087 eam
379 2064 495 2100 spem
509 2053 553 2089 vt
575 2054 616 2090 te
635 2051 818 2101 aliosque
837 2052 902 2089 tui
922 2051 1195 2103 simil<l>imos
1215 2053 1436 2091 excitarem
1457 2065 1582 2102 quam
1601 2053 1648 2090 vt
1669 2064 1743 2101 ego
1762 2050 1804 2088 id

204 2115 389 2165 polliceri
419 2117 468 2154 de
494 2130 560 2155 me
583 2117 730 2156 ausim.
793 2117 848 2155 Et
877 2117 1035 2168 alioqui
1060 2131 1126 2156 res
1144 2120 1206 2156 est
1235 2131 1330 2156 cum
1359 2131 1406 2156 eo
1435 2117 1624 2166 mancipe
1653 2116 1734 2166 qui,
1757 2118 1805 2155 vt

205 2181 389 2219 modeste
418 2185 556 2220 tecum
584 2195 717 2231 agam,
750 2195 838 2220 rem
869 2183 1077 2232 priuatam
1108 2184 1241 2233 magis
1273 2195 1399 2233 quam
1431 2182 1641 2232 publicam
1675 2183 1801 2228 curet,

206 2246 404 2296 cuiusque
424 2261 497 2297 ego
518 2248 681 2286 facilius
701 2261 798 2298 opes
818 2261 863 2286 ac
883 2248 1097 2287 fortunam
1118 2262 1243 2298 quam
1269 2252 1433 2298 gratum
1452 2251 1526 2287 aut
1555 2247 1803 2286 beneuolum

205 2311 249 2348 in
279 2313 419 2350 doctos
447 2313 637 2352 homines
662 2314 852 2352 animum
882 2314 1105 2363 probarim.
1165 2314 1282 2362 Quod
1311 2315 1345 2352 si
1374 2314 1480 2352 mihi
1506 2316 1548 2351 οὐ
1578 2314 1674 2359 δέκα,
1697 2313 1804 2363 quod

146 2398 186 2429 45
206 2377 326 2425 φησὶν
339 2378 517 2428 Ὅμηρος,
538 2380 841 2428 συμφράδμονες,
861 2381 932 2417 sed
952 2392 1060 2418 vnus
1079 2382 1121 2417 et
1144 2378 1250 2418 alter
1273 2379 1338 2417 tui
1364 2379 1514 2418 similis
1542 2379 1609 2417 hic
1629 2380 1802 2426 adesset,

206 2442 321 2491 sique
335 2455 382 2481 ea
400 2444 607 2493 proposita
626 2445 809 2494 praemia
829 2457 932 2494 quae
952 2446 1090 2483 tantae
1109 2444 1337 2484 industriae
1351 2458 1396 2484 ac
1415 2445 1547 2483 labori
1567 2445 1805 2492 debeantur,

256 2583 303 2611 13.
330 2574 474 2605 institui
492 2576 524 2604 α’-’
541 2587 547 2605 :
572 2576 707 2606 instrui
721 2574 765 2607 01¹.
941 2585 988 2615 14.
1014 2577 1201 2606 tantarum
1217 2576 1248 2605 α2
1265 2587 1271 2605 :
1295 2578 1397 2606 tanta
1414 2575 1459 2606 αἱ.
1637 2585 1685 2613 15.
1713 2585 1734 2605 a
1748 2575 1781 2605 α2
1797 2588 1803 2607 :

208 2617 247 2646 in
262 2617 305 2647 αὶ.
443 2619 492 2649 18.
517 2618 615 2649 lente
631 2622 743 2656 scripsi
757 2630 764 2648 ε
789 2619 860 2649 late
877 2622 945 2650 MS.
1079 2621 1133 2658 36.
1157 2620 1354 2650 litterariae
1371 2622 1443 2650 add.
1464 2621 1498 2653 β.
1629 2620 1682 2658 38.
1707 2617 1800 2659 φύσει

207 2660 258 2690 12²:
285 2660 365 2698 φασῖ
383 2661 417 2690 αἱ
433 2663 497 2692 LB.
689 2673 741 2701 44.
769 2661 884 2693 οὐδὲκα
898 2663 956 2694 α““’;
980 2661 1092 2694 ευδέκα
1108 2663 1151 2694 αἱ.
1344 2672 1397 2702 45.
1423 2663 1477 2694 11²:
1503 2661 1740 2702 σηνφράδμονες
1754 2662 1801 2694 (2¹.

208 2705 260 2742 46.
292 2705 321 2734 si
340 2714 407 2745 que
423 2705 480 2736 al:
505 2706 535 2735 si
552 2716 584 2744 (13
600 2705 650 2738 a22
677 2708 706 2736 si
723 2708 787 2736 ΖΒ.

254 2836 304 2863 29.
333 2826 536 2866 epistolam]
576 2827 663 2856 This
693 2827 777 2858 does
808 2830 870 2858 not
902 2838 977 2858 sur-
1032 2838 1074 2867 30
1091 2828 1183 2867 May,
1203 2828 1311 2858 when
1329 2828 1496 2858 Erasmus
1517 2837 1631 2858 seems
1653 2830 1688 2858 to
1709 2828 1799 2858 have

210 2868 310 2907 vive;
348 2870 410 2899 but
442 2870 470 2900 it
501 2880 584 2910 may
612 2871 766 2910 perhaps
798 2872 838 2901 be
870 2871 977 2902 dated
1033 2871 1197 2902 resumed
1220 2872 1277 2902 his
1303 2871 1604 2911 correspondence
1627 2873 1719 2902 after
1741 2872 1801 2902 his

211 2910 328 2940 before
362 2912 540 2943 Erasmus’
564 2913 720 2953 journey
746 2917 783 2944 to
809 2914 977 2954 England
1033 2917 1159 2946 return
1172 2915 1252 2955 (Ep.
1267 2915 1357 2954 584).
1383 2915 1435 2945 Cf.
1452 2915 1525 2945 also
1538 2915 1602 2954 Ep.
1619 2915 1694 2953 589.
1707 2925 1750 2953 30
1764 2925 1799 2945 n.

213 2954 259 3002 (p.
279 2956 355 2993 5263
370 2966 380 2999 γε
404 2956 458 2985 for
474 2957 503 2985 it
520 2957 669 2988 reached
691 2957 866 2995 Egnatius
881 2968 977 2989 some
1077 2968 1129 2997 41.
1176 2958 1358 2998 mancipe]
1405 2958 1637 2997 Presumably
1688 2958 1800 2989 Andr.

210 2999 299 3026 time
317 2998 433 3028 before
450 3000 494 3028 he
511 3001 700 3031 answered
715 3001 755 3040 it,
775 3002 846 3031 and
862 3002 976 3032 there·
1033 3002 1237 3039 Asulanu83
1262 3002 1305 3032 cf.
1325 3002 1349 3032 l.
1367 3010 1408 3040 54
1426 3011 1461 3033 n.

211 3040 285 3070 fore
303 3050 373 3070 was
390 3042 562 3081 probably
577 3044 726 3074 written
743 3045 873 3074 earlier
888 3045 977 3075 than
1077 3054 1129 3084 45.
1147 3044 1305 3085 ’Όμηρος]
1329 3048 1370 3076 Il.
1387 3055 1417 3076 2.
1437 3055 1512 3084 372.
