2010 3417
529 119 682 158 FROM
722 119 987 159 WILLIAM
1027 120 1299 160 BUDAEUS
1627 121 1707 160 447

117 115 214 170 522]

114 228 270 279 largius
297 230 367 267 aut
396 228 627 279 benignius.
686 229 741 268 Et
770 232 972 279 quantum
1001 230 1199 269 coniicere
1228 231 1335 279 licet,
1368 231 1566 281 praeclari
1598 231 1711 281 cupit

113 307 204 333 esse
223 294 413 333 conditor
430 294 624 342 instituti,
647 296 694 333 vt
719 294 762 332 in
789 297 999 344 posterum
1019 297 1128 334 artes
1145 295 1338 335 liberales
1357 296 1483 335 etiam
1504 296 1711 347 pertinere

115 360 166 398 ad
205 360 497 409 compendium
525 359 747 398 videantur
779 362 922 398 contra
951 373 1075 410 quam
1104 361 1277 400 solitum
1307 363 1370 400 est
1398 362 1580 401 iamdiu:
1628 375 1709 412 quo

116 425 298 463 maxime
317 424 440 463 modo
458 424 666 463 illustrare
684 426 929 463 memoriam
949 426 1203 476 principatus
1223 427 1287 465 sui
1307 428 1453 476 potest.

168 490 325 528 Verum
344 492 392 528 vt
409 489 487 528 tibi
506 502 740 528 successura
765 490 904 528 omnia
930 491 1167 540 spondeam,
1191 491 1287 530 facit
1314 492 1422 542 quod
1442 492 1639 539 Paruum,
1662 494 1709 530 vt

112 555 213 604 dixi,
244 555 510 594 oricularium
537 567 698 594 sacrum
726 554 947 604 Principis,
978 555 1173 595 Vniuersa
1201 556 1415 595 doctorum
1445 557 1558 595 natio
1586 559 1709 606 atque

114 621 241 659 etiam
278 621 435 659 virtute
477 620 754 669 prestantium
791 619 985 659 habitura
1022 620 1131 659 mihi
1167 621 1334 660 videtur
1372 622 1489 671 quasi
1527 624 1708 661 actorem

112 687 320 736 quendam
342 685 555 735 publicum
584 684 656 734 qui
678 685 724 722 in
748 697 966 724 commune
992 686 1226 735 stipuletur,
1259 687 1552 737 assiduumque
1576 686 1709 725 veluti

112 750 428 798 admonitorem,
451 750 523 800 qui
548 749 743 800 praeclari
768 749 968 800 propositi
992 749 1234 800 Principem
1255 751 1446 790 obliuisci
1474 765 1558 790 non
1584 752 1704 800 sinat,

111 817 155 855 in
183 818 223 854 te
253 815 379 854 etiam
407 816 544 865 ipsum
572 829 617 854 ac
645 817 716 854 tua
744 815 897 864 scripta
924 816 1186 864 peculiariter
1213 829 1476 866 propensum.
1547 816 1708 854 Deinde

112 881 287 920 antistes
315 880 571 928 Parisiensis‚
598 881 833 930 Stephanus
861 880 1127 928 Poncherius,
1160 881 1225 918 vir
1253 894 1418 920 summa
1448 882 1634 920 doctrina
1662 894 1707 920 ac

111 946 298 985 moribus
317 946 556 995 compositis
575 947 616 984 et
636 945 876 993 emendatis,
899 947 946 984 vt
968 946 1004 984 si
1023 946 1118 996 quis
1138 946 1248 985 alius
1266 945 1517 993 antistitum,
1539 947 1707 996 ingenio

111 1015 237 1062 atque
275 1011 481 1050 industria
522 1011 734 1060 singulari,
776 1010 834 1049 cis
878 1011 1011 1061 Alpes
1052 1010 1165 1049 vltra
1203 1011 1333 1061 Alpes
1372 1024 1580 1061 nusquam
1621 1025 1706 1050 non

110 1078 312 1117 obeundis
342 1076 630 1127 legationibus,
658 1090 733 1126 per
755 1076 918 1114 omneis
943 1077 1053 1115 vitae
1079 1077 1233 1126 gradus
1265 1078 1423 1124 auctus,
1459 1090 1532 1126 per
1566 1077 1708 1115 omnia

111 1143 358 1194 reipublicae
395 1143 542 1181 munia
579 1141 838 1190 exercitatus,
880 1141 1139 1181 literatorum
1176 1142 1400 1180 hominum
1437 1144 1630 1181 euocator
1666 1145 1707 1181 et

109 1208 366 1258 amplexator
395 1220 522 1258 eoque
552 1206 720 1245 nomine
749 1208 790 1245 et
818 1207 920 1246 alias
948 1207 993 1245 in
1023 1207 1147 1246 Italia
1176 1207 1329 1246 nobilis
1356 1209 1396 1246 et
1425 1207 1707 1246 celebratus—

112 1276 282 1324 quicum
319 1273 428 1312 mihi
465 1273 742 1322 cognitionem
784 1272 1039 1311 intercedere
1080 1273 1381 1322 predicandum
1420 1286 1507 1312 esse
1547 1274 1707 1311 duco—-

110 1341 270 1389 legatus
297 1352 409 1377 nunc
436 1351 553 1387 agere
582 1337 801 1376 Bruxellae
830 1337 1209 1388 Imperatoremque
1228 1338 1378 1388 operiri
1407 1338 1629 1387 dictitatur,
1654 1339 1704 1376 ad

109 1404 435 1444 renunciandam
461 1403 732 1454 legationem:
763 1403 834 1453 qui
852 1402 948 1452 iam,
969 1405 1017 1442 vt
1037 1403 1194 1453 opinor,
1219 1406 1259 1442 te
1285 1404 1336 1442 ad
1362 1416 1405 1442 se
1429 1403 1702 1450 accersiuerit,

109 1471 146 1510 si
166 1469 388 1509 Bruxellae
406 1468 536 1517 fuisti,
559 1481 638 1518 qua
656 1470 720 1507 est
738 1468 784 1507 in
802 1470 844 1507 te
859 1468 1075 1507 voluntate
1095 1469 1278 1517 affectus,
1297 1471 1344 1508 vt
1364 1469 1415 1508 ab
1435 1482 1482 1508 eo
1502 1468 1702 1516 intellexi,

108 1549 205 1575 cum
232 1535 310 1574 hac
335 1534 423 1584 ipse
447 1534 527 1572 iter
553 1534 651 1572 fecit
675 1534 726 1572 ad
752 1534 1000 1585 legationem
1028 1547 1265 1584 properans.
1326 1534 1382 1583 Is,
1411 1536 1459 1573 vt
1486 1547 1536 1573 ex
1563 1534 1705 1572 fratris

107 1602 198 1640 eius
234 1600 320 1639 filio
353 1598 508 1647 audiui,
545 1612 671 1648 quem
702 1599 807 1637 ferre
844 1599 889 1637 in
928 1599 1059 1638 oculis
1097 1599 1260 1644 dicitur,
1294 1599 1498 1638 librorum
1536 1601 1705 1638 tuorum

108 1666 321 1705 studiosus
352 1666 427 1712 est,
459 1666 661 1713 quantum
695 1665 897 1714 temporis
925 1665 1133 1704 succidere
1162 1665 1407 1704 necessariis
1440 1664 1562 1703 rebus
1594 1664 1704 1703 licet.

107 1731 227 1770 Vidit
251 1743 381 1780 nuper
409 1731 526 1768 tuam
546 1729 656 1768 Noui
674 1730 931 1769 Testamenti
949 1730 1199 1769 aeditionem
1225 1733 1411 1780 apertam
1439 1730 1485 1767 in
1515 1729 1704 1768 cubiculo

107 1798 198 1836 eius
210 1796 442 1834 remotiore.
475 1794 580 1833 Nam
600 1796 642 1832 et
661 1795 749 1844 ipse
769 1797 913 1834 cont-ra
932 1795 1036 1834 istos
1055 1795 1284 1843 archaismi,
1304 1795 1345 1834 id
1366 1796 1429 1834 est
1449 1795 1704 1833 inueteratae

106 1876 154 1901 ac
187 1859 420 1911 deploratae
458 1859 726 1909 ignorantiae,
759 1862 954 1909 patronos
990 1862 1031 1899 et
1069 1863 1290 1899 assertores
1323 1860 1539 1899 Saturnias
1572 1860 1704 1898 lemas

109 1927 266 1965 olentes
295 1926 357 1974 (vt
383 1925 447 1962 est
474 1923 519 1961 in
546 1924 789 1973 prouerbio),
818 1924 880 1963 tui
904 1925 1174 1975 veritatisque
1202 1924 1463 1975 postliminio
1492 1924 1704 1963 redeuntis

108 1992 418 2041 impugnatores
436 2002 697 2039 propugnare
716 1989 795 2028 tibi
813 2003 859 2029 ac
877 1990 1041 2029 veritati
1064 2003 1229 2029 summa
1248 1991 1492 2029 auctoritate
1513 1991 1629 2029 solet.

162 2058 225 2095 Ac
258 2069 310 2094 ne
341 2055 466 2105 Regis
497 2055 760 2093 voluntatem
797 2056 1002 2105 impetum
1042 2069 1129 2094 esse
1166 2056 1303 2106 potius
1341 2069 1466 2105 quam
1499 2055 1702 2094 iudicium

107 2123 448 2172 propositumque
476 2122 633 2158 certum
661 2121 891 2169 suspiceris,
912 2120 1025 2159 idem
1053 2121 1225 2160 Praesul
1239 2121 1360 2160 -mihi
1389 2121 1504 2169 dixit,
1528 2134 1622 2160 cum
1652 2121 1702 2160 de

106 2191 150 2226 te
182 2200 227 2226 ac
258 2198 445 2224 summae
473 2187 594 2223 notae
622 2185 892 2235 scriptoribus
919 2186 1192 2236 loqueremur,
1225 2187 1339 2225 cordi
1367 2187 1452 2225 iam
1479 2200 1568 2225 esse
1597 2186 1699 2237 Regi

108 2253 252 2291 literas
284 2251 451 2289 altiores
477 2250 840 2300 elegantioresque,
875 2264 1098 2301 secumque
1126 2251 1252 2290 verba
1285 2251 1429 2290 fecisse
1462 2252 1619 2301 Regem
1649 2252 1699 2289 de

155 2341 225 2370 115.
252 2333 322 2365 CB:
348 2331 596 2370 cognationem
612 2333 649 2361 F.
807 2339 878 2370 117.
904 2332 977 2365 013:
1001 2331 1191 2363 aecer-sinit
1206 2335 1250 2363 H.
1402 2342 1472 2363 122.
1499 2333 1540 2366 B:
1565 2332 1649 2363 Vidi
1667 2333 1697 2364 C.

108 2385 222 2414 nuper
238 2377 312 2405 (αἶα.
329 2376 363 2407 β.
499 2384 571 2414 129.
595 2374 667 2405 iam
683 2377 758 2406 add.
774 2375 808 2409 β.

937 2499 957 2520 a
969 2490 1071 2530 pupil
1085 2491 1123 2521 of
1135 2491 1156 2521 J
1158 2500 1248 2522 anus
1264 2491 1449 2522 Parrasius
1466 2491 1696 2530 (Delaruelle,

936 2535 1091 2572 Me'lanqes
1100 2537 1228 2574 Brzmot,
1239 2545 1270 2574 p.
1279 2534 1349 2574 94).
1369 2535 1415 2564 In
1425 2535 1507 2575 151}
1519 2534 1700 2566 Alcander

935 2576 1122 2608 dedicated
1138 2579 1174 2608 to
1191 2578 1267 2608 him
1284 2588 1330 2608 an
1348 2577 1486 2608 edition
1503 2578 1541 2609 of
1553 2578 1698 2616 Sallust,

936 2619 1045 2659 Paris,
1079 2620 1110 2651 J.
1141 2621 1285 2652 Badius.
1334 2621 1390 2651 He
1421 2621 1611 2652 succeeded
1642 2622 1700 2652 his

936 2663 1040 2694 uncle
1066 2663 1145 2694 first
1170 2674 1208 2694 as
1235 2664 1352 2695 Abbot
1379 2664 1417 2694 of
1440 2664 1491 2696 St.
1515 2664 1701 2696 Maur-les-

157 2501 225 2530 115.
245 2490 500 2531 cognitionem]
518 2490 586 2521 For
598 2490 659 2520 the
674 2489 822 2530 reading
835 2490 872 2521 of

109 2536 136 2567 F
151 2535 195 2566 cf.
212 2534 275 2574 Ep.
294 2534 368 2573 583.
387 2536 447 2572 461
461 2543 496 2565 n.

155 2579 227 2609 116.
251 2576 404 2616 legatus]
435 2577 483 2607 To
506 2577 587 2607 take
611 2577 869 2607 Maximilian⁷s

107 2622 193 2653 oath
229 2622 264 2651 to
294 2620 356 2651 the
391 2620 521 2659 Treaty
552 2620 590 2650 of
617 2620 744 2659 Noyon
759 2630 766 2658 ;
811 2629 869 2650 see

108 2665 303 2704 Creighton
319 2664 364 2693 iv.
382 2672 438 2702 pp.
457 2673 530 2704 224,
536 2671 554 2701 5
575 2663 647 2694 and
665 2663 808 2693 Brewer
830 2663 866 2694 ii.

107 2709 181 2739 The
205 2707 289 2738 oath
313 2716 385 2737 was
407 2706 513 2745 given
538 2716 584 2736 on
611 2716 649 2744 14
674 2706 756 2738 Feb.
785 2715 867 2745 1517

109 2754 145 2783 at
161 2749 323 2782 Brussels
337 2760 344 2788 3
368 2749 512 2779 Brewer
525 2749 563 2780 ii.
583 2759 676 2788 2940.

155 2804 224 2833 117.
249 2792 490 2833 accersiuerit]
513 2792 604 2823 That
630 2792 718 2831 they
742 2794 817 2822 met
838 2792 868 2823 is

106 2839 235 2870 shown
245 2838 292 2876 by
303 2837 388 2876 Epp.
400 2845 473 2875 531.
485 2836 548 2874 556
559 2845 639 2875 seq„
653 2837 727 2874 569.
740 2844 782 2873 43
793 2844 865 2874 seq.

154 2892 224 2913 120.
244 2879 334 2920 filio]
353 2879 498 2910 Francis
510 2879 674 2909 Poncher
689 2880 727 2915 (†
743 2888 757 2908 1
771 2879 867 2918 Sept.

111 2926 220 2965 1532),
244 2923 366 2954 Canon
391 2922 428 2953 of
448 2922 557 2953 Paris.
605 2922 661 2952 He
683 2931 756 2952 was
777 2922 868 2952 with

108 2970 165 3000 his
187 2967 292 2999 uncle
319 2967 358 2997 in
381 2966 492 2997 Milan
516 2966 556 2996 in
582 2975 675 3004 1503,
701 2965 773 2996 and
795 2975 869 2996 was

936 2706 1068 2741 Fosses‚
1095 2707 1166 2737 and
1195 2708 1233 2738 in
1264 2716 1346 2745 1519
1372 2706 1410 2737 as
1433 2707 1497 2747 Bp.
1523 2707 1562 2738 of
1585 2708 1699 2740 Paris.

936 2750 981 2780 In
1005 2750 1088 2788 1526
1108 2750 1154 2780 he
1178 2760 1250 2781 was
1272 2750 1424 2789 charged
1444 2751 1533 2781 with
1557 2752 1699 2791 simony

935 2792 1007 2823 and
1024 2796 1185 2831 treason3
1210 2793 1282 2824 and
1294 2794 1339 2824 he
1355 2793 1438 2824 died
1455 2795 1494 2824 in
1511 2795 1699 2834 imprison-

936 2838 1037 2866 ment
1046 2838 1083 2867 at
1093 2836 1304 2868 Vincennes.
1333 2837 1397 2868 See
1410 2837 1480 2869 GC.
1491 2838 1554 2869 vii.
1569 2840 1699 2879 159‚6o,

936 2879 1021 2911 BE&
1039 2889 1072 2919 p.
1092 2881 1140 2919 16,
1159 2880 1230 2910 and
1247 2881 1410 2920 Paquier,
1429 2883 1462 2911 J.
1477 2883 1645 2913 Αἶέαηιίνε.

983 2933 1054 2961 124.
1080 2923 1283 2965 Saturnias]
1300 2923 1350 2956 Of.
1369 2924 1429 2956 Ar.
1448 2927 1495 2956 Pl.
1513 2925 1572 2964 581
1590 2935 1598 2964 ;
1629 2925 1700 2956 and

935 2969 1039 3005 Aday.
1060 2976 1151 3007 1075.

1732 309 1794 331 100

1732 635 1789 667 ¹05

1735 960 1791 982 110

1731 1286 1786 1317 115

1730 1608 1788 1630 120

1726 1933 1784 1965 1²5

1724 2260 1784 2292 130
