2010 3417
217 132 298 171 200
678 130 928 169 LETTERS
964 129 1034 168 OF
1070 128 1337 167 ERASMUS
1682 123 1806 177 [1516

217 244 312 281 ante
333 240 608 279 deliberatum
629 238 857 288 oportuisse
880 237 1001 286 dices,
1022 236 1242 286 literasque
1265 237 1371 274 forte
1389 235 1644 285 antiquiores
1662 235 1811 273 iudica-

218 306 280 344 bis
299 318 424 355 quam
444 307 492 343 vt
512 303 616 354 Regi
634 303 720 342 sint
746 302 991 341 reddendae.
1053 301 1134 341 Sed
1154 300 1272 339 crede
1290 299 1397 338 mihi
1415 300 1585 350 perinde
1603 299 1691 337 fore
1711 312 1757 337 ac
1775 300 1811 338 si

160 381 201 412 30
218 382 356 408 recens
375 370 531 407 factum
551 368 710 407 fuisset.
762 367 847 407 Vix
866 367 980 405 enim
999 379 1185 417 vnquam
1205 365 1442 405 istiusmodi
1461 364 1662 403 minutiae
1682 364 1812 402 consi·

218 435 427 483 derantur,
451 434 616 484 quando
635 447 721 472 non
746 445 798 471 ex
822 432 1061 482 syngrapha
1085 431 1259 482 pecunia
1284 430 1529 481 postulatur.
1587 428 1814 478 Asseripsit

219 500 428 549 praeterea
455 498 562 537 mihi
589 498 819 549 Episcopus
844 497 1163 547 Vuigorniensis
1187 496 1372 535 Leonem
1397 495 1482 534 tuis
1503 494 1635 533 literis
1658 494 1814 532 mirum

218 565 263 602 in
283 564 455 602 modum
475 563 603 603 fuisse
623 563 910 612 exhilaratum,
931 575 976 601 ac
997 562 1046 601 de
1066 563 1108 600 te
1126 561 1347 611 diligenter
1365 560 1629 608 sciscitatum,
1644 558 1815 598 Vbinam

218 642 342 677 esses,
363 629 462 680 quid
489 643 630 668 rerum
654 642 825 679 gereres,
849 630 891 667 et
917 641 971 666 an
996 630 1162 678 putaret
1187 629 1227 666 te
1247 626 1426 665 libenter
1442 625 1493 665 ad
1512 639 1554 664 se
1574 625 1811 672 venturum,

161 707 199 739 35
220 694 526 745 compluriaque
551 694 634 733 alia
662 693 943 733 amantissimi
971 707 1066 744 erga
1092 694 1135 732 te
1161 692 1294 732 animi
1316 691 1459 742 signa:
1488 702 1817 740 conuersumque

221 761 363 810 postea
382 760 432 799 ad
452 760 563 798 viros
582 760 783 811 quosdam
803 758 1107 798 eruditissimos
1122 761 1163 797 et
1182 757 1455 803 beatissimos,
1471 756 1542 806 qui
1561 756 1666 794 forte
1684 755 1816 794 adsta-

220 825 338 873 bant,
357 827 450 864 tuas
478 825 619 864 literas
646 824 707 863 eis
735 824 965 872 tradidisse,
988 823 1146 862 adiecto
1174 836 1249 861 suo
1278 821 1529 872 praeiudicio
1557 821 1608 859 de
1630 822 1703 859 tuo
1726 833 1817 859 raro

220 890 387 940 ingenio
406 893 529 940 atque
544 890 786 938 eruditione,
804 889 1077 939 certatimque
1093 889 1138 927 in
1157 890 1251 927 tuas
1269 887 1413 926 laudes
1426 887 1476 926 ab
1490 886 1684 925 omnibus
1695 885 1813 924 itum.

219 956 350 994 Vetus
368 955 482 994 enim
501 969 592 995 mos
610 955 746 995 adhuc
764 955 968 1006 perdurat,

161 1049 204 1080 40
492 1044 674 1082 Tantum
703 1042 910 1091 admirari,
942 1045 1108 1081 tantum
1137 1042 1302 1081 laudare
1332 1040 1530 1080 disertos:

224 1144 458 1181 quanquam
478 1130 561 1169 Leo
582 1131 723 1168 noster
741 1129 909 1168 hercule
928 1130 1042 1169 fouet
1061 1129 1190 1169 etiam
1209 1130 1251 1167 et
1268 1128 1372 1177 beat,
1395 1141 1566 1178 spesque
1585 1126 1820 1166 studiorum

221 1197 267 1235 in
294 1209 341 1234 eo
369 1209 544 1234 summa.
605 1196 674 1235 Ad
704 1209 828 1246 quem
857 1195 1073 1243 curriculo,
1105 1195 1140 1233 si
1168 1197 1297 1233 tuum
1327 1193 1595 1232 commodum
1623 1194 1816 1242 spectem,

225 1261 484 1310 contendere,
507 1261 543 1299 si
562 1274 701 1299 meam
719 1260 991 1310 voluptatem,
1013 1261 1094 1299 huc
1117 1260 1300 1299 reuolare
1321 1261 1363 1298 te
1381 1258 1523 1297 velim.
1583 1259 1696 1297 Deus
1715 1257 1823 1308 quic-

225 1326 322 1376 quid
343 1326 573 1365 decreueris
590 1326 788 1364 fortunet.

165 1406 206 1437 45
281 1392 343 1430 De
363 1391 619 1442 Hieronymo
639 1390 884 1441 ambiguum
903 1404 988 1429 non
1008 1391 1138 1429 habeo
1158 1404 1303 1440 operae
1317 1393 1357 1429 te
1372 1389 1558 1440 precium
1573 1390 1819 1435 assecutum,

225 1456 345 1496 valde
371 1459 540 1506 expecto
565 1458 611 1494 vt
638 1457 840 1506 appareat.
903 1457 1100 1495 Senecam
1128 1470 1151 1495 a
1179 1458 1219 1494 te
1248 1455 1494 1505 castigatum
1523 1454 1712 1492 venalem
1739 1454 1824 1492 iam

225 1522 437 1561 habemus.
497 1522 572 1560 Vis
601 1521 735 1559 dicam
765 1520 862 1571 quid
892 1522 1105 1560 sentiam?
1160 1520 1354 1571 Apellem
1380 1521 1427 1558 in
1450 1519 1646 1569 fingenda
1663 1519 1825 1557 Venere

228 1586 382 1626 videris
407 1586 606 1625 imitatus.
666 1585 722 1624 De
756 1585 876 1624 Nouo
903 1587 1174 1625 Testamento
1197 1587 1391 1636 equidem
1416 1585 1648 1635 plurimum
1667 1583 1825 1634 gaudeo

231 1653 274 1690 et
293 1652 371 1690 tibi
390 1651 573 1701 gratulor
589 1666 600 1699 3
627 1653 690 1689 est
709 1651 824 1689 enim
846 1664 939 1690 mea
958 1651 1165 1690 sententia
1185 1665 1288 1701 opus
1309 1653 1355 1689 vt
1373 1649 1743 1700 religiosissimum,
1768 1648 1827 1687 ita

170 1732 210 1763 50
228 1720 268 1756 et
299 1717 480 1756 maxime
511 1715 790 1754 necessarium
819 1717 927 1766 quod
956 1716 1006 1754 ab
1036 1717 1232 1755 omnibus
1259 1715 1479 1763 excolatur,
1510 1714 1747 1765 ingeniique
1781 1726 1828 1751 ac

231 1782 440 1821 doctrinae
459 1781 773 1832 capacissimum
793 1781 1049 1832 dignumque
1070 1781 1281 1832 imprimis
1298 1783 1340 1819 te
1360 1783 1401 1819 et
1422 1780 1624 1819 Pontifice
1643 1779 1827 1818 Maximo

232 1849 298 1886 cui
325 1846 637 1886 inscribendum
671 1846 900 1885 destinasti.
961 1846 1094 1886 Macte
1123 1847 1273 1895 animo,
1306 1846 1366 1885 sic
1393 1846 1480 1884 itur
1507 1845 1556 1884 ad
1585 1846 1706 1884 astra.
1767 1845 1828 1883 De

233 1913 394 1951 somnio
414 1926 494 1962 quo
514 1914 553 1950 te
572 1912 624 1950 ab
645 1912 895 1950 Eboracensi
913 1912 1039 1951 fuisse
1059 1913 1226 1951 beatum
1247 1912 1349 1950 dicis
1375 1914 1416 1950 et
1435 1910 1616 1949 ludibrio
1635 1909 1828 1949 habitum

232 1978 454 2025 arbitraris,
500 1977 652 2015 vellem
695 1976 938 2026 explicatius
982 1977 1229 2027 scripsisses.
1306 1977 1523 2015 Caeterum
1567 1976 1616 2014 de
1651 1975 1830 2014 ludibrio

174 2061 192 2092 5
197 2060 214 2091 5
235 2044 376 2082 omnia
394 2043 485 2091 alia,
508 2042 615 2080 nihil
634 2043 696 2080 est
715 2055 738 2080 a
758 2042 848 2080 viro
868 2042 1044 2081 alienius
1062 2057 1071 2090 3
1100 2043 1203 2093 quin
1223 2042 1305 2081 scio
1325 2044 1366 2081 te
1385 2042 1437 2081 ab
1456 2055 1504 2080 eo
1524 2041 1613 2080 fieri
1632 2041 1828 2079 maximi:

234 2120 381 2147 verum
400 2107 552 2157 aliquid
572 2107 718 2146 accidit
740 2109 900 2157 praeter
923 2107 1011 2145 eius
1037 2121 1200 2158 quoque
1219 2108 1476 2146 voluntatem
1495 2120 1541 2146 ac
1560 2107 1826 2153 sententiam,

236 2173 345 2224 quod
365 2173 512 2222 corrigi
529 2173 717 2211 fortassis
736 2173 870 2211 adhuc
889 2175 1037 2222 posset.

291 2237 405 2277 Haec
431 2238 557 2277 habui
587 2251 689 2288 quae
710 2238 759 2276 de
785 2238 869 2276 tuis
895 2238 1019 2276 rebus
1045 2238 1089 2275 in
1113 2238 1346 2287 praesentia
1370 2236 1604 2276 scriberem.
1664 2236 1831 2274 Addam

239 2303 394 2353 aliquid
433 2304 482 2342 de
521 2304 641 2342 rebus
679 2303 943 2342 Britannicis.
1015 2303 1175 2353 Regina
1213 2303 1410 2342 scitulam
1446 2302 1605 2352 peperit
1642 2302 1827 2340 filiolam.

179 2377 220 2407 60
240 2369 354 2408 Tuus
374 2368 684 2407 Cantuariensis
703 2382 797 2407 cum
825 2368 934 2406 bona
962 2368 1087 2418 Regis
1111 2367 1231 2406 venia
1257 2367 1505 2417 magistratu
1528 2380 1572 2406 se
1598 2366 1833 2406 abdicauit:

241 2447 363 2484 quem
393 2433 663 2473 Eboracensis
693 2433 902 2483 impendio
931 2435 1098 2483 rogatus
1126 2433 1305 2483 suscepit
1331 2435 1373 2470 et
1406 2432 1684 2482 pulcherrime
1713 2431 1830 2482 gerit.

240 2499 380 2538 Morus
411 2512 435 2538 a
464 2499 550 2538 tuis
579 2498 722 2549 Belgis
753 2498 957 2548 legatione
988 2498 1212 2537 honorifice
1243 2498 1410 2536 functus
1437 2498 1610 2536 domum
1641 2497 1764 2536 rediit
1794 2499 1835 2535 et

242 2564 446 2614 palatinos
473 2565 612 2603 fumos
640 2563 858 2602 nobiscum
890 2564 1142 2614 frequentat.
1209 2563 1341 2601 Nemo
1373 2564 1599 2612 temperius
1627 2576 1674 2601 eo
1703 2564 1834 2601 matu-

426 2677 478 2706 51.
502 2670 532 2698 F
545 2669 679 2706 Gorria:
704 2667 872 2698 Pontifici
890 2668 943 2698 0²:
969 2667 1087 2699 Ponti.
1105 2669 1144 2699 B.
1276 2668 1332 2698 62.
1353 2667 1427 2698 tuis
1449 2669 1495 2697 B:
1518 2667 1592 2697 suis
1606 2668 1649 2698 N.

288 2774 339 2802 32.
365 2766 439 2795 tuis
455 2764 588 2806 literis]
613 2766 679 2806 Ep.
697 2775 772 2805 335.
1117 2776 1168 2805 59.
1195 2764 1361 2806 filiolam]
1395 2765 1470 2796 The
1515 2765 1680 2796 Princess
1721 2763 1834 2803 Mary,

290 2818 341 2844 40.
367 2808 537 2849 Tantum]
560 2809 642 2840 Juv.
661 2819 690 2847 7.
707 2819 760 2848 31.
1074 2810 1156 2840 who
1180 2819 1252 2840 was
1274 2809 1364 2840 born
1387 2810 1423 2839 at
1447 2819 1467 2847 4
1489 2818 1570 2839 a.m.
1596 2818 1643 2838 on
1669 2808 1707 2838 18
1731 2807 1810 2838 Feb.
1829 2817 1836 2836 ε

291 2853 342 2887 46·
368 2850 555 2893 Senecam]
580 2853 632 2884 ef.
650 2853 714 2892 Ep.
733 2862 809 2891 325.
1073 2853 1222 2884 Brewer
1243 2853 1282 2883 ii.
1310 2861 1393 2891 1573
1416 2851 1488 2883 and
1514 2853 1609 2891 1556,
1633 2850 1704 2882 and
1728 2850 1835 2881 DNB.

291 2903 341 2931 47-
364 2894 544 2936 Apellem]
576 2896 646 2927 His
671 2896 795 2927 Venus
821 2905 893 2927 was
923 2906 1006 2928 con·
1073 2897 1148 2927 The
1171 2896 1254 2927 date
1277 2896 1384 2935 given
1408 2896 1449 2927 in
1472 2895 1617 2926 Brewer
1639 2894 1676 2925 ii.
1699 2895 1782 2932 1563
1807 2894 1836 2922 is

249 2936 387 2966 sidered
404 2937 463 2968 his
478 2939 720 2978 masterpieee.
1074 2939 1276 2979 negligible.

291 2989 343 3018 52.
368 2979 497 3020 Macte]
523 2981 573 3013 Cf.
593 2982 695 3021 Verg.
716 2986 796 3013 Aen.
813 2993 844 3021 9.
863 2985 936 3021 641.
1117 2985 1171 3021 63.
1196 2981 1435 3021 matutinum]
1461 2982 1512 3013 cf.
1531 2981 1635 3012 Mart.
1657 2990 1685 3011 1.
1703 2989 1754 3019 55.
1774 2980 1805 3009 6.
