2010 3417
105 165 198 218 334]
553 167 622 206 To
662 166 954 207 DOMENIOO
993 166 1245 206 GRIMANI
1646 167 1695 204 75

104 289 189 314 non
215 277 298 315 iam
328 278 446 316 fauor
464 279 586 317 modo
606 278 881 317 verumetiam
899 277 1134 328 benignitas
1160 277 1479 327 haudquaquam
1499 276 1693 326 vulgaris,

103 353 225 392 super
244 343 386 382 omnia
405 342 692 382 felicissimum
711 343 816 382 illud
837 356 932 382 cum
952 343 999 382 R.
1023 344 1070 382 D.
1097 343 1140 381 T.
1165 342 1439 393 colloquium:
1469 341 1570 380 haec
1590 342 1699 381 vide-

102 406 197 446 licet
217 407 376 447 faciunt
402 410 447 447 vt
476 409 591 447 nulla
617 422 786 459 prorsus
817 409 983 448 fortuna
1011 411 1098 447 tam
1128 408 1307 458 benigna
1333 408 1460 458 possit
1484 407 1698 457 obtingere

102 486 206 522 quae
227 473 382 513 Romae
402 474 531 512 semel
551 474 787 524 degustatae
807 474 1073 524 desyderium
1093 474 1247 512 eximat
1276 473 1417 512 animo
1441 486 1545 513 meo.
1606 473 1698 512 Iam
1717 488 1755 519 45

103 538 212 587 apud
227 538 457 578 Britannos
473 539 642 578 tametsi
655 540 820 578 fortuna
835 539 1009 589 contigit
1029 552 1113 578 non
1129 552 1418 589 vsquequaque
1434 538 1693 589 poenitenda,

102 604 209 642 certe
242 604 347 642 meis
376 604 591 654 aliquanto
621 604 754 642 maior
786 605 958 652 meritis,
996 606 1149 652 tamen,
1191 605 1237 642 vt
1270 617 1414 643 verum
1443 604 1580 651 fatear,
1614 616 1698 642 non

101 668 270 707 omnino
299 668 518 718 respondet
546 682 620 706 nec
649 668 759 707 votis
786 669 941 707 nostris
968 682 1042 707 nec
1067 670 1294 707 amicorum
1320 669 1528 719 pollicitis.
1588 668 1700 717 Quae

101 746 166 772 res
199 746 284 771 non
318 736 405 772 tam
443 734 589 772 accidit
627 733 796 772 illorum
824 733 995 783 perfidia
1028 747 1151 783 quam
1190 735 1427 783 temporum
1464 733 1694 783 iniquitate.

102 798 211 837 Nam
226 798 383 847 Regem
399 798 550 848 ipsum,
565 798 719 848 alioqui
738 799 871 837 multo
892 811 1038 848 regum
1058 798 1247 837 omnium
1268 797 1629 847 benignissimum,
1647 798 1698 836 ad
1718 812 1758 843 50

99 863 178 901 hoc
197 863 353 913 optime
369 865 418 902 de
435 863 605 903 Erasmo
621 866 712 902 tum
729 864 976 902 sentientem
993 866 1084 902 tum
1100 864 1338 913 loquentem
1354 863 1410 912 (id
1425 863 1532 913 quod
1548 863 1698 912 partim

99 927 230 978 ipsius
250 928 300 968 ad
320 942 387 967 me
407 929 569 978 litteris,
585 930 738 979 partim
758 929 988 968 multorum
1004 929 1302 979 praedicatione
1323 928 1699 978 compertissimum

101 993 329 1044 habebam),
367 994 506 1034 subito
544 995 743 1044 ingruens
781 995 987 1033 bellorum
1025 994 1205 1044 procella
1241 1007 1368 1044 prope
1406 994 1543 1032 totum
1581 993 1700 1031 nobis

100 1059 284 1109 eripuit;
312 1061 430 1099 tanto
470 1062 620 1109 animo,
660 1062 778 1099 tanto
815 1060 953 1099 studio
992 1061 1086 1110 pius
1123 1073 1168 1098 30
1205 1072 1428 1110 generosus
1466 1058 1700 1097 adolescens

101 1123 260 1163 bellum
289 1126 524 1176 apparabat,
548 1126 655 1176 quod
682 1127 732 1165 ad
762 1126 967 1164 Ecclesiae
988 1126 1198 1164 Romanae
1228 1124 1473 1174 dignitatem
1502 1124 1699 1162 tuendam
1718 1137 1757 1169 55

99 1191 305 1239 pertinere
338 1191 556 1231 iudicabat.
617 1192 672 1230 Et
711 1191 945 1230 Gulielmus
982 1191 1220 1238 Montioius,
1262 1189 1573 1228 vetustissimus
1608 1191 1701 1239 post

103 1255 150 1295 R.
167 1256 215 1295 P.
233 1269 278 1295 30
293 1257 342 1296 D.
358 1257 594 1296 Henricum
610 1257 824 1307 Bergium,
839 1257 1082 1307 episcopum
1097 1257 1449 1304 Oameracensem,
1467 1254 1700 1293 studiorum

100 1334 289 1361 nieorum
317 1321 541 1371 Moecenas,
570 1323 629 1361 sic
659 1323 832 1361 obrutus
855 1325 916 1362 est
949 1322 1049 1361 belli
1081 1321 1274 1360 oneribus
1304 1323 1350 1360 vt
1384 1320 1515 1370 magis
1545 1320 1701 1358 amaret

101 1400 226 1436 quam
245 1390 515 1437 succurreret,
538 1388 603 1427 vir
628 1389 822 1438 antiquae
847 1401 943 1427 sane
971 1387 1201 1426 nobilitatis
1230 1388 1270 1425 et
1299 1385 1532 1424 incredibili
1551 1384 1700 1423 benefi-

101 1453 236 1491 centia
254 1466 350 1504 erga
370 1453 575 1493 bonarum
600 1454 834 1493 litterarum
861 1455 1051 1502 cultores⁷
1074 1466 1220 1492 verum
1246 1454 1292 1491 vt
1312 1452 1421 1490 inter
1439 1451 1566 1489 huius
1585 1450 1702 1500 regni
1718 1456 1759 1489 60

100 1518 272 1557 barones
300 1518 440 1557 animo
469 1519 602 1569 magis
631 1532 755 1570 quam
784 1533 826 1557 re
856 1519 1027 1557 beatus:
1068 1520 1116 1557 vt
1144 1532 1196 1556 ne
1229 1517 1327 1568 quid
1361 1516 1532 1555 interim
1566 1528 1701 1554 meam

99 1583 231 1632 ipsius
263 1583 562 1623 lentitudinem
600 1584 797 1633 incusem,
830 1584 957 1623 homo
986 1597 1114 1634 vsque
1144 1584 1243 1622 adeo
1272 1596 1356 1621 non
1385 1581 1629 1620 ambitiosus
1658 1582 1702 1618 vt

102 1649 223 1698 plane
243 1649 455 1689 Timothei
474 1650 643 1689 fortuna
662 1650 717 1689 sit
737 1663 852 1701 opus,
875 1664 979 1700 quae
1000 1650 1248 1688 dormientis
1266 1647 1436 1698 impleat
1455 1649 1550 1686 rete.

156 1716 359 1753 Attamen
385 1729 466 1766 quo
494 1716 637 1754 minus
660 1715 871 1766 poenitere
897 1717 1018 1766 queat
1038 1715 1170 1754 aditae
1190 1714 1443 1760 Britanniae,
1466 1711 1701 1751 Gulielmus

101 1779 427 1830 archiepiscopus
458 1781 778 1829 Cantuariensis,
806 1780 936 1819 totius
964 1780 1143 1830 Angliae
1171 1792 1255 1817 non
1281 1778 1404 1816 titulo
1432 1779 1596 1815 tantum
1630 1777 1701 1814 sed
1720 1783 1760 1826 65

105 1845 220 1883 omni
249 1845 443 1884 decorum
469 1859 616 1896 genere
641 1846 808 1896 primas,
842 1844 1107 1895 potissimum
1130 1844 1208 1883 fuit
1228 1843 1273 1881 in
1298 1856 1417 1882 causa
1437 1857 1446 1890 ;
1474 1842 1540 1881 vir
1568 1842 1702 1880 modis

102 1910 297 1949 omnibus
316 1910 650 1961 incomparabilis
668 1924 714 1949 ac
733 1923 900 1960 prorsus
918 1910 1090 1949 vnicum
1105 1910 1193 1948 eius
1212 1909 1331 1958 regni
1349 1910 1388 1946 et
1408 1909 1701 1946 ornamentum

104 1977 143 2013 et
171 1975 435 2025 praesidium,
464 1976 677 2026 sapientia,
701 1975 863 2023 iudicio,
891 1975 1086 2023 doctrina,
1115 1974 1338 2013 autoritate
1367 1973 1601 2020 maximus;
1632 1973 1701 2011 sed

103 2041 180 2079 hoe
209 2043 348 2079 tamen
378 2041 512 2091 seipso
540 2042 684 2089 maior,
719 2041 827 2090 quod
857 2040 908 2079 ob
936 2040 1188 2091 singularem
1218 2039 1425 2089 quandam
1455 2037 1701 2076 modestiam

104 2106 216 2145 solus
235 2107 322 2157 ipse
350 2107 685 2157 magnitudinem
719 2119 838 2145 suam
869 2119 954 2144 non
985 2104 1179 2155 agnoscit.
1238 2104 1343 2142 Mira
1362 2104 1470 2142 vitae
1490 2103 1701 2151 sobrietas,
1722 2118 1762 2152 70

105 2184 270 2212 summa
290 2173 512 2211 dexteritas
530 2172 700 2222 ingenii,
722 2171 888 2210 animus
913 2171 1094 2221 impiger
1120 2173 1160 2209 et
1185 2170 1235 2208 ab
1262 2170 1347 2208 ocio
1366 2182 1536 2219 prorsus
1556 2168 1702 2207 abhor-

104 2250 210 2276 rens.
271 2238 450 2287 Magnus
470 2250 610 2276 rerum
630 2250 741 2286 vsus,
764 2239 810 2276 vt
830 2237 902 2286 qui
929 2236 975 2274 in
1004 2234 1261 2286 grauissimis
1281 2234 1557 2284 legationibus
1578 2233 1703 2272 maxi-

104 2303 267 2353 misque
295 2316 439 2353 regum
477 2304 518 2341 et
547 2302 665 2352 regni
695 2302 874 2352 negotiis
902 2301 988 2340 iam
1018 2301 1119 2340 olim
1148 2302 1203 2339 sit
1231 2302 1429 2339 versatus,
1502 2299 1623 2338 Vnde
1655 2298 1703 2336 fit

105 2370 150 2406 vt
169 2370 231 2407 tot
251 2368 376 2407 rebus
403 2367 757 2416 administrandis,
790 2369 890 2418 quot
919 2367 1097 2405 aliorum
1127 2365 1360 2416 complures
1386 2364 1458 2403 vix
1485 2364 1700 2410 sufficiant,

104 2445 211 2471 vnus
231 2446 315 2472 non
336 2433 458 2472 modo
486 2446 561 2483 par
586 2434 653 2480 sit,
676 2433 952 2472 verumetiam
976 2431 1153 2482 supersit
1182 2431 1291 2481 quod
1314 2429 1557 2469 euoluendis
1586 2428 1704 2466 bonis
1722 2444 1760 2478 75

104 2498 327 2546 autoribus,
345 2499 453 2548 quod
474 2498 649 2548 priuatis
666 2498 896 2536 amicorum
915 2497 1131 2536 affectibus
1151 2496 1373 2546 impartiat.
1422 2494 1528 2533 Nam
1544 2495 1705 2542 praeter

105 2562 284 2612 episcopi
321 2563 581 2601 functionem
619 2563 748 2601 totius
787 2563 906 2613 regni
943 2562 1246 2610 cancellarium,
1282 2561 1358 2599 hoc
1391 2561 1453 2597 est
1489 2571 1703 2597 summum

105 2627 293 2674 iudicem,
327 2628 422 2677 agit.
482 2628 526 2666 Is
554 2641 621 2666 me
650 2628 707 2666 sic
737 2641 875 2666 amore
903 2627 1203 2677 complectitur,
1234 2626 1292 2664 sic
1321 2626 1442 2663 ornat
1470 2623 1701 2670 autoritate,

108 2692 165 2730 sic
184 2691 441 2742 benignitate
462 2693 585 2739 fouet,
608 2693 651 2730 in
676 2705 842 2730 summa
867 2692 924 2730 sic
952 2692 1103 2741 vbique
1124 2691 1278 2728 mirum
1299 2689 1504 2739 quendam
1523 2690 1702 2738 praestat

109 2757 392 2795 Moecenatem
419 2758 473 2804 vt,
498 2756 534 2794 si
555 2759 670 2806 pater
689 2759 807 2804 esset,
832 2769 916 2794 non
935 2756 1064 2805 possit
1083 2754 1379 2804 indulgentius,
1402 2753 1438 2792 si
1456 2753 1595 2801 frater,
1620 2766 1704 2791 non
1722 2765 1763 2795 80

151 2886 202 2916 43.
230 2877 269 2908 R.
284 2877 325 2908 D.
337 2877 373 2908 T.
392 2880 421 2907 A
439 2887 445 2906 ε
469 2878 529 2907 tua
547 2876 679 2915 pietate
695 2878 738 2905 H.
872 2885 923 2914 57.
949 2875 987 2905 R.
1002 2875 1037 2906 P.
1057 2884 1095 2905 ac
1112 2874 1154 2906 D.
1171 2884 1228 2905 om.
1245 2876 1287 2905 H.
1420 2874 1474 2913 67.
1498 2875 1532 2905 et
1549 2884 1606 2906 om.
1626 2877 1665 2905 N.

153 3030 203 3060 55.
222 3020 416 3061 Ecclesiae]
434 3020 496 3051 See
514 3020 710 3059 Creighton
727 3019 775 3050 iv.
790 3018 903 3049 182-6.
1017 3028 1068 3057 57.
1088 3017 1289 3049 Henricum
1314 3016 1499 3057 Bergium]
1526 3017 1588 3056 Ep.
1606 3026 1658 3055 49.
