2010 3417
221 376 241 407 5

201 717 242 739 10

262 129 344 168 248
726 125 979 165 LETTERS
1018 125 1089 164 OF
1124 125 1395 165 ERASMUS
1731 121 1858 176 [1516

262 235 560 284 solumplongo.
621 233 737 283 Sapit
766 233 851 272 iam
881 246 966 272 non
995 232 1137 271 minus
1164 245 1291 282 quam
1320 232 1571 271 Homericus
1593 232 1778 282 Vlysses,
1809 233 1860 272 si-

262 300 432 350 quidem

566 364 703 391 mores
723 351 944 391 hominum
963 351 1197 390 multorum
1215 351 1323 390 vidit
1338 352 1380 390 et
1398 351 1517 390 vrbes
1536 365 1545 399 ;

261 443 322 479 tot
342 440 445 478 adiit
464 439 772 478 vniuersitates.
821 439 933 478 Dum
953 439 1140 478 Basileae
1160 439 1368 489 meipsum
1386 452 1491 489 pene
1511 438 1724 477 laboribus
1735 450 1860 477 eneco

260 505 475 544 mensibus
494 506 647 554 decem,
662 505 734 543 ille
753 504 923 543 interim
946 506 1107 544 ociosus
1127 504 1186 543 ita
1199 504 1366 554 pinguit
1380 506 1427 543 vt
1446 504 1517 543 vix
1536 503 1698 554 ingredi
1716 504 1858 553 possit.

261 571 455 620 Superior
478 570 552 609 illa
579 571 804 609 Germania
823 570 939 608 dictu
959 569 1117 609 mirum
1136 572 1388 620 quantopere
1407 569 1513 607 mihi
1532 570 1717 608 arriserit
1736 569 1863 619 idque

260 636 394 674 modis
414 636 619 684 omnibus,
641 637 681 674 et
702 648 827 686 quam
847 635 1035 685 impense
1054 635 1189 674 faueat
1210 636 1395 674 Erasmo.
1438 634 1607 673 Nouum
1626 634 1863 673 Testamen-

260 704 352 740 tum
375 714 459 739 non
481 700 624 739 dubito
644 701 745 750 quin
765 700 930 739 videris.
988 700 1273 750 Hieronymus
1288 701 1404 739 totus
1420 699 1660 750 propediem
1679 699 1863 750 prodibit

262 766 307 804 in
326 765 464 804 lucem
483 779 567 804 vna
593 779 690 804 cum
709 765 851 804 libello
871 766 934 804 De
953 766 1154 816 principis
1173 765 1440 804 institutione
1460 765 1697 805 Christiani.
1758 765 1862 814 Qua-

261 834 354 870 tuor
373 831 623 881 Hieronymi
652 832 866 871 volumina
889 832 984 870 misi
1011 831 1318 881 archiepiscopo
1347 831 1634 871 Cantuariensi
1658 844 1730 881 per
1748 830 1862 870 hunc

261 897 433 935 Petrum
454 897 690 945 vnoculum,
713 899 835 936 tuum
864 898 1084 936 alumnum
1102 912 1112 945 ;
1142 911 1267 948 quem
1284 897 1440 936 offendi
1465 897 1523 935 sic
1550 896 1862 935 incumbentem

260 962 489 1001 scribendis
521 963 640 1001 libris
670 965 718 1002 vt
734 977 791 1004 se
825 963 1034 1002 laboribus
1066 963 1366 1013 propemodum
1395 962 1632 1001 confecerit.
1702 962 1863 1013 Opinor

225 1047 241 1077 5
261 1028 424 1066 homini
447 1028 580 1067 fatum
605 1029 773 1078 instare,
796 1029 867 1079 qui
892 1031 981 1067 tam
1007 1029 1073 1068 sui
1096 1029 1311 1068 dissimilis
1338 1029 1393 1067 sit
1419 1028 1580 1067 factus:
1610 1027 1711 1078 quin
1729 1030 1770 1067 et
1796 1027 1863 1066 ab-

261 1094 436 1132 stemius
462 1094 764 1143 propemodum
785 1095 848 1132 est
868 1094 1055 1133 redditus
1084 1096 1125 1133 et
1144 1094 1236 1133 vini
1264 1107 1365 1143 osor,
1390 1094 1513 1143 atque
1532 1093 1631 1133 hinc
1650 1093 1782 1143 pallor
1800 1093 1862 1131 in-

261 1158 419 1198 solitus.
493 1159 680 1197 Tuorum
699 1159 745 1198 in
764 1173 830 1197 me
850 1159 1145 1198 beneficiorum
1174 1172 1335 1210 semper
1363 1160 1604 1208 meminero,
1628 1159 1862 1210 quicunque

260 1236 327 1262 me
346 1225 552 1262 terrarum
571 1224 750 1275 angulus
764 1226 826 1263 est
844 1224 1075 1263 habiturus.
1131 1225 1246 1263 Bene
1264 1224 1370 1263 vale.

314 1288 442 1338 Apud
464 1288 611 1328 diuum
630 1290 922 1328 Audomarum
944 1290 1076 1329 Nonis
1095 1290 1245 1329 Iuniis.
1265 1291 1393 1329 Anno
1412 1286 1650 1341 M.D.XV1[1].

711 1405 807 1446 417.
869 1403 933 1445 To
969 1404 1186 1446 WILLIAM
1218 1405 1444 1447 LATIMER.

309 1492 503 1538 Epistolae
521 1494 568 1528 ad
588 1493 755 1530 diuersos
773 1506 809 1538 p.
829 1505 907 1538 492.
1534 1468 1782 1542 (suomet.)

309 1551 402 1587 HN:
431 1552 547 1587 Lond.
566 1551 633 1587 xii.
655 1562 717 1598 19:
745 1552 818 1587 LB.
838 1562 916 1598 254.
1507 1563 1522 1598 5
1542 1553 1640 1588 June
1660 1552 1814 1600 (1516).

365 1643 571 1673 ERASMVS
599 1644 934 1675 ROTERODAMVS
964 1645 1232 1676 GVILHELMO
1263 1644 1509 1675 LATAMERO
1541 1645 1623 1675 SVO
1654 1644 1685 1674 S.
1715 1645 1756 1676 D.

314 1724 403 1763 PER
433 1724 575 1763 literas
607 1725 800 1772 obtestor,
836 1724 1137 1764 humanissime
1167 1726 1393 1774 Latamere,
1421 1727 1469 1763 vt
1502 1725 1547 1763 in
1577 1725 1694 1764 Nouo
1723 1726 1860 1764 Testa·

261 1794 404 1828 mento
430 1790 601 1828 adiutes.
661 1789 863 1828 Aeditum
892 1792 955 1828 est
976 1804 1051 1840 pro
1076 1791 1276 1841 temporis
1302 1790 1496 1840 angustia
1519 1791 1621 1829 satis
1645 1793 1833 1830 accurate
1851 1804 1862 1839 3

260 1868 407 1893 verum
426 1855 534 1893 mihi
552 1858 712 1905 praeter
724 1856 1051 1906 expectationem
1063 1856 1172 1895 bona
1186 1856 1386 1907 temporis
1405 1869 1498 1906 pars
1513 1856 1862 1906 praecastigandis

262 1921 566 1970 exemplaribus
585 1934 630 1960 ac
649 1921 794 1960 formis
814 1921 993 1971 denique
1012 1921 1267 1972 corrigendis
1282 1924 1369 1960 erat
1387 1921 1663 1970 insumenda;
1692 1920 1863 1960 tametsi

222 2004 241 2034 5
261 1985 311 2023 ad
325 1985 369 2023 id
390 1987 578 2024 muneris
598 1987 679 2024 duo
692 1987 803 2025 docti
815 2000 969 2036 magno
985 2000 1076 2025 aere
1091 1987 1256 2025 fuerant
1270 1987 1472 2026 conducti.
1504 1987 1571 2025 Sic
1591 1989 1733 2025 autem
1747 1986 1862 2025 adiu-

205 2329 244 2352 10

205 2655 243 2686 15

260 2050 380 2098 tabis,
414 2051 450 2089 si
487 2050 752 2090 admonueris
789 2065 860 2101 per
888 2052 1029 2091 literas
1059 2052 1159 2102 quid
1186 2053 1436 2091 mutandum
1466 2065 1554 2090 esse
1584 2052 1734 2099 ducas;
1762 2064 1861 2090 nam

261 2115 435 2154 alteram
454 2128 552 2154 mox
571 2116 778 2155 adornabo
799 2117 1059 2156 aeditionem.
1120 2117 1279 2157 Verum
1299 2131 1398 2156 caue
1418 2130 1470 2155 ne
1491 2117 1557 2155 cui
1577 2117 1652 2155 hoc
1673 2116 1861 2155 suboleat

261 2180 512 2230 typographi
546 2181 691 2231 gratia,
724 2182 790 2220 cui
822 2182 935 2220 domi
966 2185 1182 2221 manerent
1220 2196 1294 2221 sua
1326 2182 1551 2230 volumina,
1586 2182 1622 2220 si
1655 2181 1860 2220 sentirent

261 2247 476 2295 emptores

316 2311 477 2359 Quanto
497 2311 634 2349 studio
654 2325 720 2349 me
741 2312 952 2362 complexa
981 2313 1035 2350 sit
1058 2312 1197 2350 omnis
1221 2312 1293 2350 illa
1313 2312 1533 2351 Germania
1561 2311 1748 2361 superior
1773 2324 1861 2350 non

263 2376 604 2425 commemorabo,
626 2390 679 2415 ne
698 2377 840 2415 videar
859 2377 1012 2427 gloriae
1027 2390 1149 2416 causa
1169 2377 1212 2415 id
1226 2376 1366 2416 facere.
1402 2377 1551 2415 Ambit
1570 2390 1637 2415 me
1657 2378 1699 2415 et
1718 2378 1861 2416 nostra

261 2441 383 2490 regio.
445 2440 559 2479 Haec
585 2443 751 2480 tantum
774 2443 889 2481 abest
909 2444 955 2481 vt
975 2443 1171 2490 affectem,
1193 2444 1239 2480 vt
1257 2442 1409 2491 pudeat
1437 2443 1564 2480 etiam
1593 2442 1759 2481 honoris
1779 2454 1859 2492 quo

262 2518 329 2543 ine
359 2507 458 2544 noui
481 2506 711 2556 indignum.
773 2507 828 2545 Et
856 2509 997 2545 tamen
1022 2508 1178 2557 gaudeo
1208 2507 1461 2546 subolescere
1484 2507 1612 2546 bonas
1640 2507 1791 2556 literas,
1813 2519 1859 2547 ac

262 2584 378 2619 spero
397 2571 515 2610 breui
532 2571 722 2610 futurum
743 2574 788 2611 vt
807 2573 1006 2611 Erasmus
1024 2573 1162 2611 infans
1180 2572 1390 2612 habeatur.
1449 2573 1562 2611 Bene
1582 2573 1684 2612 vale.

316 2636 449 2675 Nonis
464 2636 609 2676 Iuniis.
647 2638 728 2677 An.
752 2636 990 2691 M.D.XV1[1].

781 2728 855 2760 417.
883 2737 945 2759 Trr.
978 2737 1181 2758 Gvnnssrmo
1197 2729 1271 2759 add.
1290 2729 1331 2758 H.

307 2802 380 2832 416.
400 2811 430 2840 5.
448 2803 580 2843 mores]
606 2803 693 2834 Hor.
713 2806 755 2834 A.
773 2806 808 2835 P.
829 2814 900 2843 142.
1095 2805 1127 2845 8,
1144 2803 1216 2834 and
1231 2813 1255 2834 1.
1272 2814 1305 2843 p.
1324 2813 1376 2835 22.
1396 2813 1447 2834 22.

311 2854 358 2882 13.
376 2846 479 2875 tuum
492 2846 695 2886 alumnum]
720 2846 771 2878 Of.
791 2847 853 2887 Ep.
871 2857 1025 2886 231.4n.
1139 2857 1169 2886 5.
1202 2847 1273 2878 duo
1307 2846 1419 2887 docti]
1456 2846 1752 2886 Oecolampadius
1783 2843 1856 2876 and

312 2890 360 2917 18.
388 2890 566 2919 terrarum
582 2890 752 2931 angulus]
771 2890 824 2922 Cf.
839 2891 926 2922 Hor.
947 2893 976 2922 C.
994 2901 1023 2922 2.
1096 2890 1249 2922 Gerbell.
1299 2890 1350 2922 Cf.
1368 2891 1431 2929 Ep.
1449 2900 1513 2929 373
1530 2889 1661 2921 introd.

265 2930 297 2960 6·
319 2940 370 2967 13⁷
387 2941 416 2967 4·
1142 2944 1190 2964 11.
1208 2935 1331 2965 nostra
1346 2932 1458 2974 regio]
1485 2934 1534 2964 Cf.
1547 2934 1634 2972 Epp.
1648 2941 1722 2970 412.
1735 2931 1778 2970 56
1789 2940 1855 2962 nn.

308 2973 380 3002 417.
404 2984 435 3011 4.
453 2975 686 3016 corrigendis]
713 2976 765 3008 Cf.
787 2977 850 3017 Ep.
868 2988 941 3016 421.
962 2987 1026 3017 53—
1095 2977 1168 3008 and
1186 2987 1259 3016 414.
1280 2986 1329 3008 10.
