2010 3417
243 156 324 195 290
708 156 960 195 LETTERS
998 155 1069 193 OF
1107 155 1372 193 ERASMUS
1713 153 1750 208 [1
1761 166 1781 204 5
1791 157 1836 192 16

184 282 225 312 4c
244 267 424 305 maxime
447 266 672 312 Christum,
697 265 814 303 cuius
837 264 950 302 vices
972 263 1246 302 meritissimo
1271 264 1390 313 geris,
1412 263 1551 312 refers,
1574 265 1668 302 tum
1694 265 1839 304 sancti·

242 332 340 370 tatis
371 333 465 368 tuae
498 330 640 368 literae
674 329 784 367 vltro
817 329 1093 378 pollicentur:
1136 328 1381 378 praesertim
1414 341 1511 367 cum
1545 328 1748 368 eiusmodi
1781 331 1837 369 sit

243 395 472 444 negocium,
495 397 540 433 vt
561 408 645 433 non
665 394 835 443 perinde
854 395 904 432 ad
931 407 1069 432 meam
1089 395 1293 442 pertineat
1313 393 1561 443 dignitatem
1581 393 1647 431 cui
1666 394 1839 434 candide

242 460 365 507 faues,
399 472 523 508 quam
553 460 603 498 ad
634 460 844 509 publicam
874 459 986 497 orbis
1014 459 1240 498 vtilitatem
1271 459 1338 497 cui
1368 471 1512 497 omnes
1541 460 1635 497 tuae
1663 459 1839 509 vigilant

241 524 552 563 sollicitudines.
623 526 818 564 Poteram
851 525 902 563 ad
933 525 1086 563 hancce
1116 538 1205 562 rem
1237 524 1543 573 impetrandam
1575 537 1838 563 summorum

182 606 221 637 45
241 590 477 640 principum
516 591 633 629 abuti
672 590 1043 637 commendatione,
1078 603 1224 628 verum
1262 590 1394 628 malui
1432 589 1627 639 quicquid
1664 590 1743 629 hoc
1777 593 1839 630 est

240 655 428 693 beneficii
466 656 508 693 in
548 656 730 695 solidum
768 658 862 695 tuae
899 656 1023 694 vnius
1061 656 1209 694 debere
1250 655 1511 705 benignitati.
1585 655 1702 704 Quod
1740 669 1838 696 sane

241 733 477 771 quanquam
497 734 581 760 non
602 721 792 771 ignorem
819 722 906 760 fore
932 721 1067 760 maius
1094 734 1219 771 quam
1239 723 1285 759 vt
1311 720 1410 759 vllis
1429 720 1672 759 mortalium
1692 722 1839 761 officiis

240 786 410 836 rependi
444 789 576 835 queat,
612 787 662 825 ad
697 787 797 825 haec
829 800 922 825 eam
951 800 1038 825 esse
1072 786 1260 825 fortunae
1294 787 1389 824 tuae
1421 785 1759 835 magnitudinem
1791 789 1839 826 vt

239 864 263 889 a
281 852 448 889 nemine
467 852 546 890 sibi
568 852 710 890 referri
725 852 902 902 gratiam
923 851 1106 901 postulet
1122 866 1131 900 ;
1161 852 1244 890 mei
1257 853 1401 889 tamen
1420 851 1544 889 officii
1558 851 1684 889 fuerit
1702 852 1838 891 adniti

181 933 221 965 50
239 916 432 954 manibus
461 917 726 967 pedibusque,
761 931 813 956 ne
847 919 933 956 tam
964 918 1162 956 eximiam
1195 916 1514 956 beneficentiam
1544 917 1590 954 in
1623 917 1837 957 hominem

240 983 313 1019 aut
350 982 522 1020 omnino
560 983 780 1033 indignum
820 985 892 1022 aut
934 996 1083 1033 parum
1128 995 1358 1021 memorem
1400 994 1629 1031 parumque
1671 985 1837 1033 gratum

240 1046 458 1085 collocasse
477 1047 664 1086 videaris.

293 1111 461 1150 Nouum
480 1113 796 1152 Testamentum
817 1113 944 1152 simul
972 1115 1014 1152 et
1038 1115 1190 1152 Graece
1213 1116 1254 1152 et
1281 1112 1428 1152 Latine
1454 1112 1648 1161 aeditum,
1670 1125 1694 1151 a
1717 1114 1837 1152 nobis

239 1178 498 1227 recognitum
529 1191 611 1216 vna
643 1192 738 1217 cum
769 1179 1126 1218 Annot-ationibus
1157 1179 1311 1217 nostris
1343 1177 1591 1227 iampridem
1623 1178 1667 1216 in
1699 1179 1837 1218 lucem

180 1260 219 1292 55
239 1243 337 1281 exiit
374 1243 620 1282 faustissimi
657 1245 722 1282 tui
760 1244 944 1283 nominis
982 1244 1187 1294 auspiciis.
1259 1243 1376 1292 Quod
1416 1256 1518 1293 opus
1555 1256 1609 1281 an
1643 1244 1838 1283 omnibus

237 1308 434 1358 probetur
480 1309 643 1357 nescio;
700 1312 808 1348 certe
855 1310 1056 1348 hactenus
1103 1323 1127 1348 a
1174 1308 1483 1360 probatissimis
1531 1322 1577 1347 ac
1627 1309 1839 1358 primariis

238 1373 442 1423 theologis
479 1374 643 1423 probari
681 1375 896 1425 comperio,
933 1389 1029 1414 cum
1068 1375 1217 1425 primis
1254 1377 1394 1413 autem
1432 1374 1484 1412 ab
1523 1375 1837 1423 incomparabili

237 1439 425 1477 antistite
445 1440 495 1478 D.
516 1440 812 1490 Christophoro
833 1441 1021 1490 episcopo
1042 1440 1278 1487 Basiliensi,
1302 1453 1383 1489 quo
1403 1441 1511 1477 teste
1535 1439 1640 1477 liber
1663 1452 1838 1478 excusus

237 1505 309 1542 est.
370 1503 455 1542 Nec
484 1505 597 1542 enim
629 1506 705 1544 hoc
733 1506 871 1544 labore
901 1508 1085 1544 veterem
1114 1519 1159 1544 ac
1188 1505 1315 1555 vulgo
1344 1506 1553 1553 receptam
1580 1504 1835 1544 aeditionem

177 1578 219 1610 60
238 1569 523 1618 conuellimus,
569 1571 638 1608 sed
685 1571 839 1609 alicubi
886 1571 1153 1621 deprauatam
1202 1570 1482 1617 emendamus,
1529 1569 1688 1619 aliquot
1734 1570 1837 1610 locis

237 1634 452 1672 obscuram
472 1634 759 1683 illustramus:
787 1637 911 1686 idque
936 1650 1021 1674 non
1049 1649 1100 1675 ex
1122 1635 1252 1674 animi
1276 1634 1359 1673 mei
1385 1634 1561 1673 somniis
1587 1648 1663 1673 nec
1689 1635 1834 1684 illotis,

237 1700 283 1737 vt
310 1700 438 1747 aiunt,
472 1700 677 1749 manibus,
710 1700 780 1739 sed
812 1703 966 1751 partim
1001 1715 1051 1739 ex
1084 1700 1466 1739 vetustissimorum
1498 1700 1688 1738 codicum
1719 1701 1836 1739 testi-

236 1764 400 1810 moniis,
423 1766 574 1814 partim
603 1778 653 1803 ex
681 1779 825 1804 eorum
849 1767 1055 1805 sententia
1082 1780 1259 1816 quorum
1286 1767 1326 1803 et
1356 1765 1588 1803 doctrinam
1617 1767 1659 1804 et
1688 1766 1837 1804 sancti-

237 1830 423 1868 moniam
469 1830 743 1869 ecclesiastica
789 1831 1072 1881 comprobauit
1115 1831 1327 1878 autoritas,
1373 1843 1526 1880 nempe
1568 1831 1834 1881 Hieronymi,

176 1904 217 1945 65
238 1894 403 1940 Hilarii,
425 1894 650 1944 Ambrosii,
675 1896 915 1946 Augustini,
946 1895 1248 1946 Ohrysostomi.
1274 1895 1443 1945 Cyrilli:
1472 1908 1638 1946 semper
1664 1896 1835 1935 interim

236 1960 369 2009 parati
400 1962 471 1997 aut
505 1961 690 1999 modeste
719 1961 924 2000 rationem
958 1961 1127 2000 reddere
1160 1961 1196 2000 si
1230 1961 1329 2011 quid
1361 1962 1471 1999 recte
1503 1961 1728 2010 docuimus,
1763 1964 1835 2001 aut

236 2024 416 2063 libenter
434 2026 634 2075 corrigere
655 2026 787 2064 sicubi
806 2026 1104 2076 imprudentes,
1128 2029 1174 2065 vt
1193 2026 1396 2072 homines,
1419 2026 1524 2075 lapsi
1543 2039 1699 2065 sumus.

291 2089 499 2127 Volumen
538 2103 670 2128 vnum
708 2104 848 2129 recens
886 2092 1019 2129 adhuc
1057 2093 1098 2129 et
1137 2091 1188 2129 ab
1226 2091 1315 2140 ipsa
1357 2091 1458 2129 dum
1497 2090 1635 2129 calens
1673 2092 1835 2131 officina

237 2154 417 2192 Romam
447 2154 596 2203 hyeme
633 2157 817 2204 proxima
854 2157 1057 2203 misimus,
1095 2156 1202 2206 quod
1242 2156 1451 2194 sanctitati
1489 2158 1584 2194 tuae
1623 2157 1832 2196 redditum

180 2235 219 2270 70
237 2220 407 2269 opinor;
446 2221 487 2258 et
520 2233 630 2258 nunc
660 2221 841 2259 alterum
872 2222 1097 2270 mitterem,
1131 2222 1175 2260 ni
1206 2222 1354 2260 scirem
1387 2234 1592 2271 nusquam
1626 2223 1832 2261 terrarum

237 2299 321 2324 non
340 2284 423 2322 iam
444 2285 662 2335 vulgatum
682 2300 795 2336 opus.
853 2287 906 2325 In
927 2287 1159 2326 eot-ametsi
1182 2288 1379 2326 sudatum
1405 2289 1467 2325 est
1487 2301 1510 2325 a
1530 2287 1650 2325 nobis
1670 2288 1829 2338 acriter,

238 2353 437 2400 quantum
468 2353 508 2388 et
535 2352 733 2400 temporis
760 2352 908 2390 modus
933 2366 956 2390 a
986 2352 1179 2402 Principe
1199 2353 1355 2391 indulti
1381 2354 1420 2391 et
1445 2353 1704 2392 valetudinis
1727 2355 1835 2394 ratio

236 2415 492 2465 patiebatur;
531 2418 673 2454 tamen
706 2417 816 2454 haud
856 2417 1112 2466 defatigabor
1148 2431 1345 2467 vnquam,
1379 2418 1491 2456 haud
1530 2419 1835 2468 conquiescam,

237 2481 365 2519 donec
408 2480 469 2519 ita
513 2481 823 2531 locupletatum.
872 2482 1091 2521 elimatum
1136 2482 1474 2532 elaboratumque
1518 2484 1743 2532 reddidero,
1786 2486 1832 2523 vt

180 2544 218 2579 75
238 2546 376 2584 Leone
425 2549 465 2584 et
514 2549 674 2596 praeter
724 2547 938 2586 Pontificii
991 2547 1239 2597 dignitatem
1292 2549 1474 2586 maximo
1525 2562 1610 2587 non
1660 2550 1834 2589 omnino

239 2612 461 2662 indignum
487 2612 620 2650 videri
649 2612 792 2662 possit.
853 2612 1138 2663 Hieronymus
1164 2615 1277 2651 totus
1306 2613 1415 2651 haud
1446 2613 1577 2661 malis,
1602 2617 1647 2653 vt
1673 2615 1830 2665 opinor,

238 2678 384 2716 auibus
404 2679 583 2716 renatus.
602 2691 743 2716 mense
761 2678 1001 2727 Septembre
1021 2678 1210 2727 proximo
1230 2678 1392 2728 ingenti
1412 2678 1626 2717 doctorum
1642 2680 1831 2718 omnium

239 2742 522 2793 expectatione
541 2742 780 2791 proditurus
800 2746 861 2781 est
880 2744 925 2781 in
945 2744 1091 2782 lucem.
1134 2744 1243 2792 Quin
1264 2744 1432 2793 posthac
1452 2744 1569 2783 nulla
1588 2744 1640 2783 ab
1655 2745 1832 2783 Erasmo

283 2829 333 2856 47.
363 2818 487 2857 ignoro
503 2819 545 2848 H.
711 2819 764 2857 58.
790 2818 830 2848 D.
848 2828 905 2848 om.
927 2821 969 2848 H.
1018 2821 1095 2849 BF:
1119 2819 1374 2859 Christophero
1393 2817 1437 2849 C2.
1595 2820 1648 2850 68.
1678 2819 1764 2850 dum
1780 2821 1809 2849 B
1827 2831 1835 2850 ·.

241 2862 442 2891 etiamnum
458 2863 498 2891 H.

283 2968 334 2996 43.
359 2960 537 2997 publicam
563 2959 677 2999 orbis]
707 2960 752 2990 In
772 2960 834 2990 the
858 2960 999 2999 general
1070 2961 1176 2991 teries
1192 2961 1308 2991 ra1sed
1326 2962 1364 2991 in
1381 2961 1444 3000 Ep.
1463 2971 1535 2999 447.

240 3001 404 3040 question
424 3003 461 3031 of
480 3003 543 3032 the
560 3004 794 3034 recruitment
812 3004 849 3034 of
862 3012 1000 3034 monas-
1114 3013 1165 3041 72.
1178 3004 1349 3043 temporis
1360 3003 1502 3043 modus]
1517 3003 1721 3042 Cf.Ep.370.
1738 3004 1777 3034 18
1788 3014 1826 3035 n.
