<?xml version="1.0" encoding="UTF-8"?>
<!DOCTYPE html PUBLIC "-//W3C//DTD XHTML 1.0 Transitional//EN"
    "http://www.w3.org/TR/xhtml1/DTD/xhtml1-transitional.dtd">
<html xmlns="http://www.w3.org/1999/xhtml" xml:lang="en" lang="en">
 <head>
  <title>
</title>
<meta http-equiv="Content-Type" content="text/html;charset=utf-8" />
  <meta name='ocr-system' content='tesseract 3.04.00' />
  <meta name='ocr-capabilities' content='ocr_page ocr_carea ocr_par ocr_line ocrx_word'/>
</head>
<body>
  <div class='ocr_page' id='page_1' title='image "./opusepistolarumd02erasuoft_0539.png"; bbox 0 0 2010 3417; ppageno 0'>
   <div class='ocr_carea' id='block_1_1' title="bbox 113 154 1698 210">
    <p class='ocr_par' dir='ltr' id='par_1_1' title="bbox 113 154 1698 210">
     <span class='ocr_line' id='line_1_1' title="bbox 113 154 1698 210; baseline -0.003 -12"><span class='ocrx_word' id='word_1_1' title='bbox 113 155 211 210; x_wconf 74' lang='lat'>555]</span> <span class='ocrx_word' id='word_1_2' title='bbox 428 157 579 195; x_wconf 90' lang='lat' dir='ltr'><strong>FROM</strong></span> <span class='ocrx_word' id='word_1_3' title='bbox 616 154 952 196; x_wconf 88' lang='lat' dir='ltr'>WILLIBALD</span> <span class='ocrx_word' id='word_1_4' title='bbox 989 155 1395 196; x_wconf 87' lang='lat' dir='ltr'>PIRCKHEIMER</span> <span class='ocrx_word' id='word_1_5' title='bbox 1623 156 1698 194; x_wconf 86' lang='lat'>511</span> 
     </span>
    </p>
   </div>
   <div class='ocr_carea' id='block_1_2' title="bbox 105 265 1704 709">
    <p class='ocr_par' dir='ltr' id='par_1_2' title="bbox 105 265 1704 644">
     <span class='ocr_line' id='line_1_2' title="bbox 113 265 1704 316; baseline 0 -10"><span class='ocrx_word' id='word_1_6' title='bbox 113 267 296 306; x_wconf 80' lang='lat' dir='ltr'><strong>Proinde</strong></span> <span class='ocrx_word' id='word_1_7' title='bbox 316 265 394 305; x_wconf 87' lang='lat' dir='ltr'>etsi</span> <span class='ocrx_word' id='word_1_8' title='bbox 413 266 525 316; x_wconf 86' lang='lat' dir='ltr'>regio</span> <span class='ocrx_word' id='word_1_9' title='bbox 544 266 625 305; x_wconf 85' lang='lat' dir='ltr'>ista</span> <span class='ocrx_word' id='word_1_10' title='bbox 640 266 761 305; x_wconf 90' lang='lat' dir='ltr'>annis</span> <span class='ocrx_word' id='word_1_11' title='bbox 779 266 930 316; x_wconf 86' lang='lat' dir='ltr'>elapsis</span> <span class='ocrx_word' id='word_1_12' title='bbox 950 266 1002 305; x_wconf 90' lang='lat' dir='ltr'>ob</span> <span class='ocrx_word' id='word_1_13' title='bbox 1022 266 1163 305; x_wconf 86' lang='lat' dir='ltr'>crebra</span> <span class='ocrx_word' id='word_1_14' title='bbox 1181 266 1292 306; x_wconf 85' lang='lat' dir='ltr'>bella</span> <span class='ocrx_word' id='word_1_15' title='bbox 1306 267 1532 306; x_wconf 79' lang='lat' dir='ltr'>latrociniis</span> <span class='ocrx_word' id='word_1_16' title='bbox 1551 267 1704 306; x_wconf 85' lang='lat' dir='ltr'>infesta</span> 
     </span>
     <span class='ocr_line' id='line_1_3' title="bbox 109 331 1703 381; baseline -0.001 -9"><span class='ocrx_word' id='word_1_17' title='bbox 109 335 232 380; x_wconf 84' lang='lat' dir='ltr'>esset,</span> <span class='ocrx_word' id='word_1_18' title='bbox 265 344 376 371; x_wconf 91' lang='lat' dir='ltr'>nunc</span> <span class='ocrx_word' id='word_1_19' title='bbox 403 333 544 370; x_wconf 86' lang='lat' dir='ltr'>tamen</span> <span class='ocrx_word' id='word_1_20' title='bbox 578 331 717 370; x_wconf 86' lang='lat' dir='ltr'>omnia</span> <span class='ocrx_word' id='word_1_21' title='bbox 749 333 891 381; x_wconf 84' lang='lat' dir='ltr'>pacata</span> <span class='ocrx_word' id='word_1_22' title='bbox 922 344 968 371; x_wconf 89' lang='lat' dir='ltr'>ac</span> <span class='ocrx_word' id='word_1_23' title='bbox 996 333 1086 371; x_wconf 85' lang='lat' dir='ltr'>tuta</span> <span class='ocrx_word' id='word_1_24' title='bbox 1114 334 1212 370; x_wconf 85' lang='lat' dir='ltr'>sunt</span> <span class='ocrx_word' id='word_1_25' title='bbox 1241 333 1340 371; x_wconf 87' lang='lat' dir='ltr'>adeo</span> <span class='ocrx_word' id='word_1_26' title='bbox 1370 334 1417 371; x_wconf 88' lang='lat' dir='ltr'>vt</span> <span class='ocrx_word' id='word_1_27' title='bbox 1445 332 1508 371; x_wconf 91' lang='lat' dir='ltr'>nil</span> <span class='ocrx_word' id='word_1_28' title='bbox 1541 331 1620 371; x_wconf 89' lang='lat' dir='ltr'>tibi</span> <span class='ocrx_word' id='word_1_29' title='bbox 1653 333 1703 372; x_wconf 90' lang='lat' dir='ltr'>de</span> 
     </span>
     <span class='ocr_line' id='line_1_4' title="bbox 111 396 1703 448; baseline 0.001 -13"><span class='ocrx_word' id='word_1_30' title='bbox 111 398 329 437; x_wconf 75' lang='lat' dir='ltr'>securitate</span> <span class='ocrx_word' id='word_1_31' title='bbox 362 397 597 436; x_wconf 87' lang='lat' dir='ltr'>timendum</span> <span class='ocrx_word' id='word_1_32' title='bbox 628 397 693 436; x_wconf 85' lang='lat' dir='ltr'>sit.</span> <span class='ocrx_word' id='word_1_33' title='bbox 752 396 832 436; x_wconf 81' lang='lat' dir='ltr'>Fac</span> <span class='ocrx_word' id='word_1_34' title='bbox 863 397 990 447; x_wconf 85' lang='lat' dir='ltr'>igitur</span> <span class='ocrx_word' id='word_1_35' title='bbox 1019 400 1067 436; x_wconf 92' lang='lat' dir='ltr'>vt</span> <span class='ocrx_word' id='word_1_36' title='bbox 1096 398 1184 436; x_wconf 90' lang='lat' dir='ltr'>voti</span> <span class='ocrx_word' id='word_1_37' title='bbox 1214 400 1422 448; x_wconf 87' lang='lat' dir='ltr'>compotes</span> <span class='ocrx_word' id='word_1_38' title='bbox 1452 398 1703 447; x_wconf 80' lang='lat' dir='ltr'>euadamus3</span> 
     </span>
     <span class='ocr_line' id='line_1_5' title="bbox 112 462 1698 514; baseline 0.001 -12"><span class='ocrx_word' id='word_1_39' title='bbox 112 476 194 514; x_wconf 85' lang='lat' dir='ltr'>qua</span> <span class='ocrx_word' id='word_1_40' title='bbox 220 477 262 502; x_wconf 90' lang='lat' dir='ltr'>re</span> <span class='ocrx_word' id='word_1_41' title='bbox 289 462 350 501; x_wconf 92' lang='lat' dir='ltr'>nil</span> <span class='ocrx_word' id='word_1_42' title='bbox 379 462 536 512; x_wconf 86' lang='lat' dir='ltr'>gratius</span> <span class='ocrx_word' id='word_1_43' title='bbox 562 463 682 502; x_wconf 88' lang='lat' dir='ltr'>nobis</span> <span class='ocrx_word' id='word_1_44' title='bbox 706 464 871 502; x_wconf 89' lang='lat' dir='ltr'>euenire</span> <span class='ocrx_word' id='word_1_45' title='bbox 900 463 1060 514; x_wconf 85' lang='lat' dir='ltr'>poterit.</span> <span class='ocrx_word' id='word_1_46' title='bbox 1119 463 1231 512; x_wconf 82' lang='lat' dir='ltr'>Vale,</span> <span class='ocrx_word' id='word_1_47' title='bbox 1254 464 1313 502; x_wconf 90' lang='lat' dir='ltr'>mi</span> <span class='ocrx_word' id='word_1_48' title='bbox 1340 464 1496 514; x_wconf 87' lang='lat' dir='ltr'>optime</span> <span class='ocrx_word' id='word_1_49' title='bbox 1516 464 1698 513; x_wconf 86' lang='lat' dir='ltr'>Erasme,</span> 
     </span>
     <span class='ocr_line' id='line_1_6' title="bbox 112 527 1701 580; baseline 0.001 -13"><span class='ocrx_word' id='word_1_50' title='bbox 112 529 212 568; x_wconf 83' lang='lat' dir='ltr'>felix</span> <span class='ocrx_word' id='word_1_51' title='bbox 231 541 313 567; x_wconf 91' lang='lat' dir='ltr'>non</span> <span class='ocrx_word' id='word_1_52' title='bbox 334 527 475 566; x_wconf 85' lang='lat' dir='ltr'>minus</span> <span class='ocrx_word' id='word_1_53' title='bbox 499 528 694 567; x_wconf 83' lang='lat' dir='ltr'>omnibus</span> <span class='ocrx_word' id='word_1_54' title='bbox 719 528 893 567; x_wconf 88' lang='lat' dir='ltr'>eruditis</span> <span class='ocrx_word' id='word_1_55' title='bbox 912 541 1037 579; x_wconf 83' lang='lat' dir='ltr'>quam</span> <span class='ocrx_word' id='word_1_56' title='bbox 1056 528 1134 567; x_wconf 85' lang='lat' dir='ltr'>tibi</span> <span class='ocrx_word' id='word_1_57' title='bbox 1152 528 1234 578; x_wconf 89' lang='lat' dir='ltr'>ipsi</span> <span class='ocrx_word' id='word_1_58' title='bbox 1252 529 1392 568; x_wconf 84' lang='lat' dir='ltr'>saluus</span> <span class='ocrx_word' id='word_1_59' title='bbox 1417 531 1460 569; x_wconf 90' lang='lat' dir='ltr'>et</span> <span class='ocrx_word' id='word_1_60' title='bbox 1484 532 1701 580; x_wconf 83' lang='lat' dir='ltr'>superstes,</span> 
     </span>
     <span class='ocr_line' id='line_1_7' title="bbox 105 592 1276 644; baseline 0.002 -12"><span class='ocrx_word' id='word_1_61' title='bbox 105 596 152 633; x_wconf 83' lang='lat' dir='ltr'>et</span> <span class='ocrx_word' id='word_1_62' title='bbox 172 594 269 644; x_wconf 89' lang='lat' dir='ltr'>quid</span> <span class='ocrx_word' id='word_1_63' title='bbox 289 592 473 632; x_wconf 87' lang='lat' dir='ltr'>moliaris</span> <span class='ocrx_word' id='word_1_64' title='bbox 493 593 712 643; x_wconf 82' lang='lat' dir='ltr'>aliquando</span> <span class='ocrx_word' id='word_1_65' title='bbox 738 595 925 634; x_wconf 80' lang='lat' dir='ltr'>rescribe.</span> <span class='ocrx_word' id='word_1_66' title='bbox 986 595 1147 633; x_wconf 87' lang='lat' dir='ltr'>Iterum</span> <span class='ocrx_word' id='word_1_67' title='bbox 1173 594 1276 634; x_wconf 83' lang='lat' dir='ltr'>vale.</span> 
     </span>
    </p>

    <p class='ocr_par' dir='ltr' id='par_1_3' title="bbox 168 659 1062 709">
     <span class='ocr_line' id='line_1_8' title="bbox 168 659 1062 709; baseline -0.001 -11"><span class='ocrx_word' id='word_1_68' title='bbox 168 659 460 709; x_wconf 84' lang='lat' dir='ltr'>Nurenbergae</span> <span class='ocrx_word' id='word_1_69' title='bbox 483 672 531 696; x_wconf 82' lang='lat'>20</span> <span class='ocrx_word' id='word_1_70' title='bbox 555 659 621 697; x_wconf 90' lang='lat' dir='ltr'>die</span> <span class='ocrx_word' id='word_1_71' title='bbox 642 659 779 698; x_wconf 84' lang='lat' dir='ltr'>Martii</span> <span class='ocrx_word' id='word_1_72' title='bbox 799 661 925 698; x_wconf 87' lang='lat' dir='ltr'>Anno</span> <span class='ocrx_word' id='word_1_73' title='bbox 951 671 1062 707; x_wconf 88' lang='lat'><strong>1517.</strong></span> 
     </span>
    </p>
   </div>
   <div class='ocr_carea' id='block_1_3' title="bbox 504 826 1312 870">
    <p class='ocr_par' dir='ltr' id='par_1_4' title="bbox 504 826 1312 870">
     <span class='ocr_line' id='line_1_9' title="bbox 504 826 1312 870; baseline 0.002 -3"><span class='ocrx_word' id='word_1_74' title='bbox 504 828 598 869; x_wconf 84' lang='lat'><strong>556.</strong></span> <span class='ocrx_word' id='word_1_75' title='bbox 661 827 792 869; x_wconf 81' lang='lat' dir='ltr'>FROM</span> <span class='ocrx_word' id='word_1_76' title='bbox 824 826 1011 869; x_wconf 66' lang='lat' dir='ltr'>BEATUS</span> <span class='ocrx_word' id='word_1_77' title='bbox 1042 828 1312 870; x_wconf 70' lang='lat' dir='ltr'>RHENANUS.</span> 
     </span>
    </p>
   </div>
   <div class='ocr_carea' id='block_1_4' title="bbox 155 917 1652 1023">
    <p class='ocr_par' dir='ltr' id='par_1_5' title="bbox 155 917 1652 1023">
     <span class='ocr_line' id='line_1_10' title="bbox 155 917 1554 963; baseline 0.001 -10"><span class='ocrx_word' id='word_1_78' title='bbox 155 917 347 954; x_wconf 82' lang='lat' dir='ltr'>Deventer</span> <span class='ocrx_word' id='word_1_79' title='bbox 364 918 439 954; x_wconf 83' lang='lat' dir='ltr'>MS.</span> <span class='ocrx_word' id='word_1_80' title='bbox 459 929 513 963; x_wconf 85' lang='lat'>91,</span> <span class='ocrx_word' id='word_1_81' title='bbox 535 920 559 954; x_wconf 86' lang='lat' dir='ltr'>f.</span> <span class='ocrx_word' id='word_1_82' title='bbox 582 928 645 963; x_wconf 93' lang='lat'>117</span> <span class='ocrx_word' id='word_1_83' title='bbox 664 923 715 955; x_wconf 73' lang='grc' dir='ltr'>νο.</span> <span class='ocrx_word' id='word_1_84' title='bbox 1435 919 1554 956; x_wconf 82' lang='lat' dir='ltr'>Basle.</span> 
     </span>
     <span class='ocr_line' id='line_1_11' title="bbox 157 976 1652 1023; baseline 0.001 -11"><span class='ocrx_word' id='word_1_85' title='bbox 157 976 229 1012; x_wconf 89' lang='lat' dir='ltr'>LB.</span> <span class='ocrx_word' id='word_1_86' title='bbox 247 977 342 1022; x_wconf 87' lang='lat' dir='ltr'>App.</span> <span class='ocrx_word' id='word_1_87' title='bbox 367 988 442 1022; x_wconf 88' lang='lat'>119.</span> <span class='ocrx_word' id='word_1_88' title='bbox 1337 988 1379 1013; x_wconf 78' lang='lat'>22</span> <span class='ocrx_word' id='word_1_89' title='bbox 1400 978 1530 1015; x_wconf 80' lang='lat' dir='ltr'>March</span> <span class='ocrx_word' id='word_1_90' title='bbox 1553 988 1652 1023; x_wconf 83' lang='lat'>1517.</span> 
     </span>
    </p>
   </div>
   <div class='ocr_carea' id='block_1_5' title="bbox 502 1055 1296 1098">
    <p class='ocr_par' dir='ltr' id='par_1_6' title="bbox 502 1055 1296 1098">
     <span class='ocr_line' id='line_1_12' title="bbox 502 1055 1296 1098; baseline -0.001 -10"><span class='ocrx_word' id='word_1_91' title='bbox 502 1056 592 1098; x_wconf 88' lang='lat' dir='ltr'>[The</span> <span class='ocrx_word' id='word_1_92' title='bbox 609 1056 690 1088; x_wconf 80' lang='lat' dir='ltr'>date</span> <span class='ocrx_word' id='word_1_93' title='bbox 708 1057 738 1087; x_wconf 81' lang='lat' dir='ltr'>is</span> <span class='ocrx_word' id='word_1_94' title='bbox 753 1055 947 1087; x_wconf 87' lang='lat' dir='ltr'>confirmed</span> <span class='ocrx_word' id='word_1_95' title='bbox 964 1057 1009 1096; x_wconf 88' lang='lat' dir='ltr'>by</span> <span class='ocrx_word' id='word_1_96' title='bbox 1025 1056 1087 1087; x_wconf 83' lang='lat' dir='ltr'>the</span> <span class='ocrx_word' id='word_1_97' title='bbox 1104 1056 1296 1097; x_wconf 63' lang='lat' dir='ltr'>contents]</span> 
     </span>
    </p>
   </div>
   <div class='ocr_carea' id='block_1_6' title="bbox 431 1151 1383 1183">
    <p class='ocr_par' dir='ltr' id='par_1_7' title="bbox 431 1151 1383 1183">
     <span class='ocr_line' id='line_1_13' title="bbox 431 1151 1383 1183; baseline 0 -1"><span class='ocrx_word' id='word_1_98' title='bbox 431 1152 601 1182; x_wconf 89' lang='lat' dir='ltr'>BEATVS</span> <span class='ocrx_word' id='word_1_99' title='bbox 633 1152 878 1183; x_wconf 82' lang='lat' dir='ltr'>RHENANVS</span> <span class='ocrx_word' id='word_1_100' title='bbox 910 1151 1089 1182; x_wconf 75' lang='lat' dir='ltr'><strong>ERASMO</strong></span> <span class='ocrx_word' id='word_1_101' title='bbox 1120 1151 1246 1182; x_wconf 84' lang='lat' dir='ltr'><strong>ROTE.</strong></span> <span class='ocrx_word' id='word_1_102' title='bbox 1277 1153 1311 1183; x_wconf 67' lang='lat' dir='ltr'>S.</span> <span class='ocrx_word' id='word_1_103' title='bbox 1341 1152 1383 1182; x_wconf 91' lang='lat' dir='ltr'>D.</span> 
     </span>
    </p>
   </div>
   <div class='ocr_carea' id='block_1_7' title="bbox 103 1232 1701 2785">
    <p class='ocr_par' dir='ltr' id='par_1_8' title="bbox 103 1232 1701 2524">
     <span class='ocr_line' id='line_1_14' title="bbox 164 1232 1701 1284; baseline 0.001 -12"><span class='ocrx_word' id='word_1_104' title='bbox 164 1233 375 1272; x_wconf 68' lang='lat' dir='ltr'>Imrnnmo</span> <span class='ocrx_word' id='word_1_105' title='bbox 401 1232 533 1282; x_wconf 87' lang='lat' dir='ltr'>magis</span> <span class='ocrx_word' id='word_1_106' title='bbox 559 1232 608 1271; x_wconf 89' lang='lat' dir='ltr'>de</span> <span class='ocrx_word' id='word_1_107' title='bbox 634 1233 719 1271; x_wconf 89' lang='lat' dir='ltr'>tuis</span> <span class='ocrx_word' id='word_1_108' title='bbox 744 1233 972 1272; x_wconf 85' lang='lat' dir='ltr'>honoribus</span> <span class='ocrx_word' id='word_1_109' title='bbox 997 1235 1038 1271; x_wconf 91' lang='lat' dir='ltr'>et</span> <span class='ocrx_word' id='word_1_110' title='bbox 1061 1232 1255 1272; x_wconf 80' lang='lat' dir='ltr'>felicitate</span> <span class='ocrx_word' id='word_1_111' title='bbox 1284 1233 1467 1283; x_wconf 83' lang='lat' dir='ltr'>gratulor</span> <span class='ocrx_word' id='word_1_112' title='bbox 1496 1247 1621 1284; x_wconf 85' lang='lat' dir='ltr'>quam</span> <span class='ocrx_word' id='word_1_113' title='bbox 1650 1235 1701 1273; x_wconf 91' lang='lat' dir='ltr'>de</span> 
     </span>
     <span class='ocr_line' id='line_1_15' title="bbox 108 1297 1700 1349; baseline 0.001 -12"><span class='ocrx_word' id='word_1_114' title='bbox 108 1300 212 1338; x_wconf 88' lang='lat' dir='ltr'>meis</span> <span class='ocrx_word' id='word_1_115' title='bbox 250 1298 379 1349; x_wconf 82' lang='lat' dir='ltr'>ipsius</span> <span class='ocrx_word' id='word_1_116' title='bbox 415 1311 600 1349; x_wconf 85' lang='lat' dir='ltr'>vnquam</span> <span class='ocrx_word' id='word_1_117' title='bbox 637 1297 867 1337; x_wconf 87' lang='lat' dir='ltr'>commodis</span> <span class='ocrx_word' id='word_1_118' title='bbox 911 1299 1086 1348; x_wconf 88' lang='lat' dir='ltr'>gaudere</span> <span class='ocrx_word' id='word_1_119' title='bbox 1123 1299 1291 1348; x_wconf 80' lang='lat' dir='ltr'>possim.</span> <span class='ocrx_word' id='word_1_120' title='bbox 1367 1298 1474 1338; x_wconf 81' lang='lat' dir='ltr'>Nam</span> <span class='ocrx_word' id='word_1_121' title='bbox 1512 1300 1579 1339; x_wconf 92' lang='lat' dir='ltr'>cui</span> <span class='ocrx_word' id='word_1_122' title='bbox 1616 1313 1700 1338; x_wconf 91' lang='lat' dir='ltr'>non</span> 
     </span>
     <span class='ocr_line' id='line_1_16' title="bbox 106 1362 1696 1414; baseline 0 -11"><span class='ocrx_word' id='word_1_123' title='bbox 106 1365 264 1414; x_wconf 85' lang='lat' dir='ltr'>placeat</span> <span class='ocrx_word' id='word_1_124' title='bbox 288 1364 426 1403; x_wconf 89' lang='lat' dir='ltr'>virum</span> <span class='ocrx_word' id='word_1_125' title='bbox 453 1365 540 1402; x_wconf 82' lang='lat' dir='ltr'>tam</span> <span class='ocrx_word' id='word_1_126' title='bbox 568 1363 753 1402; x_wconf 86' lang='lat' dir='ltr'>absolute</span> <span class='ocrx_word' id='word_1_127' title='bbox 782 1362 949 1402; x_wconf 87' lang='lat' dir='ltr'>doctum</span> <span class='ocrx_word' id='word_1_128' title='bbox 980 1364 1249 1413; x_wconf 87' lang='lat' dir='ltr'>comprobari,</span> <span class='ocrx_word' id='word_1_129' title='bbox 1276 1364 1519 1413; x_wconf 83' lang='lat' dir='ltr'>magnifieri,</span> <span class='ocrx_word' id='word_1_130' title='bbox 1548 1364 1696 1412; x_wconf 86' lang='lat' dir='ltr'>ornari,</span> 
     </span>
     <span class='ocr_line' id='line_1_17' title="bbox 106 1426 1701 1480; baseline -0.001 -11"><span class='ocrx_word' id='word_1_131' title='bbox 106 1442 323 1469; x_wconf 87' lang='lat' dir='ltr'>summum</span> <span class='ocrx_word' id='word_1_132' title='bbox 367 1443 391 1468; x_wconf 88' lang='lat' dir='ltr'>a</span> <span class='ocrx_word' id='word_1_133' title='bbox 433 1441 608 1476; x_wconf 86' lang='lat' dir='ltr'>summo,</span> <span class='ocrx_word' id='word_1_134' title='bbox 656 1428 733 1467; x_wconf 88' lang='lat' dir='ltr'>hoc</span> <span class='ocrx_word' id='word_1_135' title='bbox 771 1426 869 1480; x_wconf 78' lang='lat' dir='ltr'>(est)</span> <span class='ocrx_word' id='word_1_136' title='bbox 904 1427 1298 1478; x_wconf 87' lang='lat' dir='ltr'>eloquentissimum</span> <span class='ocrx_word' id='word_1_137' title='bbox 1342 1443 1366 1468; x_wconf 91' lang='lat' dir='ltr'>a</span> <span class='ocrx_word' id='word_1_138' title='bbox 1408 1430 1701 1480; x_wconf 83' lang='lat' dir='ltr'>potentissimo</span> 
     </span>
     <span class='ocr_line' id='line_1_18' title="bbox 109 1493 1698 1546; baseline -0.001 -10"><span class='ocrx_word' id='word_1_139' title='bbox 109 1496 336 1546; x_wconf 83' lang='lat' dir='ltr'>Principe?</span> <span class='ocrx_word' id='word_1_140' title='bbox 391 1493 571 1533; x_wconf 83' lang='lat' dir='ltr'>Narrant</span> <span class='ocrx_word' id='word_1_141' title='bbox 594 1494 665 1545; x_wconf 89' lang='lat' dir='ltr'>qui</span> <span class='ocrx_word' id='word_1_142' title='bbox 688 1494 843 1533; x_wconf 79' lang='lat' dir='ltr'><strong>isthinc</strong></span> <span class='ocrx_word' id='word_1_143' title='bbox 875 1493 926 1533; x_wconf 87' lang='lat' dir='ltr'>ad</span> <span class='ocrx_word' id='word_1_144' title='bbox 960 1507 1036 1533; x_wconf 87' lang='lat' dir='ltr'>nos</span> <span class='ocrx_word' id='word_1_145' title='bbox 1066 1494 1275 1533; x_wconf 84' lang='lat' dir='ltr'>ventitant</span> <span class='ocrx_word' id='word_1_146' title='bbox 1305 1508 1460 1542; x_wconf 89' lang='lat' dir='ltr'>omnes,</span> <span class='ocrx_word' id='word_1_147' title='bbox 1495 1509 1621 1546; x_wconf 86' lang='lat' dir='ltr'>quam</span> <span class='ocrx_word' id='word_1_148' title='bbox 1653 1498 1698 1534; x_wconf 85' lang='lat' dir='ltr'>tu</span> 
     </span>
     <span class='ocr_line' id='line_1_19' title="bbox 105 1559 1700 1610; baseline -0.001 -9"><span class='ocrx_word' id='word_1_149' title='bbox 105 1563 165 1602; x_wconf 88' lang='lat' dir='ltr'>sis</span> <span class='ocrx_word' id='word_1_150' title='bbox 193 1561 297 1610; x_wconf 87' lang='lat' dir='ltr'>Regi</span> <span class='ocrx_word' id='word_1_151' title='bbox 323 1560 467 1600; x_wconf 85' lang='lat' dir='ltr'>Oarolo</span> <span class='ocrx_word' id='word_1_152' title='bbox 494 1559 651 1599; x_wconf 87' lang='lat' dir='ltr'>mirum</span> <span class='ocrx_word' id='word_1_153' title='bbox 681 1559 725 1599; x_wconf 91' lang='lat' dir='ltr'>in</span> <span class='ocrx_word' id='word_1_154' title='bbox 754 1559 926 1598; x_wconf 87' lang='lat' dir='ltr'>modum</span> <span class='ocrx_word' id='word_1_155' title='bbox 952 1560 1112 1608; x_wconf 86' lang='lat' dir='ltr'>charus,</span> <span class='ocrx_word' id='word_1_156' title='bbox 1145 1573 1270 1610; x_wconf 83' lang='lat' dir='ltr'>quam</span> <span class='ocrx_word' id='word_1_157' title='bbox 1299 1560 1527 1610; x_wconf 75' lang='lat' dir='ltr'>suspiciant</span> <span class='ocrx_word' id='word_1_158' title='bbox 1553 1562 1592 1599; x_wconf 85' lang='lat' dir='ltr'>te</span> <span class='ocrx_word' id='word_1_159' title='bbox 1619 1562 1700 1600; x_wconf 83' lang='lat' dir='ltr'>tor·</span> 
     </span>
     <span class='ocr_line' id='line_1_20' title="bbox 107 1625 1700 1678; baseline -0.001 -12"><span class='ocrx_word' id='word_1_160' title='bbox 107 1628 224 1678; x_wconf 87' lang='lat' dir='ltr'>quati</span> <span class='ocrx_word' id='word_1_161' title='bbox 245 1627 326 1674; x_wconf 89' lang='lat' dir='ltr'>isti,</span> <span class='ocrx_word' id='word_1_162' title='bbox 352 1639 477 1676; x_wconf 84' lang='lat' dir='ltr'>quam</span> <span class='ocrx_word' id='word_1_163' title='bbox 504 1625 690 1675; x_wconf 82' lang='lat' dir='ltr'>reliquus</span> <span class='ocrx_word' id='word_1_164' title='bbox 716 1625 943 1664; x_wconf 81' lang='lat' dir='ltr'>aulicorum</span> <span class='ocrx_word' id='word_1_165' title='bbox 970 1638 1070 1675; x_wconf 82' lang='lat' dir='ltr'>grex</span> <span class='ocrx_word' id='word_1_166' title='bbox 1091 1625 1292 1673; x_wconf 86' lang='lat' dir='ltr'>obseruet,</span> <span class='ocrx_word' id='word_1_167' title='bbox 1315 1625 1496 1675; x_wconf 88' lang='lat' dir='ltr'>denique</span> <span class='ocrx_word' id='word_1_168' title='bbox 1515 1639 1638 1676; x_wconf 84' lang='lat' dir='ltr'>quam</span> <span class='ocrx_word' id='word_1_169' title='bbox 1657 1627 1700 1664; x_wconf 85' lang='lat' dir='ltr'>te</span> 
     </span>
     <span class='ocr_line' id='line_1_21' title="bbox 108 1689 1699 1744; baseline -0.001 -12"><span class='ocrx_word' id='word_1_170' title='bbox 108 1691 374 1744; x_wconf 82' lang='lat' dir='ltr'>singulariter</span> <span class='ocrx_word' id='word_1_171' title='bbox 401 1691 520 1736; x_wconf 88' lang='lat' dir='ltr'>colat,</span> <span class='ocrx_word' id='word_1_172' title='bbox 549 1693 595 1729; x_wconf 80' lang='lat' dir='ltr'>vt-</span> <span class='ocrx_word' id='word_1_173' title='bbox 624 1692 685 1729; x_wconf 89' lang='lat' dir='ltr'>est</span> <span class='ocrx_word' id='word_1_174' title='bbox 715 1690 888 1740; x_wconf 87' lang='lat' dir='ltr'>quisque</span> <span class='ocrx_word' id='word_1_175' title='bbox 916 1691 984 1729; x_wconf 89' lang='lat' dir='ltr'>vel</span> <span class='ocrx_word' id='word_1_176' title='bbox 1010 1689 1180 1729; x_wconf 86' lang='lat' dir='ltr'>virtutis</span> <span class='ocrx_word' id='word_1_177' title='bbox 1205 1689 1428 1728; x_wconf 83' lang='lat' dir='ltr'>studiosior</span> <span class='ocrx_word' id='word_1_178' title='bbox 1453 1690 1521 1729; x_wconf 89' lang='lat' dir='ltr'>vel</span> <span class='ocrx_word' id='word_1_179' title='bbox 1549 1691 1699 1730; x_wconf 87' lang='lat' dir='ltr'>litteris</span> 
     </span>
     <span class='ocr_line' id='line_1_22' title="bbox 105 1754 1698 1805; baseline -0.001 -8"><span class='ocrx_word' id='word_1_180' title='bbox 105 1757 300 1797; x_wconf 88' lang='lat' dir='ltr'>ornatior.</span> <span class='ocrx_word' id='word_1_181' title='bbox 357 1754 535 1794; x_wconf 89' lang='lat' dir='ltr'>Proinde</span> <span class='ocrx_word' id='word_1_182' title='bbox 559 1755 674 1794; x_wconf 89' lang='lat' dir='ltr'>breui</span> <span class='ocrx_word' id='word_1_183' title='bbox 696 1755 884 1795; x_wconf 88' lang='lat' dir='ltr'>futurum</span> <span class='ocrx_word' id='word_1_184' title='bbox 910 1768 1124 1805; x_wconf 85' lang='lat' dir='ltr'>speramus</span> <span class='ocrx_word' id='word_1_185' title='bbox 1143 1757 1191 1795; x_wconf 84' lang='lat' dir='ltr'>vt</span> <span class='ocrx_word' id='word_1_186' title='bbox 1216 1754 1288 1805; x_wconf 91' lang='lat' dir='ltr'>qui</span> <span class='ocrx_word' id='word_1_187' title='bbox 1313 1754 1512 1794; x_wconf 86' lang='lat' dir='ltr'>hactenus</span> <span class='ocrx_word' id='word_1_188' title='bbox 1536 1757 1599 1795; x_wconf 88' lang='lat' dir='ltr'>tot</span> <span class='ocrx_word' id='word_1_189' title='bbox 1623 1756 1698 1795; x_wconf 92' lang='lat' dir='ltr'>im-</span> 
     </span>
     <span class='ocr_line' id='line_1_23' title="bbox 108 1819 1698 1874; baseline -0.001 -12"><span class='ocrx_word' id='word_1_190' title='bbox 108 1822 250 1874; x_wconf 83' lang='lat' dir='ltr'>probis</span> <span class='ocrx_word' id='word_1_191' title='bbox 274 1820 494 1867; x_wconf 87' lang='lat' dir='ltr'>laboribus,</span> <span class='ocrx_word' id='word_1_192' title='bbox 518 1822 580 1858; x_wconf 85' lang='lat' dir='ltr'>tot</span> <span class='ocrx_word' id='word_1_193' title='bbox 599 1820 762 1871; x_wconf 86' lang='lat' dir='ltr'>vigiliis,</span> <span class='ocrx_word' id='word_1_194' title='bbox 786 1822 896 1860; x_wconf 89' lang='lat' dir='ltr'>recta</span> <span class='ocrx_word' id='word_1_195' title='bbox 923 1821 1158 1859; x_wconf 85' lang='lat' dir='ltr'>litterarum</span> <span class='ocrx_word' id='word_1_196' title='bbox 1183 1819 1320 1859; x_wconf 88' lang='lat' dir='ltr'>studia</span> <span class='ocrx_word' id='word_1_197' title='bbox 1345 1821 1544 1860; x_wconf 85' lang='lat' dir='ltr'>adiuuisti</span> <span class='ocrx_word' id='word_1_198' title='bbox 1572 1821 1698 1872; x_wconf 87' lang='lat' dir='ltr'>idque</span> 
     </span>
     <span class='ocr_line' id='line_1_24' title="bbox 106 1885 1694 1937; baseline -0.001 -9"><span class='ocrx_word' id='word_1_199' title='bbox 106 1891 193 1928; x_wconf 82' lang='lat' dir='ltr'>tam</span> <span class='ocrx_word' id='word_1_200' title='bbox 222 1886 392 1937; x_wconf 84' lang='lat' dir='ltr'>egregie,</span> <span class='ocrx_word' id='word_1_201' title='bbox 423 1898 508 1924; x_wconf 91' lang='lat' dir='ltr'>non</span> <span class='ocrx_word' id='word_1_202' title='bbox 537 1885 594 1923; x_wconf 83' lang='lat' dir='ltr'>ita</span> <span class='ocrx_word' id='word_1_203' title='bbox 622 1885 758 1924; x_wconf 83' lang='lat' dir='ltr'>multo</span> <span class='ocrx_word' id='word_1_204' title='bbox 788 1887 880 1936; x_wconf 89' lang='lat' dir='ltr'>post</span> <span class='ocrx_word' id='word_1_205' title='bbox 907 1887 1128 1925; x_wconf 80' lang='lat' dir='ltr'>autoritate</span> <span class='ocrx_word' id='word_1_206' title='bbox 1157 1889 1229 1926; x_wconf 87' lang='lat' dir='ltr'>tua</span> <span class='ocrx_word' id='word_1_207' title='bbox 1257 1888 1314 1927; x_wconf 88' lang='lat' dir='ltr'>sis</span> <span class='ocrx_word' id='word_1_208' title='bbox 1341 1888 1694 1928; x_wconf 85' lang='lat' dir='ltr'>condecoraturus.</span> 
     </span>
     <span class='ocr_line' id='line_1_25' title="bbox 109 1950 1700 2001; baseline -0.002 -7"><span class='ocrx_word' id='word_1_209' title='bbox 109 1954 216 1994; x_wconf 85' lang='lat' dir='ltr'>Nam</span> <span class='ocrx_word' id='word_1_210' title='bbox 244 1952 280 1991; x_wconf 90' lang='lat' dir='ltr'>si</span> <span class='ocrx_word' id='word_1_211' title='bbox 306 1951 465 1990; x_wconf 81' lang='lat' dir='ltr'>litteras</span> <span class='ocrx_word' id='word_1_212' title='bbox 493 1963 638 1989; x_wconf 89' lang='lat' dir='ltr'>ornare</span> <span class='ocrx_word' id='word_1_213' title='bbox 663 1950 774 1989; x_wconf 78' lang='lat' dir='ltr'>volet</span> <span class='ocrx_word' id='word_1_214' title='bbox 800 1951 979 1999; x_wconf 81' lang='lat' dir='ltr'>Carolus,</span> <span class='ocrx_word' id='word_1_215' title='bbox 1007 1964 1134 2001; x_wconf 85' lang='lat' dir='ltr'>ecqua</span> <span class='ocrx_word' id='word_1_216' title='bbox 1159 1953 1325 1991; x_wconf 86' lang='lat' dir='ltr'>tandem</span> <span class='ocrx_word' id='word_1_217' title='bbox 1353 1967 1395 1991; x_wconf 90' lang='lat' dir='ltr'>re</span> <span class='ocrx_word' id='word_1_218' title='bbox 1420 1953 1543 1992; x_wconf 86' lang='lat' dir='ltr'>huius</span> <span class='ocrx_word' id='word_1_219' title='bbox 1569 1954 1700 1993; x_wconf 86' lang='lat' dir='ltr'>studii</span> 
     </span>
     <span class='ocr_line' id='line_1_26' title="bbox 104 2015 1699 2069; baseline -0.001 -10"><span class='ocrx_word' id='word_1_220' title='bbox 104 2019 257 2058; x_wconf 84' lang='lat' dir='ltr'>clarius</span> <span class='ocrx_word' id='word_1_221' title='bbox 284 2015 613 2066; x_wconf 83' lang='lat' dir='ltr'>experimentum</span> <span class='ocrx_word' id='word_1_222' title='bbox 642 2015 736 2054; x_wconf 89' lang='lat' dir='ltr'>dare</span> <span class='ocrx_word' id='word_1_223' title='bbox 765 2018 888 2066; x_wconf 85' lang='lat' dir='ltr'>queat</span> <span class='ocrx_word' id='word_1_224' title='bbox 916 2029 1040 2067; x_wconf 89' lang='lat' dir='ltr'>quam</span> <span class='ocrx_word' id='word_1_225' title='bbox 1068 2017 1103 2055; x_wconf 83' lang='lat' dir='ltr'>si</span> <span class='ocrx_word' id='word_1_226' title='bbox 1134 2019 1174 2056; x_wconf 90' lang='lat' dir='ltr'>te</span> <span class='ocrx_word' id='word_1_227' title='bbox 1203 2018 1252 2056; x_wconf 86' lang='lat' dir='ltr'>ad</span> <span class='ocrx_word' id='word_1_228' title='bbox 1283 2019 1490 2057; x_wconf 86' lang='lat' dir='ltr'>illustrem</span> <span class='ocrx_word' id='word_1_229' title='bbox 1517 2018 1699 2069; x_wconf 83' lang='lat' dir='ltr'>aliquam</span> 
     </span>
     <span class='ocr_line' id='line_1_27' title="bbox 103 2080 1699 2135; baseline -0.001 -11"><span class='ocrx_word' id='word_1_230' title='bbox 103 2083 388 2135; x_wconf 83' lang='lat' dir='ltr'>dignationem</span> <span class='ocrx_word' id='word_1_231' title='bbox 421 2080 613 2120; x_wconf 80' lang='lat' dir='ltr'>auxerit?</span> <span class='ocrx_word' id='word_1_232' title='bbox 655 2080 698 2119; x_wconf 91' lang='lat' dir='ltr'>in</span> <span class='ocrx_word' id='word_1_233' title='bbox 728 2094 807 2131; x_wconf 87' lang='lat' dir='ltr'>quo</span> <span class='ocrx_word' id='word_1_234' title='bbox 837 2083 1004 2121; x_wconf 83' lang='lat' dir='ltr'>tantum</span> <span class='ocrx_word' id='word_1_235' title='bbox 1042 2084 1105 2121; x_wconf 87' lang='lat' dir='ltr'>est</span> <span class='ocrx_word' id='word_1_236' title='bbox 1134 2083 1388 2132; x_wconf 87' lang='lat' dir='ltr'>eruditionis,</span> <span class='ocrx_word' id='word_1_237' title='bbox 1420 2085 1586 2123; x_wconf 85' lang='lat' dir='ltr'>tantum</span> <span class='ocrx_word' id='word_1_238' title='bbox 1619 2084 1699 2123; x_wconf 89' lang='lat' dir='ltr'>elo·</span> 
     </span>
     <span class='ocr_line' id='line_1_28' title="bbox 108 2145 1698 2201; baseline 0 -12"><span class='ocrx_word' id='word_1_239' title='bbox 108 2149 312 2201; x_wconf 87' lang='lat' dir='ltr'>quentiae,</span> <span class='ocrx_word' id='word_1_240' title='bbox 343 2147 508 2185; x_wconf 86' lang='lat' dir='ltr'>tantum</span> <span class='ocrx_word' id='word_1_241' title='bbox 537 2145 688 2194; x_wconf 85' lang='lat' dir='ltr'>iudicii,</span> <span class='ocrx_word' id='word_1_242' title='bbox 721 2148 923 2197; x_wconf 83' lang='lat' dir='ltr'>quantum</span> <span class='ocrx_word' id='word_1_243' title='bbox 952 2147 1095 2186; x_wconf 85' lang='lat' dir='ltr'>mirari</span> <span class='ocrx_word' id='word_1_244' title='bbox 1123 2149 1289 2198; x_wconf 87' lang='lat' dir='ltr'>quidem</span> <span class='ocrx_word' id='word_1_245' title='bbox 1318 2149 1525 2199; x_wconf 89' lang='lat' dir='ltr'>possimus</span> <span class='ocrx_word' id='word_1_246' title='bbox 1553 2162 1698 2189; x_wconf 84' lang='lat' dir='ltr'>omnes</span> 
     </span>
     <span class='ocr_line' id='line_1_29' title="bbox 104 2211 1697 2266; baseline -0.001 -11"><span class='ocrx_word' id='word_1_247' title='bbox 104 2215 178 2266; x_wconf 91' lang='lat' dir='ltr'>qui</span> <span class='ocrx_word' id='word_1_248' title='bbox 213 2213 388 2254; x_wconf 88' lang='lat' dir='ltr'>vbilibet</span> <span class='ocrx_word' id='word_1_249' title='bbox 426 2212 615 2265; x_wconf 87' lang='lat' dir='ltr'>gentium</span> <span class='ocrx_word' id='word_1_250' title='bbox 654 2211 699 2250; x_wconf 91' lang='lat' dir='ltr'>in</span> <span class='ocrx_word' id='word_1_251' title='bbox 729 2211 806 2251; x_wconf 91' lang='lat' dir='ltr'>hoc</span> <span class='ocrx_word' id='word_1_252' title='bbox 838 2212 969 2251; x_wconf 82' lang='lat' dir='ltr'>stadio</span> <span class='ocrx_word' id='word_1_253' title='bbox 999 2213 1269 2259; x_wconf 86' lang='lat' dir='ltr'>decurrimus,</span> <span class='ocrx_word' id='word_1_254' title='bbox 1308 2216 1350 2253; x_wconf 84' lang='lat' dir='ltr'>at</span> <span class='ocrx_word' id='word_1_255' title='bbox 1388 2214 1531 2254; x_wconf 87' lang='lat' dir='ltr'>nullus</span> <span class='ocrx_word' id='word_1_256' title='bbox 1563 2215 1697 2254; x_wconf 84' lang='lat' dir='ltr'>adhuc</span> 
     </span>
     <span class='ocr_line' id='line_1_30' title="bbox 105 2277 1697 2335; baseline -0.001 -15"><span class='ocrx_word' id='word_1_257' title='bbox 105 2281 231 2320; x_wconf 87' lang='lat' dir='ltr'>fuerit</span> <span class='ocrx_word' id='word_1_258' title='bbox 273 2280 503 2323; x_wconf 86' lang='lat' dir='ltr'>adsecutus,</span> <span class='ocrx_word' id='word_1_259' title='bbox 538 2277 680 2335; x_wconf 16' lang='lat' dir='ltr'>‘neseio</span> <span class='ocrx_word' id='word_1_260' title='bbox 727 2288 781 2315; x_wconf 84' lang='lat' dir='ltr'>an</span> <span class='ocrx_word' id='word_1_261' title='bbox 823 2277 1028 2327; x_wconf 84' lang='lat' dir='ltr'>quispiam</span> <span class='ocrx_word' id='word_1_262' title='bbox 1070 2278 1124 2317; x_wconf 82' lang='lat' dir='ltr'>sit</span> <span class='ocrx_word' id='word_1_263' title='bbox 1170 2279 1449 2319; x_wconf 79' lang='lat' dir='ltr'>adsecuturus.</span> <span class='ocrx_word' id='word_1_264' title='bbox 1507 2280 1574 2319; x_wconf 85' lang='lat' dir='ltr'>Sic</span> <span class='ocrx_word' id='word_1_265' title='bbox 1613 2279 1697 2319; x_wconf 86' lang='lat' dir='ltr'>Leo</span> 
     </span>
     <span class='ocr_line' id='line_1_31' title="bbox 107 2342 1694 2397; baseline -0.002 -11"><span class='ocrx_word' id='word_1_266' title='bbox 107 2344 357 2397; x_wconf 79' lang='lat' dir='ltr'>Ro&lt;manus&gt;</span> <span class='ocrx_word' id='word_1_267' title='bbox 390 2343 584 2383; x_wconf 84' lang='lat' dir='ltr'>Pontifex</span> <span class='ocrx_word' id='word_1_268' title='bbox 621 2355 754 2392; x_wconf 89' lang='lat' dir='ltr'>nuper</span> <span class='ocrx_word' id='word_1_269' title='bbox 790 2342 844 2381; x_wconf 88' lang='lat' dir='ltr'>M.</span> <span class='ocrx_word' id='word_1_270' title='bbox 879 2342 1098 2383; x_wconf 87' lang='lat' dir='ltr'>Musurum</span> <span class='ocrx_word' id='word_1_271' title='bbox 1131 2345 1477 2395; x_wconf 79' lang='lat' dir='ltr'>archiepiscopatu</span> <span class='ocrx_word' id='word_1_272' title='bbox 1512 2345 1694 2394; x_wconf 84' lang='lat' dir='ltr'>donauit,</span> 
     </span>
     <span class='ocr_line' id='line_1_32' title="bbox 107 2407 1695 2460; baseline 0 -11"><span class='ocrx_word' id='word_1_273' title='bbox 107 2410 424 2450; x_wconf 84' lang='lat' dir='ltr'>liberalissimus</span> <span class='ocrx_word' id='word_1_274' title='bbox 457 2409 648 2460; x_wconf 88' lang='lat' dir='ltr'>princeps</span> <span class='ocrx_word' id='word_1_275' title='bbox 675 2407 814 2446; x_wconf 86' lang='lat' dir='ltr'>virum</span> <span class='ocrx_word' id='word_1_276' title='bbox 853 2407 1150 2448; x_wconf 83' lang='lat' dir='ltr'>doctissimum.</span> <span class='ocrx_word' id='word_1_277' title='bbox 1209 2408 1338 2449; x_wconf 91' lang='lat' dir='ltr'>Porro</span> <span class='ocrx_word' id='word_1_278' title='bbox 1371 2410 1695 2459; x_wconf 86' lang='lat' dir='ltr'>Christophorus</span> 
     </span>
     <span class='ocr_line' id='line_1_33' title="bbox 109 2472 1693 2524; baseline 0 -10"><span class='ocrx_word' id='word_1_279' title='bbox 109 2474 351 2514; x_wconf 82' lang='lat' dir='ltr'>Basiliensis</span> <span class='ocrx_word' id='word_1_280' title='bbox 391 2473 605 2524; x_wconf 85' lang='lat' dir='ltr'>episcopus</span> <span class='ocrx_word' id='word_1_281' title='bbox 646 2472 802 2522; x_wconf 88' lang='lat' dir='ltr'>optime</span> <span class='ocrx_word' id='word_1_282' title='bbox 844 2472 894 2511; x_wconf 92' lang='lat' dir='ltr'>de</span> <span class='ocrx_word' id='word_1_283' title='bbox 938 2474 1021 2514; x_wconf 87' lang='lat' dir='ltr'>tuis</span> <span class='ocrx_word' id='word_1_284' title='bbox 1062 2474 1214 2514; x_wconf 86' lang='lat' dir='ltr'>litteris</span> <span class='ocrx_word' id='word_1_285' title='bbox 1255 2475 1407 2514; x_wconf 88' lang='lat' dir='ltr'>sentire</span> <span class='ocrx_word' id='word_1_286' title='bbox 1445 2476 1488 2513; x_wconf 90' lang='lat' dir='ltr'>et</span> <span class='ocrx_word' id='word_1_287' title='bbox 1530 2474 1693 2514; x_wconf 89' lang='lat' dir='ltr'>honori-</span> 
     </span>
    </p>

    <p class='ocr_par' dir='ltr' id='par_1_9' title="bbox 105 2569 1696 2785">
     <span class='ocr_line' id='line_1_34' title="bbox 150 2569 1696 2611; baseline 0 -9"><span class='ocrx_word' id='word_1_288' title='bbox 150 2571 227 2603; x_wconf 87' lang='lat'><strong>555.</strong></span> <span class='ocrx_word' id='word_1_289' title='bbox 247 2580 296 2610; x_wconf 87' lang='lat'>13.</span> <span class='ocrx_word' id='word_1_290' title='bbox 323 2569 366 2601; x_wconf 91' lang='lat' dir='ltr'>ob</span> <span class='ocrx_word' id='word_1_291' title='bbox 382 2570 503 2600; x_wconf 83' lang='lat' dir='ltr'>crebra</span> <span class='ocrx_word' id='word_1_292' title='bbox 517 2569 610 2600; x_wconf 83' lang='lat' dir='ltr'>bella</span> <span class='ocrx_word' id='word_1_293' title='bbox 625 2579 683 2600; x_wconf 87' lang='lat' dir='ltr'>om.</span> <span class='ocrx_word' id='word_1_294' title='bbox 700 2569 734 2602; x_wconf 87' lang='grc' dir='ltr'>β.</span> <span class='ocrx_word' id='word_1_295' title='bbox 808 2570 939 2600; x_wconf 84' lang='lat' dir='ltr'>infesta</span> <span class='ocrx_word' id='word_1_296' title='bbox 952 2571 1044 2600; x_wconf 71' lang='lat' dir='ltr'>esset</span> <span class='ocrx_word' id='word_1_297' title='bbox 1060 2581 1079 2599; x_wconf 88' lang='grc' dir='ltr'>α</span> <span class='ocrx_word' id='word_1_298' title='bbox 1094 2581 1101 2600; x_wconf 74' lang='lat' dir='ltr'><em>z</em></span> <span class='ocrx_word' id='word_1_299' title='bbox 1125 2570 1356 2601; x_wconf 85' lang='lat' dir='ltr'>infestaretur</span> <span class='ocrx_word' id='word_1_300' title='bbox 1371 2571 1403 2604; x_wconf 88' lang='grc' dir='ltr'>β.</span> <span class='ocrx_word' id='word_1_301' title='bbox 1496 2580 1547 2609; x_wconf 84' lang='grc'>14.</span> <span class='ocrx_word' id='word_1_302' title='bbox 1570 2572 1696 2611; x_wconf 81' lang='lat' dir='ltr'>pacata</span> 
     </span>
     <span class='ocr_line' id='line_1_35' title="bbox 105 2612 1695 2653; baseline 0 -7"><span class='ocrx_word' id='word_1_303' title='bbox 105 2625 147 2646; x_wconf 84' lang='lat' dir='ltr'>ac</span> <span class='ocrx_word' id='word_1_304' title='bbox 161 2625 220 2646; x_wconf 83' lang='lat' dir='ltr'>om.</span> <span class='ocrx_word' id='word_1_305' title='bbox 238 2615 273 2647; x_wconf 84' lang='grc' dir='ltr'>β.</span> <span class='ocrx_word' id='word_1_306' title='bbox 403 2612 491 2643; x_wconf 81' lang='lat' dir='ltr'>adeo</span> <span class='ocrx_word' id='word_1_307' title='bbox 506 2635 515 2644; x_wconf 87' lang='lat'><strong>.</strong></span> <span class='ocrx_word' id='word_1_308' title='bbox 534 2637 542 2644; x_wconf 89' lang='lat'>.</span> <span class='ocrx_word' id='word_1_309' title='bbox 561 2637 569 2644; x_wconf 92' lang='lat'><strong>.</strong></span> <span class='ocrx_word' id='word_1_310' title='bbox 588 2621 638 2652; x_wconf 87' lang='lat'>15.</span> <span class='ocrx_word' id='word_1_311' title='bbox 655 2612 848 2644; x_wconf 81' lang='lat' dir='ltr'>euadamus</span> <span class='ocrx_word' id='word_1_312' title='bbox 864 2624 883 2642; x_wconf 86' lang='grc' dir='ltr'>α</span> <span class='ocrx_word' id='word_1_313' title='bbox 899 2624 906 2644; x_wconf 92' lang='lat'><strong>:</strong></span> <span class='ocrx_word' id='word_1_314' title='bbox 929 2614 1057 2644; x_wconf 86' lang='lat' dir='ltr'>Secure</span> <span class='ocrx_word' id='word_1_315' title='bbox 1073 2614 1192 2652; x_wconf 80' lang='lat' dir='ltr'>igitur,</span> <span class='ocrx_word' id='word_1_316' title='bbox 1213 2614 1367 2645; x_wconf 87' lang='lat' dir='ltr'>dumodo</span> <span class='ocrx_word' id='word_1_317' title='bbox 1383 2613 1547 2653; x_wconf 73' lang='lat' dir='ltr'>volueris,</span> <span class='ocrx_word' id='word_1_318' title='bbox 1566 2615 1611 2646; x_wconf 84' lang='lat' dir='ltr'>ad</span> <span class='ocrx_word' id='word_1_319' title='bbox 1629 2621 1695 2646; x_wconf 86' lang='lat' dir='ltr'>nos</span> 
     </span>
     <span class='ocr_line' id='line_1_36' title="bbox 105 2656 1694 2697; baseline 0.001 -9"><span class='ocrx_word' id='word_1_320' title='bbox 105 2658 273 2689; x_wconf 85' lang='lat' dir='ltr'>accedere</span> <span class='ocrx_word' id='word_1_321' title='bbox 289 2657 421 2697; x_wconf 84' lang='lat' dir='ltr'>poteris</span> <span class='ocrx_word' id='word_1_322' title='bbox 435 2657 468 2690; x_wconf 85' lang='grc' dir='ltr'>β.</span> <span class='ocrx_word' id='word_1_323' title='bbox 618 2657 667 2687; x_wconf 90' lang='lat'>16.</span> <span class='ocrx_word' id='word_1_324' title='bbox 693 2657 837 2687; x_wconf 82' lang='lat' dir='ltr'>euenire</span> <span class='ocrx_word' id='word_1_325' title='bbox 853 2656 986 2696; x_wconf 85' lang='lat' dir='ltr'>poterit</span> <span class='ocrx_word' id='word_1_326' title='bbox 1001 2667 1021 2686; x_wconf 88' lang='grc' dir='ltr'>α</span> <span class='ocrx_word' id='word_1_327' title='bbox 1036 2668 1043 2686; x_wconf 88' lang='lat'>:</span> <span class='ocrx_word' id='word_1_328' title='bbox 1065 2656 1199 2688; x_wconf 87' lang='lat' dir='ltr'>efficere</span> <span class='ocrx_word' id='word_1_329' title='bbox 1213 2658 1346 2696; x_wconf 67' lang='lat' dir='ltr'>poteris</span> <span class='ocrx_word' id='word_1_330' title='bbox 1361 2658 1394 2691; x_wconf 87' lang='grc' dir='ltr'>β.</span> <span class='ocrx_word' id='word_1_331' title='bbox 1533 2667 1582 2697; x_wconf 89' lang='lat'>17.</span> <span class='ocrx_word' id='word_1_332' title='bbox 1608 2658 1694 2689; x_wconf 84' lang='lat' dir='ltr'>felix</span> 
     </span>
     <span class='ocr_line' id='line_1_37' title="bbox 106 2700 1694 2740; baseline 0.002 -11"><span class='ocrx_word' id='word_1_333' title='bbox 106 2712 164 2732; x_wconf 70' lang='lat' dir='ltr'>om,</span> <span class='ocrx_word' id='word_1_334' title='bbox 181 2703 214 2735; x_wconf 86' lang='grc' dir='ltr'>β,</span> <span class='ocrx_word' id='word_1_335' title='bbox 341 2700 404 2731; x_wconf 87' lang='lat' dir='ltr'>diu</span> <span class='ocrx_word' id='word_1_336' title='bbox 421 2703 490 2730; x_wconf 77' lang='lat' dir='ltr'>ante</span> <span class='ocrx_word' id='word_1_337' title='bbox 506 2701 683 2740; x_wconf 83' lang='lat' dir='ltr'>superstes</span> <span class='ocrx_word' id='word_1_338' title='bbox 696 2702 770 2731; x_wconf 80' lang='lat' dir='ltr'>add.</span> <span class='ocrx_word' id='word_1_339' title='bbox 788 2701 821 2734; x_wconf 81' lang='grc' dir='ltr'>β.</span> <span class='ocrx_word' id='word_1_340' title='bbox 956 2700 1008 2731; x_wconf 91' lang='lat'>18.</span> <span class='ocrx_word' id='word_1_341' title='bbox 1032 2700 1120 2739; x_wconf 87' lang='lat' dir='ltr'>quid</span> <span class='ocrx_word' id='word_1_342' title='bbox 1138 2723 1146 2732; x_wconf 91' lang='lat'>.</span> <span class='ocrx_word' id='word_1_343' title='bbox 1164 2723 1173 2731; x_wconf 89' lang='lat'><strong>.</strong></span> <span class='ocrx_word' id='word_1_344' title='bbox 1194 2725 1200 2731; x_wconf 93' lang='lat'><em>.</em></span> <span class='ocrx_word' id='word_1_345' title='bbox 1221 2710 1269 2739; x_wconf 90' lang='lat'>19.</span> <span class='ocrx_word' id='word_1_346' title='bbox 1291 2710 1371 2739; x_wconf 83' lang='lat'><strong>1517</strong></span> <span class='ocrx_word' id='word_1_347' title='bbox 1385 2711 1406 2730; x_wconf 85' lang='grc' dir='ltr'><em>α</em></span> <span class='ocrx_word' id='word_1_348' title='bbox 1421 2712 1427 2731; x_wconf 92' lang='lat'>:</span> <span class='ocrx_word' id='word_1_349' title='bbox 1451 2701 1480 2731; x_wconf 86' lang='lat' dir='ltr'>si</span> <span class='ocrx_word' id='word_1_350' title='bbox 1497 2700 1694 2740; x_wconf 83' lang='lat' dir='ltr'>aliquando</span> 
     </span>
     <span class='ocr_line' id='line_1_38' title="bbox 110 2742 1688 2785; baseline 0.002 -12"><span class='ocrx_word' id='word_1_351' title='bbox 110 2745 229 2776; x_wconf 79' lang='lat' dir='ltr'>ocium</span> <span class='ocrx_word' id='word_1_352' title='bbox 256 2745 383 2775; x_wconf 85' lang='lat' dir='ltr'>nactus</span> <span class='ocrx_word' id='word_1_353' title='bbox 408 2742 530 2782; x_wconf 81' lang='lat' dir='ltr'>fueris,</span> <span class='ocrx_word' id='word_1_354' title='bbox 558 2743 645 2782; x_wconf 89' lang='lat' dir='ltr'>quid</span> <span class='ocrx_word' id='word_1_355' title='bbox 662 2743 697 2773; x_wconf 89' lang='lat' dir='ltr'>et</span> <span class='ocrx_word' id='word_1_356' title='bbox 724 2742 1023 2781; x_wconf 86' lang='lat' dir='ltr'>quemadmodum</span> <span class='ocrx_word' id='word_1_357' title='bbox 1050 2753 1130 2783; x_wconf 83' lang='lat' dir='ltr'>agas</span> <span class='ocrx_word' id='word_1_358' title='bbox 1153 2744 1347 2775; x_wconf 79' lang='lat' dir='ltr'>rescribere</span> <span class='ocrx_word' id='word_1_359' title='bbox 1376 2753 1450 2775; x_wconf 91' lang='lat' dir='ltr'>non</span> <span class='ocrx_word' id='word_1_360' title='bbox 1474 2743 1688 2785; x_wconf 81' lang='lat' dir='ltr'>dedigneris.</span> 
     </span>
    </p>
   </div>
   <div class='ocr_carea' id='block_1_8' title="bbox 106 2786 1695 3055">
    <p class='ocr_par' dir='ltr' id='par_1_10' title="bbox 107 2786 1692 2869">
     <span class='ocr_line' id='line_1_39' title="bbox 108 2786 1692 2828; baseline 0 -10"><span class='ocrx_word' id='word_1_361' title='bbox 108 2788 162 2818; x_wconf 86' lang='lat' dir='ltr'>Ex</span> <span class='ocrx_word' id='word_1_362' title='bbox 178 2789 210 2822; x_wconf 86' lang='grc' dir='ltr'>β.</span> <span class='ocrx_word' id='word_1_363' title='bbox 299 2786 460 2818; x_wconf 81' lang='lat' dir='ltr'>moliaris</span> <span class='ocrx_word' id='word_1_364' title='bbox 474 2789 552 2818; x_wconf 81' lang='lat' dir='ltr'>coni.</span> <span class='ocrx_word' id='word_1_365' title='bbox 569 2788 624 2817; x_wconf 88' lang='lat' dir='ltr'>LB</span> <span class='ocrx_word' id='word_1_366' title='bbox 639 2797 645 2816; x_wconf 93' lang='lat'>:</span> <span class='ocrx_word' id='word_1_367' title='bbox 668 2786 827 2817; x_wconf 86' lang='lat' dir='ltr'>melioris</span> <span class='ocrx_word' id='word_1_368' title='bbox 841 2797 872 2820; x_wconf 89' lang='grc' dir='ltr'>α.</span> <span class='ocrx_word' id='word_1_369' title='bbox 970 2787 1042 2817; x_wconf 84' lang='grc'>556.</span> <span class='ocrx_word' id='word_1_370' title='bbox 1055 2797 1084 2825; x_wconf 84' lang='lat'>4.</span> <span class='ocrx_word' id='word_1_371' title='bbox 1103 2789 1156 2818; x_wconf 85' lang='lat' dir='ltr'>est</span> <span class='ocrx_word' id='word_1_372' title='bbox 1172 2790 1246 2818; x_wconf 81' lang='lat' dir='ltr'>add.</span> <span class='ocrx_word' id='word_1_373' title='bbox 1266 2789 1330 2819; x_wconf 89' lang='lat' dir='ltr'>LB.</span> <span class='ocrx_word' id='word_1_374' title='bbox 1418 2788 1452 2827; x_wconf 87' lang='lat'>6,</span> <span class='ocrx_word' id='word_1_375' title='bbox 1471 2798 1487 2826; x_wconf 90' lang='lat'><strong>7</strong></span> <span class='ocrx_word' id='word_1_376' title='bbox 1505 2790 1559 2820; x_wconf 83' lang='lat' dir='ltr'>bis.</span> <span class='ocrx_word' id='word_1_377' title='bbox 1585 2798 1692 2828; x_wconf 85' lang='lat' dir='ltr'>quam</span> 
     </span>
     <span class='ocr_line' id='line_1_40' title="bbox 107 2830 455 2869; baseline -0.003 -7"><span class='ocrx_word' id='word_1_378' title='bbox 107 2833 181 2862; x_wconf 89' lang='lat' dir='ltr'>LB:</span> <span class='ocrx_word' id='word_1_379' title='bbox 206 2830 307 2869; x_wconf 82' lang='lat' dir='ltr'>quasi</span> <span class='ocrx_word' id='word_1_380' title='bbox 323 2832 391 2862; x_wconf 87' lang='lat' dir='ltr'>MS.</span> <span class='ocrx_word' id='word_1_381' title='bbox 403 2837 455 2861; x_wconf 74' lang='lat' dir='ltr'>ter.</span> 
     </span>
    </p>

    <p class='ocr_par' dir='ltr' id='par_1_11' title="bbox 106 2925 1695 3055">
     <span class='ocr_line' id='line_1_41' title="bbox 152 2925 1692 2966; baseline 0.002 -9"><span class='ocrx_word' id='word_1_382' title='bbox 152 2927 228 2958; x_wconf 83' lang='lat'>556.</span> <span class='ocrx_word' id='word_1_383' title='bbox 253 2927 301 2957; x_wconf 88' lang='lat'>18.</span> <span class='ocrx_word' id='word_1_384' title='bbox 328 2925 534 2966; x_wconf 84' lang='lat' dir='ltr'>Musurum]</span> <span class='ocrx_word' id='word_1_385' title='bbox 552 2926 604 2957; x_wconf 86' lang='lat' dir='ltr'>Cf.</span> <span class='ocrx_word' id='word_1_386' title='bbox 620 2926 684 2966; x_wconf 86' lang='lat' dir='ltr'>Ep.</span> <span class='ocrx_word' id='word_1_387' title='bbox 697 2935 773 2964; x_wconf 84' lang='lat'><strong>223.</strong></span> <span class='ocrx_word' id='word_1_388' title='bbox 793 2937 811 2965; x_wconf 89' lang='lat'><strong>4</strong></span> <span class='ocrx_word' id='word_1_389' title='bbox 829 2935 865 2957; x_wconf 86' lang='lat' dir='ltr'>n.</span> <span class='ocrx_word' id='word_1_390' title='bbox 933 2928 971 2956; x_wconf 86' lang='lat' dir='ltr'>to</span> <span class='ocrx_word' id='word_1_391' title='bbox 988 2927 1076 2956; x_wconf 84' lang='lat' dir='ltr'>have</span> <span class='ocrx_word' id='word_1_392' title='bbox 1089 2926 1277 2966; x_wconf 77' lang='lat' dir='ltr'>happened</span> <span class='ocrx_word' id='word_1_393' title='bbox 1288 2936 1397 2964; x_wconf 76' lang='lat' dir='ltr'>nuper,</span> <span class='ocrx_word' id='word_1_394' title='bbox 1417 2927 1455 2958; x_wconf 90' lang='lat' dir='ltr'>in</span> <span class='ocrx_word' id='word_1_395' title='bbox 1470 2937 1516 2958; x_wconf 86' lang='lat' dir='ltr'>an</span> <span class='ocrx_word' id='word_1_396' title='bbox 1532 2927 1692 2960; x_wconf 84' lang='lat' dir='ltr'>undated</span> 
     </span>
     <span class='ocr_line' id='line_1_42' title="bbox 106 2969 1695 3013; baseline 0.002 -12"><span class='ocrx_word' id='word_1_397' title='bbox 106 2971 180 3001; x_wconf 85' lang='lat' dir='ltr'>The</span> <span class='ocrx_word' id='word_1_398' title='bbox 207 2971 343 3009; x_wconf 84' lang='lat' dir='ltr'>precise</span> <span class='ocrx_word' id='word_1_399' title='bbox 369 2969 451 3000; x_wconf 84' lang='lat' dir='ltr'>date</span> <span class='ocrx_word' id='word_1_400' title='bbox 479 2970 517 3000; x_wconf 85' lang='lat' dir='ltr'>of</span> <span class='ocrx_word' id='word_1_401' title='bbox 540 2969 598 3000; x_wconf 85' lang='lat' dir='ltr'>his</span> <span class='ocrx_word' id='word_1_402' title='bbox 624 2969 801 3001; x_wconf 83' lang='lat' dir='ltr'>elevation</span> <span class='ocrx_word' id='word_1_403' title='bbox 831 2972 867 3000; x_wconf 84' lang='lat' dir='ltr'>to</span> <span class='ocrx_word' id='word_1_404' title='bbox 933 2970 1069 3009; x_wconf 86' lang='lat' dir='ltr'>prefacc</span> <span class='ocrx_word' id='word_1_405' title='bbox 1092 2971 1128 3000; x_wconf 87' lang='lat' dir='ltr'>to</span> <span class='ocrx_word' id='word_1_406' title='bbox 1148 2969 1210 3000; x_wconf 88' lang='lat' dir='ltr'>the</span> <span class='ocrx_word' id='word_1_407' title='bbox 1231 2969 1365 3001; x_wconf 85' lang='lat' dir='ltr'>Aldine</span> <span class='ocrx_word' id='word_1_408' title='bbox 1383 2971 1588 3013; x_wconf 82' lang='lat' dir='ltr'>Pausanias,</span> <span class='ocrx_word' id='word_1_409' title='bbox 1606 2972 1695 3013; x_wconf 85' lang='lat' dir='ltr'>July</span> 
     </span>
     <span class='ocr_line' id='line_1_43' title="bbox 107 3012 1425 3055; baseline 0.001 -10"><span class='ocrx_word' id='word_1_410' title='bbox 107 3013 348 3045; x_wconf 78' lang='lat' dir='ltr'>Monembasia</span> <span class='ocrx_word' id='word_1_411' title='bbox 367 3014 398 3044; x_wconf 81' lang='lat' dir='ltr'>is</span> <span class='ocrx_word' id='word_1_412' title='bbox 419 3014 483 3044; x_wconf 90' lang='lat' dir='ltr'>not</span> <span class='ocrx_word' id='word_1_413' title='bbox 504 3013 647 3045; x_wconf 86' lang='lat' dir='ltr'>known.</span> <span class='ocrx_word' id='word_1_414' title='bbox 695 3012 730 3044; x_wconf 84' lang='lat' dir='ltr'>It</span> <span class='ocrx_word' id='word_1_415' title='bbox 746 3013 776 3043; x_wconf 83' lang='lat' dir='ltr'>is</span> <span class='ocrx_word' id='word_1_416' title='bbox 791 3012 867 3044; x_wconf 81' lang='lat' dir='ltr'>said</span> <span class='ocrx_word' id='word_1_417' title='bbox 938 3014 1020 3052; x_wconf 86' lang='lat'>1516</span> <span class='ocrx_word' id='word_1_418' title='bbox 1043 3012 1222 3054; x_wconf 75' lang='lat' dir='ltr'>(Legrand</span> <span class='ocrx_word' id='word_1_419' title='bbox 1239 3014 1261 3054; x_wconf 85' lang='lat' dir='ltr'>i,</span> <span class='ocrx_word' id='word_1_420' title='bbox 1281 3024 1313 3054; x_wconf 85' lang='lat' dir='ltr'>p.</span> <span class='ocrx_word' id='word_1_421' title='bbox 1336 3014 1425 3055; x_wconf 84' lang='lat'>144).</span> 
     </span>
    </p>
   </div>
   <div class='ocr_carea' id='block_1_9' title="bbox 1725 405 1761 436">
    <p class='ocr_par' dir='ltr' id='par_1_12' title="bbox 1725 405 1761 436">
     <span class='ocr_line' id='line_1_44' title="bbox 1725 405 1761 436; baseline 0 0"><span class='ocrx_word' id='word_1_422' title='bbox 1725 405 1761 436; x_wconf 83' lang='grc' dir='ltr'>Ι5</span> 
     </span>
    </p>
   </div>
   <div class='ocr_carea' id='block_1_10' title="bbox 1719 1838 1759 1861">
    <p class='ocr_par' dir='ltr' id='par_1_13' title="bbox 1719 1838 1759 1861">
     <span class='ocr_line' id='line_1_45' title="bbox 1719 1838 1759 1861; baseline 0 0"><span class='ocrx_word' id='word_1_423' title='bbox 1719 1838 1759 1861; x_wconf 84' lang='lat'>10</span> 
     </span>
    </p>
   </div>
   <div class='ocr_carea' id='block_1_11' title="bbox 1719 2160 1756 2193">
    <p class='ocr_par' dir='ltr' id='par_1_14' title="bbox 1719 2160 1756 2193">
     <span class='ocr_line' id='line_1_46' title="bbox 1719 2160 1756 2193; baseline 0 0"><span class='ocrx_word' id='word_1_424' title='bbox 1719 2160 1756 2193; x_wconf 85' lang='lat'>15</span> 
     </span>
    </p>
   </div>
   <div class='ocr_carea' id='block_1_12' title="bbox 1715 2488 1755 2510">
    <p class='ocr_par' dir='ltr' id='par_1_15' title="bbox 1715 2488 1755 2510">
     <span class='ocr_line' id='line_1_47' title="bbox 1715 2488 1755 2510; baseline 0.025 -1"><span class='ocrx_word' id='word_1_425' title='bbox 1715 2488 1755 2510; x_wconf 89' lang='lat'>20</span> 
     </span>
    </p>
   </div>
  </div>
 </body>
</html>
