2010 3417
287 141 370 178 356
747 139 1000 179 LETTERS
1039 137 1108 176 OF
1145 136 1413 176 ERASMUS

1756 132 1883 187 [1516

340 248 624 299 Hieronymus
654 248 941 298 Antuuerpiae
963 246 1184 298 prostabat‚
1217 244 1345 283 etiam
1373 257 1469 282 cum
1498 243 1586 281 illic
1613 256 1760 282 essem.
1818 244 1886 282 Ita

288 313 526 351 Franciscus
551 316 754 363 temperat
783 313 908 352 huius
939 311 1173 351 comoediae
1203 322 1349 348 scenas
1379 311 1426 347 vt
1458 308 1611 358 vbique
1640 321 1766 346 suum
1793 311 1886 358 agat

286 377 514 427 negocium.
574 378 635 416 Ne
654 379 795 417 literas
823 377 992 428 quidem
1015 388 1128 415 meas
1153 375 1286 414 voluit
1314 374 1507 412 exhibere
1535 372 1778 423 priusquam
1805 372 1887 412 sibi

285 443 582 492 prospexisset;
627 445 794 482 tantum
814 443 921 482 dixit
941 457 963 481 e
984 441 1209 481 Germania
1228 440 1442 490 ingentem
1468 451 1556 477 esse
1575 438 1781 477 sarcinam
1799 437 1885 476 lite·

284 521 435 553 rarum⁷
458 509 586 546 etiam
609 509 660 546 ab
681 508 896 558 Episcopo.
953 507 1178 557 Impartiar
1204 518 1411 555 nugarum
1439 504 1671 555 portionem
1700 503 1884 553 aliquam

280 573 537 623 simulatque
569 587 768 623 recepero.
827 574 1111 622 Antuuerpiae
1142 572 1277 620 recepi
1310 583 1443 620 nuper
1473 583 1576 620 quae
1604 570 1651 607 tu
1677 568 1887 608 Basileam

286 638 468 687 miseras,
490 653 514 677 a
534 639 676 687 Paceo‚
699 639 806 678 sicut
827 639 983 689 opinor,
1007 637 1132 676 allata
1151 651 1161 685 3
1189 638 1231 674 et
1251 639 1395 675 tamen
1423 636 1511 685 ipse
1532 648 1585 673 ne
1604 635 1780 674 verbum
1795 633 1883 684 qui-

287 703 393 742 dem.
453 704 568 742 Bene
587 704 688 751 vale,
711 704 914 743 Ammoni
935 702 1184 742 doctissime.

340 769 570 808 Bruxellae.
593 769 752 818 pridiae
774 769 914 808 Nonas
934 768 1142 807 Octobres
1205 764 1351 818 [Anno
1375 764 1606 818 M.D.x1111.]

780 930 877 969 476.
939 927 1003 968 To
1036 926 1187 966 PETER
1219 924 1400 966 GILLES.

1591 1015 1768 1052 Brussels.

1519 1075 1541 1109 6
1558 1074 1721 1110 October
1741 1076 1842 1120 1516.

333 1019 554 1054 Auctarium
573 1031 610 1064 p.
632 1028 687 1063 57.

337 1077 394 1114 D'2.
412 1089 447 1122 p.
469 1080 534 1123 58:
560 1077 598 1112 F.
617 1089 652 1122 p.
675 1088 760 1122 113:
788 1077 878 1112 HN:
906 1077 1020 1112 Lond.
1038 1075 1077 1112 ii.
1097 1086 1163 1118 27:
1191 1075 1264 1110 LB.
1284 1085 1364 1119 219.

792 1158 1092 1199 [Contemporary
1109 1157 1201 1188 with
1219 1157 1283 1196 Ep.
1302 1155 1396 1197 475.]

417 1258 512 1288 DES.
541 1258 748 1288 ERASMVS
778 1256 1113 1288 ROTERODAMVS
1144 1256 1291 1287 PETRO
1322 1255 1515 1287 AEGIDIO
1547 1256 1629 1287 SVO
1661 1256 1697 1289 S.
1722 1256 1764 1286 D.

345 1342 514 1380 NAc'rvs
546 1354 641 1379 sum
674 1341 744 1379 hic
775 1340 1024 1390 cubiculum,
1053 1340 1162 1389 quod
1188 1340 1234 1378 in
1265 1341 1382 1379 tanta
1410 1340 1633 1379 hominum
1658 1340 1893 1390 frequentia

288 1407 528 1457 perdifficile
548 1409 621 1454 est,
640 1406 711 1444 sed
730 1419 931 1456 perquam
943 1408 1168 1455 angustum
1188 1419 1197 1452 ;
1226 1406 1412 1444 vicinum
1431 1408 1574 1444 tamen
1592 1406 1720 1454 aulae,
1738 1408 1790 1452 et,
1811 1418 1892 1456 quo

290 1473 397 1510 mihi
422 1471 557 1521 magis
576 1471 905 1519 commendatur,
928 1471 1114 1509 vicinum
1134 1470 1363 1508 Tunstallo.
1436 1470 1620 1509 Proinde
1648 1470 1721 1519 fac,
1744 1472 1792 1509 vt
1810 1470 1890 1520 pri—

288 1550 406 1576 mum
438 1537 590 1585 licebit,
623 1536 751 1574 libros
784 1549 898 1575 meos
927 1536 1008 1574 huc
1042 1535 1302 1574 transmittas
1332 1549 1404 1574 seu
1443 1536 1543 1574 naui
1582 1530 1655 1574 seu
1685 1535 1888 1584 vehiculo,

253 1620 269 1651 5
291 1603 497 1651 simulque
517 1615 590 1652 per
608 1602 739 1639 alium
760 1603 983 1652 quenpiam
1012 1601 1182 1640 scribito
1203 1600 1270 1639 cui
1289 1601 1548 1639 commiseris
1563 1603 1604 1638 et
1625 1614 1706 1650 quo
1721 1600 1892 1640 iusseris

290 1668 505 1717 deportari.
564 1667 811 1716 Pompilius,
833 1670 880 1706 vt
900 1668 1029 1714 video,
1054 1666 1255 1704 artificem
1275 1665 1370 1716 agit,
1393 1679 1551 1704 morem
1567 1666 1761 1705 videlicet
1787 1666 1892 1704 anti-

290 1747 421 1782 quum
441 1732 636 1770 obtinens
655 1746 665 1779 ;
695 1746 775 1782 quo
796 1733 882 1771 fero
895 1732 1159 1771 moderatius.
1192 1731 1435 1780 Aliquando
1455 1731 1642 1770 fortassis
1662 1745 1739 1770 vsu
1753 1733 1892 1771 veniet

289 1801 336 1838 vt
361 1812 435 1848 par
454 1798 544 1847 pari
564 1797 749 1836 referam.

343 1863 420 1902 Vis
450 1863 589 1901 audire
619 1862 726 1912 quod
758 1862 893 1901 rideas
912 1865 933 1902 ‘?
989 1862 1107 1911 Quod
1138 1862 1232 1900 aliis
1260 1861 1331 1899 diu
1357 1861 1622 1911 multumque
1648 1862 1894 1902 sudantibus

235 1946 273 1969 10
291 1943 410 1979 saepe
429 1942 511 1967 non
531 1928 748 1978 contingit,
772 1928 813 1966 id
840 1929 948 1967 mihi
967 1942 1072 1979 pene
1093 1927 1244 1978 obtigit
1265 1927 1491 1966 dormienti
1508 1944 1517 1976 3
1547 1927 1636 1966 Rex
1656 1927 1893 1967 catholicus

291 2008 358 2033 me
378 1994 677 2045 propemodum
697 1995 938 2044 episcopum
954 1995 1116 2032 fecerat.
1159 1993 1242 2031 Vbi
1257 1994 1278 2031 ⁶?
1297 1993 1474 2042 inquies.
1521 1993 1617 2032 Non
1636 1993 1747 2043 apud
1766 1996 1893 2033 extre-

290 2074 382 2099 mos
403 2060 542 2106 Indos,
565 2061 675 2098 vnde
695 2061 834 2098 tamen
863 2073 1011 2098 aurum
1040 2059 1214 2098 attrahit
1243 2060 1388 2096 noster
1414 2058 1641 2107 Barbirius‚
1663 2058 1893 2109 praefectus

290 2126 342 2164 iis
362 2139 465 2175 quos
480 2139 698 2175 nunquam
718 2125 884 2164 visurus
903 2127 974 2172 est,
997 2139 1144 2164 verum
1164 2125 1270 2174 apud
1293 2124 1464 2173 Siculos,
1487 2125 1710 2164 Graeculos
1731 2124 1832 2163 olim
1851 2128 1894 2164 et

291 2205 404 2230 nunc
425 2204 586 2241 quoque
600 2191 757 2229 dicaces
776 2205 821 2229 ac
841 2191 1014 2230 festinos
1031 2206 1040 2239 ;
1070 2191 1140 2229 sed
1160 2190 1336 2229 feliciter
1353 2192 1536 2229 erratum
1550 2192 1613 2228 est
1631 2191 1673 2228 et
1691 2203 1742 2228 ex
1761 2191 1893 2229 animi

236 2271 270 2302 15
291 2257 375 2296 mei
404 2257 620 2295 sententia.
678 2256 828 2294 Postea
859 2259 1118 2306 compertum
1149 2258 1211 2294 est
1242 2257 1330 2294 eius
1356 2255 1526 2294 honoris
1549 2255 1814 2294 collationem
1842 2256 1892 2294 ad

291 2334 506 2362 summum
525 2321 775 2360 Pontificem
794 2322 1020 2371 pertinere:
1053 2335 1151 2360 mox
1171 2322 1258 2360 Rex
1278 2321 1409 2359 literis
1428 2333 1451 2358 a
1471 2319 1673 2360 Pontifice
1692 2320 1893 2370 fiagitauit

290 2391 336 2427 vt
356 2389 420 2426 sui
440 2389 627 2436 respectu
647 2387 801 2425 sineret
821 2400 911 2425 eam
932 2387 1197 2425 collationem
1217 2387 1363 2425 valere.
1405 2385 1518 2424 Haec
1534 2385 1745 2424 Bruxellis
1762 2399 1888 2436 agun-

290 2456 371 2502 tur,
390 2453 492 2492 dum
506 2466 581 2491 nos
599 2452 852 2502 Antuerpiae
870 2452 995 2490 ociosi
1013 2465 1220 2502 nugamur
1238 2452 1282 2490 in
1300 2451 1453 2490 literis:
1472 2453 1595 2501 atque
1610 2451 1651 2489 id
1667 2453 1754 2490 erat
1770 2452 1888 2491 cuius

336 2554 411 2584 475.
431 2563 485 2591 39.
509 2551 618 2582 Anno
635 2560 798 2583 M.D.X1111
813 2555 886 2582 add.
906 2554 948 2583 H.

292 2600 320 2627 F
334 2608 341 2627 :
366 2597 467 2627 venit
482 2598 522 2627 D.

1081 2552 1155 2583 476.
1176 2552 1207 2583 6.
1231 2553 1282 2582 F:
1306 2551 1526 2592 Pompilium
1542 2554 1583 2583 D.
1717 2561 1746 2590 7.
1771 2552 1892 2583 veniet

336 2685 410 2716 475.
429 2696 480 2724 32.
507 2683 734 2726 Franciscus]
759 2685 985 2724 Berckman3
1013 2685 1057 2716 cf.

293 2729 357 2769 Ep.
375 2730 449 2768 258.
474 2738 511 2768 14
524 2739 561 2759 n.

338 2783 390 2812 35.
417 2770 604 2813 Episcopo]
630 2771 864 2811 Christopher
889 2772 927 2803 of
944 2772 1057 2804 Uten-

295 2816 403 2847 heim.

338 2861 388 2898 36.
418 2869 508 2898 quae
523 2858 564 2890 tu
581 2858 777 2899 Basileam]
804 2859 854 2890 cf.
875 2869 905 2899 p.
931 2869 1002 2897 114.

340 2913 392 2941 37.
417 2912 438 2932 a
461 2902 590 2943 Paceo]
617 2903 716 2940 Sent,
735 2905 799 2933 not
823 2903 988 2943 brought,
1011 2904 1058 2942 by

297 2945 386 2975 Pace
405 2956 411 2982 ;
436 2947 516 2976 who
528 2956 600 2976 was
616 2948 652 2976 at
665 2946 796 2976 Zurich
814 2948 850 2976 at
864 2947 938 2977 this
954 2948 1055 2978 time.

340 2989 413 3018 476.
438 2990 469 3019 6.
497 2988 712 3030 Pompilius]
736 2989 911 3028 Probably
926 3000 946 3020 a
968 2990 1056 3021 false

1126 2695 1233 2716 name
1273 2685 1496 2717 substituted
1535 2686 1574 2716 in
1614 2684 1803 2725 printing;
1845 2684 1890 2715 cf.
1943 2693 1946 2696 ⁴

1126 2729 1189 2769 Ep.
1222 2738 1297 2768 545.
1326 2739 1364 2768 15
1391 2739 1427 2760 n.
1503 2729 1666 2769 Possibly
1690 2728 1892 2759 Berckman

1126 2773 1158 2803 is
1174 2773 1352 2804 intended
1368 2783 1375 2811 3
1400 2773 1444 2804 cf.
1462 2773 1526 2812 Ep.
1545 2782 1619 2812 475.
1637 2782 1689 2811 32.

1174 2826 1222 2847 12.
1251 2815 1378 2857 Indos]
1407 2816 1592 2847 Barbirius
1621 2819 1669 2855 (p.
1695 2815 1775 2855 283)
1805 2813 1891 2845 held

1127 2869 1223 2890 some
1250 2860 1475 2899 preferment
1503 2860 1544 2890 in
1568 2860 1631 2890 the
1655 2858 1790 2897 Indies‚
1815 2867 1889 2897 per-

1126 2903 1217 2942 haps
1233 2903 1272 2933 in
1290 2903 1352 2934 the
1371 2914 1426 2934 see
1444 2904 1482 2934 of
1494 2904 1547 2935 St.
1565 2903 1751 2942 Domingo,
1769 2900 1889 2931 which

1127 2955 1200 2977 was
1216 2947 1359 2977 created
1375 2947 1415 2977 in
1435 2955 1528 2985 1513.
1566 2946 1618 2978 Cf.
1635 2946 1698 2984 Ep.
1713 2953 1786 2984 532.
1806 2943 1858 2974 28.

1173 2992 1222 3021 16.
1248 2989 1383 3030 literis]
1401 2989 1452 3022 Cf.
1471 2991 1532 3029 Ep.
1550 2999 1623 3029 519.
1640 2990 1671 3020 6.
