2010 3417
575 132 729 173 FROM
766 131 1032 173 WILLIAM
1069 121 1224 171 BUDE
1616 133 1695 171 229

103 127 201 182 403]

102 241 270 289 παρεῖναι
296 241 340 279 τὸ
362 239 551 293 ’Όργανον
577 244 642 291 τῆς
673 244 868 292 εὐσεβείας
902 242 1136 294 ἀπηγγέλθη,
1167 243 1209 281 τὸ
1238 244 1309 281 ὑπὸ
1337 245 1403 281 τοῦ
1423 243 1625 293 Ἐράσμου,
1653 244 1696 282 τὸ

102 305 383 357 ἀμφίγλωττον,
410 306 453 344 τὸ
485 306 665 351 ἐπίδοξον·
706 321 804 346 nam
839 310 886 347 tu
915 307 965 346 de
994 320 1042 345 eo
1076 320 1238 358 quoque
1270 308 1321 346 ad
1355 321 1422 347 me
1460 307 1692 358 scripseras,

104 370 302 419 συστήσας
319 388 383 421 μοι
402 371 467 410 τὸν
484 373 740 423 τυπογράφον.

159 435 263 485 Αὕτη
288 437 311 485 ἡ
336 437 482 486 βίβλος
500 440 673 486 παροῦσα
697 438 762 476 τὸν
787 437 847 476 διὰ
871 438 994 488 χειρὸς
1016 437 1192 488 ἐχόμενον
1219 437 1290 487 ἤδη
1315 439 1472 480 Σενέκαν
1497 438 1697 484 ἐξετίναξεν
1717 454 1754 486 25

103 499 204 548 ἡμῖν.
247 501 453 550 Apologia
470 501 599 551 igitur
617 503 689 541 tua
703 505 743 541 et
762 502 961 552 paraclesi
976 514 1020 540 ac
1035 502 1289 552 praefatione
1304 502 1489 552 legendis
1509 502 1697 542 dimidia·

102 566 196 604 tum
235 566 346 604 diem
392 566 659 606 Dominicum
697 580 1044 617 consumpseram,
1085 567 1210 606 huius
1249 568 1406 607 mensis
1447 568 1696 618 vigesimum

103 630 355 680 septimum3
388 631 522 680 pridie
549 631 663 671 enim
688 632 794 671 liber
821 632 974 670 allatus
1001 634 1100 670 erat.
1160 633 1200 670 A
1227 633 1400 681 prandio
1428 633 1572 671 statim
1601 646 1696 671 cum

102 694 369 734 Franciscum
412 696 639 735 Deloinum
676 696 867 746 viserem,
908 696 1124 734 hominem
1169 697 1356 735 doctrina
1393 699 1434 735 et
1478 697 1697 736 autoritate

103 772 278 809 summa,
313 761 448 799 curiae
480 761 718 812 principem,
754 763 802 801 vt
835 761 1084 811 scriptorum
1117 763 1284 800 tuorum
1321 761 1517 801 lectorem
1549 762 1696 802 auidis·
1715 782 1756 813 30

101 825 269 875 simum,
300 826 358 864 sic
388 839 578 866 meorum
607 827 772 878 meique
799 827 1161 874 amantissimum;
1205 826 1322 865 cuius
1349 827 1512 865 nomini
1542 827 1698 866 dicasse

101 889 260 928 librum
291 891 352 929 De
382 891 487 929 Asse
516 891 624 930 mihi
655 891 810 941 videor,
845 904 940 930 cum
973 905 1070 930 eum
1103 892 1210 930 circa
1238 891 1367 930 finem
1401 891 1500 930 libri
1533 905 1696 930 mecum

102 954 376 995 disserentem
405 957 575 995 faciam:
607 957 665 996 sic
695 957 809 996 enim
836 958 928 995 tum
957 956 1058 995 tulit
1086 970 1179 995 mea
1208 957 1324 1005 ratio,
1356 958 1398 995 et
1425 957 1579 1007 alioqui
1606 957 1696 996 eius

102 1019 322 1061 dicationis
346 1021 592 1061 memoriam
619 1035 835 1072 nunquam
858 1021 941 1060 nisi
964 1034 1060 1060 cum
1079 1021 1185 1061 libro
1204 1021 1469 1061 interituram
1487 1022 1691 1070 videbam,

101 1099 197 1125 cum
216 1099 334 1137 saepe
350 1087 624 1137 praefationes
638 1087 935 1137 pereant—sed
953 1100 1049 1126 cum
1064 1087 1115 1126 ad
1131 1100 1228 1126 eum
1247 1087 1452 1135 adiissem,
1470 1087 1697 1138 ecquidque
1715 1106 1754 1138 35

100 1152 201 1190 noui
225 1152 421 1191 haberem
445 1152 752 1203 interrogasset,
773 1154 821 1191 vt
849 1152 1044 1202 respondi
1070 1152 1179 1191 nihil
1202 1166 1270 1191 me
1295 1152 1456 1201 habere,
1489 1153 1569 1191 ‘At
1594 1165 1670 1202 ego
1686 1151 1696 1168 ’

99 1217 249 1267 inquit,
274 1217 424 1257 ‘habeo
445 1217 553 1267 quod
582 1218 633 1256 ad
653 1219 693 1256 te
712 1217 917 1268 pertineat
937 1218 1127 1267 quodque
1153 1217 1231 1256 tibi
1255 1218 1485 1256 iucundum
1503 1218 1695 1256 futurum

100 1281 182 1321 sit.'
239 1281 347 1330 Quid
370 1282 411 1321 id
441 1284 548 1321 esset
575 1296 642 1321 me
671 1284 858 1332 rogante,
889 1283 1015 1321 ‘Ecce
1041 1283 1141 1321 tibi'
1164 1283 1313 1333 inquit,
1342 1283 1543 1333 ‘elogium
1572 1282 1623 1321 ab
1649 1295 1697 1320 ea

99 1347 316 1386 autoritate
328 1348 559 1397 profectum
573 1361 699 1398 quam
712 1349 759 1386 tu
774 1347 907 1386 instar
921 1348 1270 1386 senatusconsulti
1282 1348 1463 1388 Romani
1477 1348 1698 1386 habiturus

99 1412 170 1451 sis.
231 1412 401 1451 Solebas
434 1412 547 1451 enim
577 1414 717 1463 optare
750 1414 796 1452 vt
826 1413 928 1452 treis
957 1414 1029 1451 aut
1057 1416 1234 1463 quatuor
1263 1413 1458 1452 Erasmos
1484 1414 1529 1452 in
1560 1412 1696 1451 Gallia
1713 1433 1756 1465 4³

99 1477 346 1517 haberemus
378 1477 429 1527 (si
464 1479 607 1517 tamen
641 1480 704 1517 tot
735 1479 863 1517 simul
897 1479 1062 1518 Erasmi
1094 1479 1254 1518 similes
1285 1492 1368 1518 vna
1405 1481 1514 1518 aetas
1552 1479 1696 1517 efferre

98 1544 253 1594 posset)
280 1545 328 1582 vt
353 1543 431 1582 tibi
460 1543 601 1583 animo
630 1545 705 1582 tuo
735 1543 955 1594 aliquando
987 1544 1158 1594 obsequi
1186 1544 1328 1583 liceret
1358 1544 1602 1594 ingeniique
1631 1543 1695 1582 tui

99 1608 379 1648 mediocritati
403 1608 578 1647 liberius
603 1608 696 1647 vela
720 1608 927 1658 pandere:
956 1608 1066 1647 nihil
1096 1611 1236 1648 autem
1262 1608 1341 1648 tibi
1367 1609 1582 1648 molestius
1606 1621 1694 1647 esse

99 1688 226 1725 quam
264 1674 372 1724 quod
410 1674 710 1712 inferuescente
748 1673 847 1712 stilo
883 1673 1081 1724 quasique
1120 1674 1335 1713 Musarum
1372 1687 1471 1713 aura
1506 1673 1696 1724 plaenius

99 1739 307 1789 aspirante
334 1739 427 1778 vela
454 1740 501 1778 tu
530 1751 649 1789 saepe
678 1739 921 1778 contrahere
950 1753 1136 1790 cogerere
1163 1741 1287 1790 atque
1315 1740 1366 1778 ad
1397 1753 1493 1778 eum
1522 1738 1694 1777 modum
1713 1760 1754 1792 45

99 1804 335 1843 velificandi
368 1804 573 1854 impetum
606 1804 823 1852 moderari,
859 1817 983 1854 quem
1021 1804 1274 1843 nostratium
1310 1804 1534 1843 hominum
1570 1804 1696 1842 ferret

99 1870 242 1920 captus
280 1883 325 1908 ac
362 1869 540 1907 libenter
576 1869 829 1907 admitteret.
902 1869 1055 1919 Ecquis
1093 1869 1206 1908 enim
1245 1882 1373 1919 aequo
1410 1870 1551 1908 animo
1589 1869 1694 1907 ferre

98 1937 239 1985 posset
253 1935 502 1974 semidoctos
517 1934 711 1973 homines
729 1934 1030 1984 intelligentiae
1050 1948 1146 1973 suae
1162 1935 1317 1973 finibus
1334 1935 1507 1974 Latinae
1525 1933 1692 1984 linguae

99 2000 261 2051 copiam
280 2000 599 2038 circunscribere
612 2002 633 2039 ‘?
680 1999 807 2038 Hunc
826 2000 966 2049 ipsum
985 1999 1112 2050 igitur
1131 2000 1355 2039 Erasmum
1375 2000 1501 2038 habes
1520 2011 1692 2049 operum

97 2068 268 2104 tuorum
288 2079 373 2104 non
393 2065 516 2103 modo
535 2065 733 2103 lectorem
752 2064 822 2103 sed
843 2065 970 2104 etiam
988 2065 1260 2114 praeconem.'
1713 2087 1755 2120 50

152 2131 265 2179 Quae
285 2144 380 2169 cum
399 2130 473 2168 ille
488 2130 659 2169 dixisset
679 2132 719 2169 et
740 2143 814 2180 ego
833 2143 1059 2180 suspensus
1073 2131 1343 2179 expectarem,
1361 2129 1517 2180 promit
1535 2129 1694 2168 librum

99 2199 221 2235 tuum
250 2196 437 2235 solutum
465 2196 599 2235 adhuc
628 2198 668 2234 et
697 2198 906 2234 recentem
936 2196 987 2234 ab
1018 2195 1189 2244 officina,
1220 2195 1441 2245 locumque
1471 2194 1693 2234 ostendens

143 2309 195 2338 23.
218 2309 258 2330 eo
278 2301 361 2333 Be:
385 2301 420 2330 et
436 2309 465 2330 α.
637 2308 690 2337 24.
715 2297 877 2337 συστήσας
900 2321 907 2329 .
932 2319 940 2329 .
968 2322 974 2329 .
1002 2299 1054 2329 26.
1079 2297 1156 2337 ἡμῖν
1172 2298 1232 2332 Ββ
1250 2298 1315 2338 (25.
1341 2296 1499 2336 ἐχόμενον
1514 2299 1694 2335 FCorri9.:

99 2342 276 2382 ἐρχόμενον
306 2343 348 2382 Β)
365 2353 372 2373 :
411 2341 665 2373 commendans
695 2342 789 2372 mihi
820 2341 1095 2382 typographum.
1140 2341 1210 2372 Hic
1237 2341 1337 2379 liber,
1365 2351 1446 2371 cum
1473 2340 1691 2380 aduenisset,

102 2387 270 2417 Senecam
287 2387 350 2425 qui
366 2386 438 2417 iam
455 2387 494 2416 in
509 2386 676 2416 manibus
693 2388 779 2424 erat,
798 2386 952 2416 excussit
969 2385 1073 2415 nobis
1087 2396 1119 2416 a.
1297 2387 1349 2415 26.
1373 2386 1434 2415 tua
1450 2386 1485 2415 et
1500 2385 1561 2418 Ββ
1576 2394 1584 2414 z
1606 2393 1646 2414 ac
1662 2395 1695 2414 α.

103 2439 142 2460 ac
158 2431 219 2463 Ββ
236 2440 244 2459 :
265 2429 293 2460 ἃ
307 2440 339 2460 α.
515 2438 567 2467 3ο.
594 2439 734 2460 summa
748 2431 777 2459 B
791 2440 798 2460 :
822 2438 982 2459 summae
997 2429 1032 2462 β.
1197 2437 1250 2467 31.
1276 2427 1417 2458 nomini
1434 2428 1493 2461 Ββ
1508 2438 1515 2458 z
1538 2429 1649 2457 momi
1663 2437 1694 2458 α.

103 2482 155 2511 32.
182 2472 275 2502 mihi
290 2471 413 2503 videor
427 2474 477 2502 B:
499 2472 617 2503 videri
633 2474 765 2512 possim
781 2471 997 2512 quibusdam
1012 2473 1045 2506 β.
1149 2481 1201 2510 33.
1227 2473 1306 2501 tum
1322 2472 1382 2505 Ββ
1397 2482 1404 2501 :
1427 2472 1490 2501 tua
1504 2481 1535 2501 α.
1639 2477 1693 2508 35.

102 2516 147 2546 ad
162 2517 224 2550 Ββ
239 2526 248 2546 :
270 2526 328 2547 om.
348 2527 378 2546 α.
481 2517 533 2554 36.
559 2517 597 2546 vt
611 2518 671 2550 Ββ
686 2527 694 2547 :
717 2516 744 2547 ἃ
760 2527 790 2546 α.
894 2525 947 2553 40.
973 2514 1116 2545 Solebas
1130 2516 1192 2549 Ββ
1208 2525 1215 2545 :
1239 2514 1355 2544 olebas
1371 2526 1400 2546 a.
1503 2523 1557 2552 42.
1578 2514 1695 2552 posset

103 2563 140 2591 vt
158 2561 218 2593 Ββ
233 2569 241 2589 :
263 2559 374 2599 possit
389 2558 417 2588 ὅτ
432 2570 461 2589 α.

103 2613 155 2642 47.
179 2612 219 2633 ac
235 2604 282 2634 B:
307 2602 368 2632 aut
384 2603 478 2632 certe
493 2603 527 2635 β.

624 2568 675 2598 45.
700 2559 910 2590 contrahere
926 2568 1085 2598 cogerere
1100 2560 1160 2593 Ββ
1175 2568 1183 2589 :
1207 2559 1330 2588 contra
1346 2558 1470 2587 herere
1486 2556 1647 2587 viderere
1662 2567 1692 2587 a.

657 2603 710 2640 48.
733 2604 851 2642 posset
866 2604 914 2633 B:
938 2602 1049 2641 possit
1063 2613 1093 2632 a.
1244 2609 1297 2639 52.
1320 2601 1382 2631 abs
1398 2601 1431 2634 β.

147 2733 199 2762 27.
219 2722 314 2752 diem
330 2719 581 2761 Dominicum]
606 2731 646 2760 27
663 2721 748 2761 Apr.
770 2722 864 2760 1516.

102 2766 178 2798 The
211 2765 328 2796 words
358 2767 453 2794 huius
487 2767 602 2795 mensis
639 2764 738 2795 show
771 2765 862 2803 that,

104 2809 242 2848 though
259 2807 366 2839 dated
381 2809 420 2838 in
438 2807 531 2847 May,
542 2808 604 2838 the
619 2806 727 2838 letter
741 2817 814 2838 was
828 2810 866 2838 at

104 2863 176 2893 any
191 2854 268 2884 rate
286 2853 402 2891 begun
419 2851 458 2881 in
475 2851 591 2891 April.

149 2897 201 2928 28.
232 2895 378 2935 allatus]
426 2893 565 2926 Conrad
589 2894 759 2933 Pellican,
785 2894 865 2924 who

105 2939 248 2972 arrived
272 2940 309 2970 in
334 2938 435 2969 Paris
455 2947 501 2969 on
522 2948 543 2977 3
558 2937 651 2977 May,
669 2936 780 2968 found
803 2937 865 2968 the

107 2984 197 3015 book
227 2993 274 3014 on
306 2982 378 3014 sale
408 2982 507 3012 there
541 2984 628 3012 next
666 2980 765 3020 day;
809 2990 865 3011 see

934 2720 1032 2752 OPR.
1052 2730 1085 2760 p.
1102 2729 1155 2759 53.

977 2774 1028 2803 29.
1047 2761 1255 2802 Deloinum]
1279 2762 1343 2793 See
1359 2762 1424 2802 Ep.
1443 2772 1518 2802 494.

976 2816 1028 2846 52.
1054 2806 1188 2846 locum]
1212 2806 1286 2836 The
1311 2808 1395 2836 note
1419 2815 1465 2836 on
1489 2805 1587 2836 Luke
1612 2814 1641 2836 1.
1659 2814 1692 2844 4.

933 2850 1101 2881 Erasmus
1138 2849 1240 2880 there
1273 2850 1384 2881 states
1420 2848 1501 2880 that
1538 2849 1575 2880 at
1610 2847 1693 2880 that

933 2896 1029 2933 stage
1045 2894 1085 2924 in
1100 2893 1162 2923 the
1177 2893 1343 2932 printing
1358 2893 1488 2923 Beatus
1498 2891 1693 2923 Rhenanus

932 2937 1079 2977 pointed
1105 2939 1168 2968 out
1201 2938 1238 2967 to
1261 2936 1340 2967 him
1366 2946 1387 2966 a
1415 2936 1631 2967 translation
1657 2935 1698 2966 of

933 2979 1059 3011 Luke's
1067 2980 1222 3020 opening
1231 2989 1348 3011 verses
1357 2980 1462 3020 given
1474 2980 1520 3019 by
1527 2980 1694 3011 Budaeus
