2010 3417
203 1742 241 1762 10

204 2069 215 2089 J
227 2069 238 2075 ·
261 2053 491 2103 Episcopus
511 2054 729 2093 Roffensis.

205 2396 218 2416 2
262 2379 340 2417 tibi
361 2392 458 2418 vero
488 2380 545 2418 sic
577 2380 742 2419 deditus
770 2382 816 2419 vt
836 2394 988 2419 nomen
1017 2381 1142 2420 etiam
1168 2382 1305 2431 ipsum
1336 2383 1569 2419 veneretur.

251 157 331 197 350
714 153 969 193 LETTERS
1008 154 1078 192 OF
1115 153 1382 193 ERASMUS
1723 151 1847 205 [1516

689 280 841 320 413471·
902 278 967 319 To
998 278 1125 319 -JOHN
1154 277 1415 319 Remum.

297 372 507 408 Illustrium
524 371 692 408 virorum
711 370 894 417 epistolae
912 369 957 406 f0.
975 371 993 405 t
1009 368 1071 416 (a).
1479 367 1670 412 Antwerp.

298 430 372 466 RE.
391 431 474 466 226.
1348 436 1393 471 29
1412 425 1632 471 September
1651 424 1806 473 <1516>.

295 512 381 553 [For
406 511 469 543 the
496 521 618 543 source
642 521 699 542 see
723 511 788 551 Ep.
814 520 880 550 300
902 509 1036 541 introd.
1100 509 1150 539 At
1173 508 1238 539 the
1261 507 1334 538 end
1358 507 1396 538 of
1420 507 1484 538 the
1513 506 1622 538 letter
1648 516 1768 538 occurs
1791 507 1854 538 the

251 556 438 596 following
453 564 607 596 passage,
627 554 783 586 without
798 553 1012 594 authorship
1028 552 1195 592 assigned
1209 563 1216 582 :

339 610 460 642 Amici
475 612 562 641 sunt
578 609 780 641 Reuchlino
796 609 836 640 in
851 608 983 648 Anglia
1001 607 1203 639 doctissimi
1221 618 1229 637 :

294 654 341 686 M.
362 653 579 685 Guilielmus
596 653 783 692 Grocinus,
800 653 997 692 theologus.

297 698 453 728 Thomas
469 697 653 736 Linacrus,
673 697 835 727 medicus
852 697 978 736 regius.

296 741 488 772 Cutbertus
501 741 724 780 Dunstanus,
737 739 1015 780 iureconsultus,
1026 738 1299 778 Archiepiscopi
1317 736 1592 769 cantuariensis
1607 735 1852 768 cancellarius.

296 785 514 816 Guilielmus
531 785 754 822 Latamerus,
771 784 970 823 theologus.

296 829 479 859 Iohannes
496 828 650 868 ColetuS,
671 828 827 859 decanus
843 828 875 859 S.
896 826 1000 858 Pauli
1016 825 1183 858 Londini.

296 873 450 903 Thomas
466 872 587 903 Morus
603 871 876 907 Londoniensis‚
893 871 1002 902 iudex
1017 872 1054 901 et
1070 869 1263 901 aduocatus
1279 868 1547 900 disertissimus.

296 916 461 947 Andreas
477 917 695 947 Ammonius
711 916 923 946 secretarius
940 915 1124 954 Lucensis,
1145 912 1386 945 doctissimus.

341 961 474 992 Omnes
491 961 610 991 sciunt
626 960 758 991 Graece
775 961 921 999 excepto
939 956 1088 999 Coleto.]

821 1058 1028 1088 ERASMVS
1059 1057 1292 1089 CAPNIONI.

310 1142 401 1180 Cvm
422 1142 497 1179 has
516 1141 660 1180 literas
680 1154 888 1191 parassem
907 1141 958 1179 ad
978 1140 1160 1190 primam
1181 1140 1504 1191 γραμματοφόρου
1524 1138 1700 1189 copiam,
1724 1139 1856 1178 reddi—

255 1208 321 1244 tae
351 1208 451 1244 sunt
471 1206 729 1256 Antuerpiae
749 1208 843 1245 tuae
862 1205 1014 1254 literae,
1039 1205 1108 1244 sed
1132 1218 1274 1244 mense
1294 1205 1421 1243 Iunio
1448 1204 1634 1254 scriptae,
1657 1217 1759 1255 quas
1786 1217 1860 1255 ego

256 1272 307 1310 ad
327 1271 456 1323 finem
477 1272 736 1322 Septembris
757 1271 907 1321 accepi.
949 1271 1017 1310 Ad
1033 1271 1110 1309 has
1129 1272 1176 1309 vt
1196 1270 1458 1320 paucissimis
1473 1270 1755 1320 respondeam,
1773 1273 1860 1310 erat

257 1337 426 1386 quidem
445 1337 529 1376 mei
550 1337 685 1383 officii,
706 1337 945 1376 doctissime
966 1336 1208 1385 Reuehline,
1224 1336 1356 1374 literis
1375 1335 1454 1375 tibi
1473 1336 1628 1386 gratias
1647 1349 1765 1385 agere
1784 1349 1859 1387 pro

258 1403 403 1451 codice,
424 1402 502 1440 hoc
522 1404 585 1441 est
605 1402 763 1441 deliciis
783 1402 867 1441 tuis
886 1401 1007 1440 nobis
1020 1401 1281 1440 commodato
1304 1401 1444 1440 missis
1468 1415 1477 1449 ;
1506 1401 1579 1439 sed
1599 1401 1862 1440 Frobennius

257 1468 302 1505 in
323 1480 446 1506 causa
464 1467 556 1518 fuit,
580 1467 651 1517 qui
670 1481 738 1506 me
758 1481 841 1506 non
861 1467 1076 1506 admonito
1095 1466 1250 1505 librum
1276 1466 1502 1505 remiserat.
1549 1466 1728 1506 Naenias
1748 1479 1862 1506 meas

258 1534 342 1581 tuo,
359 1532 436 1570 hoc
451 1534 514 1570 est
535 1532 767 1571 doctissimi
787 1532 1013 1582 optimique
1033 1532 1126 1580 viri,
1147 1531 1303 1570 calculo
1319 1531 1579 1582 comprobari
1591 1529 1859 1571 'vehementer

259 1598 427 1646 gaudeo.
472 1598 692 1636 Caeterum
712 1598 820 1648 quod
836 1599 906 1636 tua
925 1611 1022 1648 prae
1041 1597 1146 1636 meis
1159 1597 1404 1646 contemnis,
1423 1610 1497 1647 age
1510 1611 1563 1636 ne
1583 1597 1710 1636 nimis
1730 1599 1862 1636 amice

258 1665 299 1700 et
313 1663 498 1701 modeste
518 1663 613 1713 plus
632 1663 743 1702 satis.
804 1663 860 1701 Et
878 1662 1194 1701 infoelicitatem
1213 1664 1331 1701 tuam
1351 1662 1541 1713 deploras
1553 1664 1573 1701 ⁶?
1602 1663 1673 1713 qui
1692 1663 1863 1702 foelicis-

259 1727 364 1765 simo
386 1727 459 1766 illo
485 1728 624 1766 seculo
645 1728 802 1767 videris
818 1728 999 1777 Italiam,
1022 1728 1194 1766 florente
1214 1728 1422 1778 Agricola,
1446 1727 1667 1776 Pontiano,
1690 1728 1864 1767 Hermo-

260 1793 333 1841 lao,
353 1788 485 1841 Pico;v
508 1793 574 1831 cui
594 1794 682 1832 tam
703 1794 817 1832 varia
845 1795 996 1843 tanque
1017 1793 1227 1832 recondita
1247 1792 1469 1843 contigerit
1491 1793 1679 1840 eruditio,
1711 1793 1782 1844 qui
1800 1795 1865 1832 tot

261 1857 537 1897 summatibus
557 1858 657 1897 viris
678 1860 802 1897 notus
821 1871 866 1897 ac
885 1858 1103 1897 familiaris
1123 1858 1260 1906 fueris,
1283 1858 1355 1908 qui
1374 1870 1486 1896 nunc
1511 1871 1672 1908 quoque
1693 1858 1865 1908 optimis

260 1936 305 1961 ac
325 1923 578 1962 doctissimis
599 1923 831 1973 quibusque
853 1924 910 1962 sic
930 1924 1079 1963 charus
1099 1924 1157 1962 sis
1185 1925 1226 1962 et
1245 1924 1462 1963 adamatus
1481 1925 1538 1973 vt,
1556 1923 1592 1961 si
1605 1925 1721 1973 pater
1740 1937 1862 1975 esses,

261 1988 458 2027 omnibus
486 1989 680 2028 intimius
707 1990 856 2028 charus
876 2003 963 2028 esse
993 2002 1079 2028 non
1098 1989 1243 2040 possis.
1318 1989 1477 2028 Adorat
1503 1990 1545 2027 te
1564 1990 1865 2039 propemodum

791 2054 942 2093 Ioanni
963 2054 1103 2093 Coleto
1124 2067 1289 2093 sacrum
1309 2056 1372 2093 est
1391 2056 1513 2093 tuum
1533 2067 1699 2094 nomen.
1746 2055 1864 2104 Quod

262 2118 307 2155 ni
327 2118 520 2157 minister
539 2119 786 2168 perdidisset
814 2119 1034 2169 epistolam
1054 2122 1182 2168 tuam,
1208 2119 1377 2158 haberet
1397 2132 1498 2167 eam,
1519 2121 1568 2158 vt
1587 2119 1733 2170 aiebat,
1755 2120 1864 2158 inter

262 2196 393 2221 sacras
411 2183 616 2233 reliquias.
677 2185 820 2234 Nuper
840 2185 968 2224 inuisi
989 2186 1291 2224 monasterium
1318 2187 1611 2235 peruetustum
1631 2185 1864 2224 Oartusien—

262 2250 371 2286 sium
391 2249 500 2299 apud
521 2250 722 2288 Sanctum
743 2250 997 2289 Odomarum
1016 2251 1210 2289 Artesiae
1231 2251 1440 2301 oppidum.
1513 2249 1615 2289 Eius
1634 2250 1717 2289 loci
1743 2251 1864 2290 Prior

262 2328 283 2351 e
313 2314 399 2352 tuis
421 2314 539 2352 libris
564 2315 667 2352 mire
696 2315 840 2353 literas
870 2315 1096 2354 Hebraicas
1124 2319 1336 2355 assecutus
1362 2318 1424 2354 est
1452 2315 1570 2354 nullo
1590 2318 1862 2366 praeceptore,

1631 2381 1734 2420 Erat
1758 2381 1865 2420 forte

578 2487 607 2509 2.
633 2478 743 2509 Iunio
759 2482 836 2510 coni.
858 2481 982 2517 Geifser:
1011 2479 1106 2511 Iulio
1121 2491 1150 2510 α.
1201 2482 1243 2517 Cf.
1263 2481 1322 2516 Ep.
1341 2479 1548 2518 418pwoem.

308 2586 335 2608 1.
380 2576 671 2618 γραμματοφόρου]
719 2577 792 2608 The
830 2578 956 2609 bearer
991 2579 1030 2609 of

263 2619 337 2650 this
368 2618 478 2650 letter
512 2629 586 2651 was
620 2631 640 2651 a
676 2621 737 2652 Dr.
773 2621 811 2652 of
844 2622 1022 2661 Divinity,

261 2664 341 2694 who
363 2663 394 2694 is
415 2664 640 2705 mentioned,
660 2665 725 2695 but
742 2668 806 2696 not
827 2666 967 2706 named,
986 2667 1025 2696 in

1147 2589 1159 2608 1
1168 2588 1194 2617 7.
1243 2578 1520 2619 monasterium]
1567 2578 1599 2610 A
1644 2578 1862 2610 Cartliusian

1101 2622 1211 2653 house
1238 2622 1397 2653 founded
1422 2624 1461 2653 in
1488 2623 1572 2661 1298
1596 2622 1635 2652 in
1658 2622 1721 2652 the
1744 2622 1862 2662 valley

1099 2666 1138 2696 of
1174 2667 1228 2697 St.
1267 2666 1479 2706 Aldegonde
1521 2668 1558 2697 at
1600 2665 1862 2706 Longuenesse,

262 2706 332 2738 RE.
349 2716 459 2747 231,2.
505 2707 580 2739 The
597 2708 704 2739 latter
724 2710 763 2739 of
775 2709 877 2740 these
896 2709 1025 2740 should

259 2749 302 2779 be
334 2749 442 2781 dated
473 2751 573 2791 early
603 2753 643 2782 in
677 2761 769 2792 1517,
798 2762 835 2783 as
863 2753 893 2783 it
924 2763 1024 2784 men-

261 2794 357 2823 tions
377 2795 439 2824 the
464 2796 597 2835 receipt
621 2796 659 2826 of
679 2796 742 2836 Ep.
764 2806 827 2834 402
846 2797 925 2826 ‘vix
941 2798 1025 2827 ante

261 2837 427 2868 annum'.

307 2890 355 2909 10.
382 2881 566 2922 Agricola]
591 2882 717 2923 Geiger
729 2883 852 2923 points
868 2884 929 2914 out
943 2883 1024 2914 that

261 2921 440 2995 Iliteuchlin
456 2927 588 2956 cannot
603 2926 694 2957 have
711 2928 786 2957 met
802 2927 967 2967 Agricola
984 2928 1023 2958 in

301 2975 318 2995 a
338 2976 372 3004 y.

308 3018 355 3047 17.
383 3010 521 3051 Nuper]
546 3012 721 3052 Probably
739 3013 777 3044 in
794 3013 900 3044 June.

1098 2711 1206 2741 about
1233 2719 1252 2740 a
1279 2709 1365 2740 mile
1390 2709 1468 2740 SW.
1498 2710 1538 2741 of
1562 2710 1612 2741 St.
1641 2709 1770 2749 Omer3
1804 2718 1861 2740 see

1097 2753 1128 2784 J.
1155 2753 1353 2791 Derheims,
1377 2755 1454 2784 Vz'IIe
1479 2755 1514 2784 cle
1537 2755 1581 2784 St.
1600 2755 1697 2793 Omer,
1725 2763 1757 2793 p.
1784 2761 1860 2792 597.

1098 2797 1152 2827 Its
1164 2797 1266 2827 Prior
1278 2800 1315 2828 at
1326 2797 1402 2827 this
1413 2797 1502 2827 time
1514 2806 1585 2827 was
1595 2796 1691 2827 John
1703 2797 1857 2836 Quonus.

1097 2841 1129 2872 A
1139 2840 1245 2871 letter
1256 2840 1347 2871 from
1361 2840 1440 2871 him
1453 2841 1493 2870 in
1505 2840 1621 2880 praise
1633 2840 1672 2871 of
1681 2838 1861 2870 Reuchlin

1096 2886 1133 2914 to
1156 2884 1228 2916 Jas.
1246 2883 1358 2914 Faber
1382 2881 1659 2927 <Stapulensis>,
1688 2882 1794 2914 dated
1817 2893 1858 2922 24

1096 2926 1181 2968 July
1211 2926 1250 2969 (ἲ)
1275 2936 1381 2966 15143
1415 2927 1487 2959 RE.
1521 2937 1554 2967 p.
1587 2936 1650 2966 223
1677 2936 1713 2957 n.
1744 2924 1797 2968 a),
1827 2927 1859 2956 is

1096 2970 1243 3009 printed
1265 2980 1312 3001 on
1331 2970 1391 3002 the
1414 2972 1501 3002 next
1524 2970 1599 3001 leaf
1619 2969 1657 3000 of
1676 2970 1740 3000 the
1755 2971 1858 2999 Illust.

1098 3017 1152 3046 ιςὶν.
1172 3017 1259 3051 epist.
1305 3014 1369 3045 See
1386 3013 1462 3044 also
1480 3014 1550 3045 RE.
1570 3023 1603 3053 p.
1623 3014 1666 3044 80
1697 3022 1733 3043 u.
1766 3022 1799 3043 2.
