2010 3417
75 159 175 213 337]
223 166 225 169 ”
606 159 677 199 ΤΟ
715 159 942 199 MARTIN
980 159 1133 198 DORP
1616 157 1668 195 97

71 270 327 310 commodior
371 269 591 319 excogitari
632 271 792 319 poterat
838 268 1071 308 medicandi
1118 269 1410 308 communibus
1448 268 1669 307 hominum

71 335 227 374 malis‘?
281 335 476 374 Primum
513 335 603 385 ipsa
634 335 824 384 voluptas
861 334 1019 373 illectat
1057 334 1109 373 ad
1145 334 1368 384 legendum
1404 334 1446 372 et
1483 333 1669 372 illectum

72 403 314 440 remoratur.
374 400 481 439 Nam
509 400 554 438 in
582 400 752 438 caeteris
785 399 886 438 alias
914 412 978 438 res
1005 398 1078 438 alii
1106 401 1325 438 venantur.
1384 397 1588 449 Voluptas
1619 411 1670 437 ex

72 479 202 516 aequo
222 464 431 504 blanditur
450 465 654 512 omnibus,
677 464 758 502 nisi
778 464 813 503 si
832 464 925 514 quis
945 464 1151 513 stupidior
1168 467 1231 503 est
1250 478 1375 514 quam
1395 465 1441 503 vt
1465 463 1671 503 litteratae

73 531 299 581 voluptatis
320 542 442 569 sensu
461 530 578 579 tangi
597 530 740 579 possit.

128 597 256 635 Porro
286 595 358 645 qui
391 594 477 632 illic
515 594 783 632 offenduntur
815 594 887 632 vbi
917 593 1076 632 nullius
1108 593 1270 632 aeditur
1304 608 1470 644 nomen,
1501 595 1531 633 ii
1564 594 1669 633 mihi

74 661 267 700 videntur
289 659 399 698 haud
428 658 612 697 multum
641 658 782 697 abesse
810 671 834 696 a
861 657 1203 696 muliercularum
1230 659 1467 699 affectibus:
1498 673 1612 710 quae,
1636 660 1670 698 si

74 727 172 777 quid
191 727 236 764 in
255 724 384 764 malas
403 723 604 762 foeminas
625 722 786 761 dictum
804 722 942 769 fuerit,
965 723 1023 760 sic
1043 725 1360 761 commouentur
1374 725 1492 774 quasi
1511 737 1558 763 ea
1577 737 1669 763 con-

73 790 248 830 tumelia
289 790 340 828 ad
378 787 563 838 singulas
599 787 803 837 pertineat
822 802 831 836 ;
878 800 1045 826 rursum
1082 787 1118 825 si
1160 788 1258 838 quid
1291 788 1427 828 laudis
1464 789 1671 828 tribuatur

73 855 212 907 probis
236 853 492 902 mulieribus,
515 853 572 891 510
601 852 679 891 sibi
706 853 872 902 placent
891 852 1007 903 quasi
1026 852 1134 902 quod
1154 852 1278 891 vnius
1302 855 1374 892 aut
1399 854 1569 893 alterius
1593 856 1668 900 est⁷

74 922 117 961 id
135 920 341 971 pertineat
360 919 410 958 ad
432 918 621 957 omnium
641 918 818 957 laudem.
869 917 993 957 Absit
1008 917 1085 956 1100
1104 917 1284 968 ineptiae
1303 932 1432 969 genus
1451 933 1474 958 a
1493 919 1606 967 viris,
1630 923 1671 959 at

73 986 208 1026 multo
228 985 361 1035 magis
383 984 433 1023 ab
454 983 628 1022 eruditis
648 984 760 1032 viris,
782 983 965 1022 maxime
984 996 1080 1022 vero
1099 997 1123 1022 a
1141 983 1359 1034 theologis.
1415 984 1460 1023 Si
1478 985 1577 1035 quid
1604 985 1670 1023 hic

73 1052 236 1092 offendo
264 1050 450 1089 oriminis
478 1063 501 1088 a
528 1062 608 1100 quo
637 1062 730 1087 sum
758 1049 971 1097 immunis,
997 1061 1083 1087 non
1114 1049 1323 1097 offendor3
1352 1049 1423 1088 sed
1452 1050 1539 1100 ipse
1566 1051 1671 1089 mihi

74 1117 268 1167 gratulor,
301 1116 375 1166 qui
404 1127 547 1154 vacem
580 1114 634 1152 iis
668 1114 791 1152 malis
820 1113 971 1164 quibus
1002 1114 1160 1152 multos
1193 1114 1392 1153 obnoxios
1424 1128 1510 1154 esse
1538 1115 1667 1155 video.

76 1181 151 1221 Sin
171 1183 233 1220 est
250 1183 407 1220 tactum
428 1180 576 1218 hulcus
601 1179 777 1229 aliquod,
802 1181 842 1217 et
867 1192 961 1218 sum
986 1179 1075 1229 ipse
1095 1179 1201 1217 mihi
1221 1181 1411 1219 ostensus
1429 1180 1474 1219 in
1493 1181 1667 1230 speculo,

75 1260 150 1285 nec
178 1247 246 1285 hic
266 1247 485 1297 quicquam
511 1248 573 1284 est
599 1258 743 1284 causae
770 1258 842 1283 cur
868 1245 1022 1284 offendi
1046 1244 1227 1284 debeam.
1289 1245 1334 1284 Si
1357 1246 1539 1296 prudens
1564 1260 1669 1295 sum,

77 1311 344 1351 dissimulabo
365 1311 472 1361 quod
502 1310 649 1358 sentio,
671 1323 744 1348 nec
771 1311 859 1360 ipse
885 1310 969 1349 mei
988 1310 1154 1349 veniam
1179 1311 1374 1360 proditor.
1435 1311 1480 1351 Si
1504 1313 1670 1362 probus

75 1377 314 1416 admonitus
339 1376 501 1424 cauebo,
525 1389 577 1413 ne
604 1375 711 1414 mihi
735 1376 815 1415 tale
842 1375 1073 1415 conuitium
1099 1376 1269 1425 posthac
1294 1377 1338 1414 in
1359 1390 1404 1415 os
1424 1377 1671 1417 nominatim

75 1443 206 1493 possit
224 1441 411 1493 impingi,
431 1441 538 1491 quod
557 1441 643 1479 illic
663 1441 754 1480 sine
774 1440 1088 1480 nomenclatura
1108 1443 1298 1480 notatum
1312 1441 1443 1481 video.
1489 1442 1572 1481 Cur
1590 1456 1673 1481 non

75 1507 223 1547 saltem
253 1508 332 1546 1100
369 1507 574 1545 donamus
603 1506 700 1545 huic
734 1507 877 1545 libello
917 1507 1025 1557 quod
1056 1506 1299 1556 vulgaribus
1331 1507 1424 1546 istis
1455 1509 1674 1547 comoediis

74 1573 266 1612 tribuunt
294 1574 334 1611 et
362 1572 544 1611 idiotae?
601 1572 733 1620 Quam
771 1572 917 1620 multa,
949 1573 1102 1622 quanta
1130 1585 1224 1611 cum
1253 1572 1441 1611 libertate
1467 1573 1674 1613 iaciuntur

75 1637 162 1677 illic
182 1638 228 1676 in
246 1637 502 1685 monarchas,
525 1636 570 1674 in
591 1637 833 1684 sacerdotes,
851 1637 897 1676 in
917 1636 1153 1684 monachos,
1176 1636 1222 1675 in
1241 1650 1399 1685 vxores,
1423 1637 1468 1675 in
1488 1639 1669 1685 maritos,

76 1703 122 1742 in
141 1715 243 1753 quos
272 1703 388 1741 non‘?
443 1702 499 1740 Et
526 1703 666 1740 tamen
688 1702 783 1752 quia
808 1716 931 1740 nemo
959 1700 1209 1740 nominatim
1236 1702 1466 1750 incessitur,
1489 1703 1673 1742 arrident

78 1780 230 1816 omnes,
254 1770 295 1806 et
314 1780 437 1805 suum
456 1766 627 1817 quisque
647 1767 841 1805 morbum
867 1769 938 1805 aut
964 1766 1118 1804 fatetur
1136 1767 1315 1816 ingenue
1341 1769 1412 1805 aut
1438 1768 1672 1807 dissimulat

77 1833 311 1884 prudenter.
369 1831 673 1871 Violentissimi
694 1845 853 1882 quoque
872 1831 1039 1882 tyranni
1064 1830 1205 1871 ferunt
1229 1845 1391 1871 scurras
1409 1834 1449 1870 et
1469 1832 1675 1871 moriones

78 1911 186 1947 suos,
209 1910 303 1937 cum
329 1897 452 1936 abiis
476 1897 692 1947 aliquoties
717 1897 938 1936 manifesto
964 1898 1146 1937 conuitio
1172 1896 1391 1936 feriuntur.
1451 1897 1544 1936 Non
1563 1897 1675 1936 vltus

36 1997 40 2001 ,
78 1964 142 2001 est
161 1962 390 2013 Imperator
409 1962 577 2000 Flauius
596 1962 873 2012 Vespasianus
899 1964 1190 2014 exprobratam
1215 1963 1294 2001 sibi
1314 1963 1492 2001 cacantis
1510 1961 1670 2000 faciem.

80 2029 135 2067 Et
150 2028 319 2078 quinam
338 2027 407 2066 isti
426 2029 512 2066 tam
533 2027 717 2066 delicatis
736 2028 905 2066 auribus
925 2029 997 2079 qui
1019 2028 1195 2067 Moriam
1214 2028 1347 2078 ipsam
1366 2041 1451 2067 non
1470 2028 1610 2067 ferunt
1629 2028 1672 2066 in

80 2105 349 2131 communem
365 2092 586 2131 hominum
602 2092 733 2132 vitam
753 2094 843 2132 sine
862 2094 987 2133 vllius
1004 2093 1189 2133 nominis
1203 2094 1415 2133 inustione
1431 2093 1674 2132 ludentem?

81 2157 306 2207 Nunquam
334 2158 499 2207 explosa
527 2158 673 2196 fuisset
691 2160 811 2197 vetus
838 2159 1059 2207 comoedia,
1083 2160 1119 2198 si
1145 2159 1196 2197 ab
1216 2159 1411 2198 aedendis
1435 2159 1674 2198 nominibus

79 2223 307 2262 illustrium
325 2223 510 2262 virorum
530 2223 810 2263 abstinuisset.

134 2290 193 2328 At
212 2290 258 2327 tu
279 2289 455 2338 quidem,
480 2289 634 2339 optime
655 2289 796 2339 Dorpi,
818 2289 877 2328 ita
903 2290 1201 2340 propemodum
1227 2289 1373 2328 scribis
1399 2289 1515 2339 quasi
1538 2291 1674 2329 totum

81 2354 267 2392 ordinem
286 2353 566 2404 theologicum
586 2353 736 2392 Moriae
755 2354 923 2393 libellus
943 2368 965 2393 a
984 2354 1103 2393 nobis
1128 2354 1358 2392 alienasset.
1421 2356 1429 2373 ‘
1445 2354 1553 2403 Quid
1573 2368 1675 2404 opus

1690 478 1752 509 230

1691 804 1749 836 235

1694 1455 1753 1487 245

1695 1781 1757 1813 ²50

1696 2107 1754 2138 ²55

81 2418 163 2457 fuit
177 2418 187 2434 ⁹
204 2419 342 2469 inquis
362 2420 371 2437 ⁴
387 2419 674 2469 theologorum
693 2420 879 2458 ordinem
906 2422 995 2459 tam
1014 2420 1161 2458 acriter
1179 2419 1378 2458 lacessere
1390 2421 1410 2457 5>
1422 2420 1431 2435 ⁹
1461 2433 1674 2469 meamque
1696 2425 1756 2455 260

82 2483 266 2532 deploras
291 2483 514 2522 fortunam.
548 2485 706 2523 ‘Olim'
725 2485 866 2535 inquis
891 2487 1005 2524 ‘tuas
1024 2484 1332 2524 lucubrationes
1359 2497 1510 2534 magno
1539 2485 1675 2523 studio

84 2547 275 2597 legebant
294 2561 447 2596 omnes,
469 2551 510 2587 te
530 2551 789 2598 praesentem
807 2550 946 2588 videre
965 2550 1207 2600 gestiebant.
1259 2549 1380 2587 Nunc
1400 2549 1530 2587 Moria
1544 2549 1675 2588 veluti

84 2613 226 2651 Dauus
244 2612 492 2651 interturbat
511 2615 675 2653 omnia.’
730 2615 821 2653 Scio
840 2617 881 2654 te
901 2614 1010 2653 nihil
1028 2628 1101 2664 per
1120 2614 1370 2653 calumniam
1389 2613 1576 2662 scribere,
1599 2627 1675 2653 nec

86 2677 172 2728 ipse
200 2679 337 2716 tecum
364 2677 722 2726 tergiuersatorem
750 2693 880 2729 agam.
938 2680 1105 2728 Quaeso,
1128 2678 1363 2718 lacessitum
1388 2678 1675 2728 theologorum

86 2742 273 2782 ordinem
302 2744 431 2792 putas,
454 2742 490 2780 si
515 2743 614 2792 quid
643 2744 800 2782 dictum
825 2744 951 2782 fuerit
975 2744 1019 2781 in
1046 2743 1196 2782 stultos
1221 2744 1292 2782 aut
1310 2743 1442 2781 malos
1460 2743 1675 2794 theologos
1697 2750 1756 2792 265

86 2821 213 2858 eoque
233 2807 425 2857 indignos
450 2808 651 2847 nomine?
704 2808 837 2858 Atqui
855 2808 890 2846 si
910 2808 1041 2858 placet
1060 2808 1138 2846 ista
1158 2807 1236 2855 lex,
1257 2807 1500 2847 vniuersum
1526 2810 1675 2848 morta-

85 2872 192 2912 lium
219 2886 350 2923 genus
374 2875 586 2914 infensum
611 2873 770 2922 habeat,
792 2873 863 2923 qui
885 2873 982 2923 quid
1004 2873 1153 2911 dixerit
1172 2873 1216 2911 in
1235 2871 1452 2912 sceleratos
1470 2873 1672 2913 homines.

131 2976 203 3006 253.
222 2966 476 3008 Vespasianus]
502 2966 599 2998 Suet.
622 2968 710 3003 Vesp.
728 2976 780 2997 20.
960 2966 1032 2996 260.
1052 2964 1190 3005 inquis]
1216 2965 1278 3006 Ep.
1298 2974 1372 3004 304.
1390 2975 1484 3005 25—7.

621 3010 695 3041 261.
710 3008 849 3049 inquis]
874 3009 936 3049 Ep.
954 3018 1026 3048 304.
1043 3018 1139 3048 51-4.

155 3076 260 3096 ALer
278 3076 304 3096 11
863 3078 893 3104 H
