2010 3417
119 167 219 222 456]
599 173 670 212 TO
709 172 913 212 HENRY
950 172 1221 214 BULLOCK
1625 173 1706 213 329

117 277 341 329 probamur
358 294 382 319 a
410 280 723 331 probatissimis.
785 282 839 321 Et
869 295 988 332 spero
1016 283 1208 321 futurum
1230 285 1276 322 vt
1302 283 1410 332 quod
1440 295 1550 321 nunc
1576 282 1710 333 placet

117 344 296 394 optimis,
312 359 410 385 mox
430 345 584 396 placeat
604 347 810 396 plurimis.
885 347 993 386 Aliis
1018 348 1195 398 gratiam
1215 348 1449 387 conciliauit
1470 349 1644 397 nouitas,
1666 351 1709 387 at

116 408 213 448 huic
246 411 359 459 operi
391 412 558 450 nouitas
588 412 794 450 inuidiam
831 413 1001 463 peperit.
1075 413 1253 452 Proinde
1286 413 1509 460 diuersum,
1547 414 1705 464 opinor,

117 474 282 513 accidet.
343 475 437 514 Illis
463 478 575 514 aetas
600 476 785 515 fauorem
813 477 971 525 adimit,
996 477 1102 516 mihi
1131 478 1318 517 fortassis
1345 481 1535 530 apponet.
1592 478 1707 517 Illud

117 541 225 578 certe
248 541 468 590 praesagio,
491 541 541 579 de
570 541 674 579 meis
704 541 1073 591 lucubrationibus,
1109 543 1410 594 qualescunque
1439 545 1546 591 sunt,
1573 544 1708 582 candi-

117 603 209 642 dius
237 605 512 644 indicaturam
538 606 834 656 posteritatem.
896 607 1080 645 Tametsi
1106 620 1181 646 nec
1210 607 1259 646 de
1287 621 1379 647 meo
1408 608 1569 647 saeculo
1590 606 1707 658 queri

115 682 296 718 possum.
366 671 472 709 Plus
490 669 597 708 mihi
616 670 774 719 tribuit,
797 684 881 709 non
902 672 992 710 dico
1011 685 1134 722 quam
1155 672 1372 722 postulem,
1396 673 1465 711 sed
1492 686 1616 722 quam
1635 676 1707 713 aut

115 746 269 772 merear
287 737 358 773 aut
378 734 485 773 tueri
501 748 660 784 queam.
709 737 815 776 Cum
835 736 949 774 enim
970 737 1056 775 sint
1075 739 1161 775 tam
1181 738 1293 776 varia
1312 739 1478 788 tamque
1493 739 1706 778 fastidiosa

115 799 353 837 mortalium
373 799 534 847 iudicia,
558 800 799 850 praesertim
818 801 863 839 in
882 801 1027 850 literis,
1044 801 1150 840 meis
1168 803 1310 840 tamen
1331 802 1505 852 scriptis,
1528 817 1612 842 non
1631 804 1704 843 im-

113 863 193 914 piis
216 864 382 914 quidem
412 865 498 903 illis
526 866 596 904 sed
624 879 771 916 parum
796 866 982 913 eruditis,
1005 867 1041 905 si
1061 880 1157 905 cum
1175 867 1349 905 aliorum
1369 867 1486 906 libris
1506 868 1701 916 conferas,

113 941 235 967 nemo
270 929 450 968 detraxit
481 930 707 979 hactenus3
737 930 820 969 nisi
849 931 1014 981 pauculi
1046 931 1214 981 quidam
1247 932 1318 970 sed
1344 932 1444 971 adeo
1475 932 1630 971 morosi
1657 936 1703 971 vt

113 994 221 1033 nihil
251 995 420 1034 omnino
453 996 630 1046 probent
666 996 749 1034 nisi
786 997 894 1046 quod
924 996 1005 1046 ipsi
1036 996 1199 1045 faciant,
1233 999 1303 1036 aut
1333 997 1432 1036 adeo
1472 998 1630 1048 stupidi
1658 1001 1704 1037 vt

113 1059 221 1098 nihil
269 1060 462 1101 sentiant.
507 1063 580 1100 aut
624 1060 725 1100 adeo
769 1061 908 1111 supini
955 1064 1000 1100 vt
1047 1075 1121 1100 nec
1169 1061 1312 1112 legant
1359 1063 1467 1112 quod
1514 1065 1699 1114 carpunt,

112 1126 184 1163 aut
204 1125 305 1163 adeo
334 1125 491 1165 indocti
521 1128 566 1165 vt
593 1125 703 1165 nihil
724 1126 916 1174 iudicent,
952 1128 1025 1166 aut
1048 1127 1150 1166 adeo
1173 1127 1328 1177 gloriae
1353 1127 1482 1166 ieiuni
1510 1128 1703 1178 auidique

112 1193 159 1229 vt
196 1191 412 1241 carpendis
448 1191 622 1230 aliorum
652 1191 864 1230 laboribus
906 1192 984 1230 sibi
1021 1192 1188 1232 laudem
1224 1195 1379 1243 parent.
1430 1194 1485 1232 Et
1519 1195 1617 1232 sunt
1654 1207 1703 1233 ex

114 1256 192 1295 hoc
220 1269 393 1295 numero
432 1257 504 1306 qui
540 1256 643 1295 foris
668 1257 870 1295 damnant
898 1259 940 1295 et
973 1257 1166 1296 reiiciunt
1196 1258 1304 1307 quod
1334 1257 1450 1296 domi
1478 1257 1623 1307 legunt
1657 1272 1703 1296 ac

112 1320 299 1370 probant.
359 1321 550 1360 Fortasse
575 1322 748 1372 pudoris
767 1325 829 1361 est
848 1322 1114 1362 dissimulare
1134 1336 1208 1373 per
1228 1336 1331 1373 quos
1349 1323 1574 1373 profeceris
1592 1337 1601 1370 ;
1631 1324 1701 1362 sed

114 1388 255 1425 tamen
268 1386 423 1437 ingrati
442 1387 614 1437 pudoris
643 1390 684 1426 et
710 1387 936 1426 illiberalis.
1010 1388 1070 1426 At
1096 1401 1241 1427 eorum
1261 1388 1306 1426 in
1329 1388 1497 1438 publico
1525 1388 1703 1426 lacerare

114 1451 270 1490 famam
299 1464 477 1501 quorum
511 1452 729 1491 sudoribus
758 1453 873 1491 domi
902 1452 1069 1502 iuuaris,
1112 1453 1153 1491 id
1180 1466 1279 1493 vero
1307 1453 1548 1503 longissime
1587 1453 1702 1491 abest

111 1516 162 1555 ab
190 1516 307 1555 omni
337 1517 597 1557 humanitate
614 1531 624 1566 3
653 1531 891 1568 quanquam
931 1518 1007 1556 hoc
1047 1532 1208 1569 quoque
1237 1519 1522 1558 deuorandum
1561 1518 1598 1556 ei
1632 1518 1703 1568 qui

111 1581 279 1620 Christo
298 1581 462 1621 militet.

163 1646 280 1695 Quod
319 1648 572 1686 concionaris
600 1648 709 1698 apud
742 1648 954 1698 populum,
988 1649 1114 1698 probo
1146 1651 1268 1687 tuum
1297 1649 1565 1697 institutum3
1595 1648 1702 1699 quod

111 1712 301 1760 succedit,
326 1712 525 1762 gratulor,
548 1713 793 1762 praesertim
817 1726 911 1752 cum
932 1713 1146 1753 Christum
1172 1727 1275 1764 pure
1294 1714 1449 1763 doceas,
1471 1727 1557 1752 non
1575 1713 1702 1752 homi-

111 1789 213 1815 num
232 1777 357 1815 iactes
375 1779 447 1815 aut
462 1779 643 1816 ostentes
667 1778 860 1828 argutias,
919 1780 981 1817 De
999 1792 1127 1829 puero
1148 1779 1255 1828 quod
1276 1779 1431 1826 scribis,
1455 1779 1588 1817 dicam
1607 1792 1701 1828 pau-

110 1841 189 1880 cis:
218 1841 322 1879 mihi
342 1855 442 1880 vero
460 1843 554 1892 plus
574 1843 675 1880 satis
689 1845 761 1892 est,
785 1845 950 1882 tantum
968 1845 1084 1883 abest
1102 1846 1147 1882 vt
1168 1844 1360 1894 pluribus
1378 1844 1541 1883 onerari
1559 1844 1697 1883 velim.

111 1906 320 1945 Salutabis
340 1907 560 1957 diligenter
578 1907 685 1945 meis
709 1908 848 1947 verbis
876 1908 1029 1948 amicos
1049 1922 1151 1958 quos
1169 1909 1310 1947 animo
1338 1922 1501 1947 mecum
1531 1909 1701 1947 circum-

110 1971 207 2019 fero,
231 1971 438 2010 doctorem
454 1972 691 2020 Phaunum,
712 1973 1000 2012 doctissimum
1030 1974 1232 2013 Ioannem
1253 1974 1467 2022 Brianum,
1491 1974 1701 2012 humanis·

109 2037 264 2075 simum
294 2037 496 2076 Ioannem
523 2038 780 2087 Vachanum,
809 2039 1154 2078 officiosissimum
1174 2039 1424 2088 Omfridum,
1445 2053 1491 2078 ac
1517 2042 1700 2078 veterem

109 2101 317 2152 hospitem
347 2116 488 2141 meum
528 2103 760 2143 Gerardum
796 2103 1092 2154 bibliopolam3
1151 2118 1248 2143 nam
1283 2105 1544 2144 Vuatsonum
1578 2106 1701 2145 audio

109 2165 266 2206 abesse.
324 2167 440 2206 Bene
460 2167 567 2216 vale,
588 2167 825 2208 doctissime
845 2169 1020 2208 Bouille.

164 2232 314 2280 Roffae,
330 2232 376 2270 in
394 2233 563 2272 aedibus
579 2234 807 2284 Episcopi-l·
822 2235 955 2284 pridie
974 2235 1176 2275 Calendas
1195 2235 1468 2286 Septembres.
1515 2249 1556 2275 M.
1564 2250 1602 2275 D.
1610 2250 1694 2276 xvr.

217 2347 292 2384 264.
317 2346 455 2377 faciunt
471 2350 513 2378 H.
661 2358 736 2387 277.
762 2358 843 2380 vero
859 2351 905 2379 B:
931 2359 1002 2379 vno
1018 2352 1055 2381 F.
1202 2350 1275 2388 283.
1301 2359 1437 2381 M.D.xvr
1453 2352 1528 2381 add.
1544 2353 1586 2380 H.

153 2469 226 2498 279.
255 2459 462 2502 Phaunum]
473 2462 570 2493 John
582 2463 721 2501 Fawne,
735 2463 867 2495 Fellow
1021 2464 1244 2506 Omfridum]
1261 2465 1325 2496 See
1343 2466 1406 2505 Ep.
1424 2466 1498 2504 276.
1513 2475 1534 2504 9
1551 2475 1585 2495 n.

109 2502 147 2534 of
173 2501 323 2541 Queens’
353 2503 494 2544 College
527 2516 617 2546 1497,
649 2507 736 2538 B.D.
771 2517 864 2547 1503,
979 2508 1052 2539 281.
1093 2508 1308 2549 Gerardum]
1348 2509 1389 2540 G.
1420 2508 1577 2547 Godfrey
1608 2508 1646 2548 (†
1664 2518 1691 2539 c.

108 2545 400 2577 Vico-President
428 2548 465 2578 of
484 2548 630 2587 Queens'
659 2559 753 2589 1507,
778 2551 864 2581 D.D.
936 2551 1031 2591 Sept.
1066 2553 1162 2591 1539)
1187 2552 1225 2582 of
1245 2553 1380 2582 Graten
1404 2552 1443 2582 in
1467 2551 1649 2592 Limburg,
1675 2561 1695 2581 a

113 2599 206 2629 1510,
228 2588 537 2622 Vice-Chancellor
562 2601 709 2632 1512-14
727 2594 784 2633 (cf.
803 2595 867 2634 Ep.
936 2595 1053 2625 Dutch
1073 2595 1245 2625 stationer
1266 2597 1301 2626 at
1317 2594 1541 2634 Cambridge.
1590 2594 1646 2625 He
1663 2595 1695 2625 is

109 2634 172 2671 276
188 2632 322 2663 introd.
340 2633 412 2664 and
427 2634 580 2674 Brewer,
601 2637 623 2666 i.
643 2637 756 2677 5121),
777 2637 868 2667 Mar·
936 2637 1049 2668 found
1076 2638 1176 2668 there
1204 2637 1282 2668 first
1308 2638 1347 2668 in
1378 2646 1471 2677 1503,
1502 2637 1573 2668 and
1602 2637 1693 2669 from

107 2678 206 2715 garet
237 2675 417 2707 Professor
447 2677 486 2707 of
514 2677 682 2718 Divinity
713 2689 740 2710 c.
772 2689 867 2718 1515.
940 2689 1021 2719 1513
1044 2690 1116 2711 was
1143 2680 1276 2720 closely
1296 2681 1491 2712 connected
1515 2681 1608 2711 with
1630 2682 1693 2712 the

110 2720 155 2750 In
182 2720 265 2757 1526
292 2719 336 2750 he
362 2729 435 2750 was
458 2720 535 2751 still
558 2721 674 2761 living
700 2723 771 2752 and
796 2733 869 2754 was
937 2723 1072 2754 ehurch
1100 2723 1138 2754 of
1161 2724 1210 2754 St.
1241 2723 1342 2763 Mary
1371 2724 1432 2755 the
1463 2724 1582 2755 Great.
1627 2725 1692 2755 See

108 2763 277 2802 enjoying
314 2762 436 2793 Foxe’s
466 2766 680 2804 patronage;
714 2765 757 2795 cf.
782 2765 866 2797 EE2.
938 2767 978 2797 G.
1007 2766 1039 2798 J.
1072 2767 1179 2805 Gray,
1211 2769 1390 2805 Cambridge
1421 2770 1604 2806 Stationers,
1633 2777 1691 2808 pp.

108 2817 151 2845 40
170 2809 245 2845 fin„
271 2805 391 2837 where
411 2808 582 2838 Phaunum
603 2808 634 2838 is
654 2810 690 2838 to
717 2808 759 2839 be
781 2809 865 2840 read
942 2810 1058 2849 28-43,
1090 2809 1210 2840 where
1246 2820 1266 2840 a
1300 2809 1383 2850 long
1418 2811 1481 2841 list
1517 2811 1555 2842 of
1586 2811 1694 2842 books

107 2851 161 2880 for
176 2851 320 2881 Phaumi.
941 2853 1059 2883 bound
1082 2853 1130 2892 by
1152 2853 1231 2884 him
1255 2854 1285 2884 is
1307 2854 1434 2893 given;
1466 2855 1506 2885 E.
1531 2854 1570 2885 G.
1597 2855 1693 2892 Duff,

196 2892 385 2933 Brianum]
403 2893 466 2924 See
479 2893 542 2934 Ep.
560 2895 633 2926 262.
655 2905 694 2924 12
708 2905 743 2926 n.
941 2897 1069 2933 Centum
1097 2898 1132 2933 of
1156 2899 1201 2926 the
1231 2899 1362 2934 Enylz‘sh
1386 2900 1470 2928 Book
1499 2900 1606 2936 Trade,
1634 2908 1690 2939 pp.

152 2936 224 2967 280.
247 2936 477 2978 Vachanum]
494 2937 557 2968 See
575 2938 637 2978 Ep.
656 2939 730 2977 283.
751 2948 812 2978 119
830 2947 864 2970 n.
939 2941 1036 2979 56,7;
1060 2939 1130 2970 and
1148 2940 1212 2980 Ep.
1229 2940 1303 2978 248.
1320 2950 1361 2979 44
1378 2951 1412 2971 n.

1729 426 1789 458 255

1727 743 1787 776 260

1725 1065 1784 1107 265

1723 1723 1782 1757 275

1721 2043 1783 2074 280
