2010 3417
117 154 214 209 530]
627 157 697 195 ΤΟ
736 156 972 196 ΑΝΤΟΝῩ
1011 155 1200 195 OLAVA
1629 153 1708 191 459

115 267 204 306 siue
218 280 388 306 serenus
402 267 468 306 sit.
530 267 615 305 Nos
634 266 801 316 quidem
822 266 1015 304 dedimus
1029 278 1209 315 operam,
1227 267 1267 303 et
1282 265 1416 314 magis
1435 264 1481 302 in
1499 266 1709 314 posterum

118 332 319 380 dabimus,
338 335 385 372 vt
404 332 640 382 placeamus
658 332 864 371 vniuersis
880 346 889 379 3
919 331 1088 370 interim
1107 333 1199 369 tum
1220 330 1320 368 recti
1339 329 1597 378 conscientia,
1618 331 1710 368 tum
1732 337 1770 368 25

117 398 189 437 illo
217 411 284 437 me
312 398 511 446 consolor,
545 398 654 447 quod
688 397 859 446 optimis
892 396 1124 446 quibusque
1157 398 1265 434 certe
1298 408 1382 433 non
1411 394 1708 444 improbamur,

119 463 304 502 fortassis
323 463 518 501 omnibus
538 462 729 513 placituri
749 461 875 500 simul
895 463 1019 510 atque
1039 461 1146 499 liuor
1164 461 1214 499 ab
1234 461 1350 499 obitu
1370 459 1662 510 conquieuerit.

172 528 279 568 Mori
307 528 504 578 Vtopiam
535 528 607 566 vbi
636 527 796 576 legeris,
832 526 998 576 putabis
1035 528 1076 564 te
1113 528 1281 575 repente
1322 526 1367 563 in
1405 526 1536 564 alium
1571 525 1710 563 orbem

118 594 367 633 translatum
396 606 509 641 esse;
539 593 638 631 adeo
667 592 753 630 illic
782 604 890 630 noua
918 593 1018 629 sunt
1046 591 1197 629 omnia.
1256 592 1316 629 De
1346 604 1476 629 messe
1506 603 1590 628 non
1619 602 1711 628 sum

118 659 277 707 anxius,
300 659 424 697 modo
450 672 503 697 ne
528 658 708 696 reditum
729 658 922 707 superent
941 656 1162 705 impendia.
1223 656 1298 694 Est
1317 656 1424 706 quod
1444 655 1540 693 huic
1559 655 1709 702 animo,
1733 664 1773 695 30

120 725 229 773 quod
257 724 355 763 huic
384 724 471 762 ocio
501 724 602 762 satis
631 723 696 761 sit.
759 722 815 760 Et
842 722 942 760 haec
971 721 1058 759 vita
1092 733 1188 759 mox
1218 720 1528 765 ἐκτετοξεύσεται.
1584 721 1714 759 Porro

119 789 251 828 famae
280 789 485 828 sarcinam
518 788 669 827 lubens
696 788 822 826 etiam
853 786 1037 825 abiecero
1066 799 1112 824 ac
1140 786 1441 835 propemodum
1470 785 1514 822 in
1543 785 1715 834 Epicuri

119 855 371 894 sententiam
403 854 576 904 pedibus
609 867 668 901 eo,
700 853 793 891 λάθε
820 853 977 902 βιώσας.
1038 851 1118 890 Sed
1152 851 1257 889 heus
1286 852 1370 889 iam
1400 851 1473 889 abs
1502 853 1543 889 te
1573 850 1715 888 literas

119 922 290 970 expecto
328 920 605 970 semigraecas,
643 919 682 959 ὃς
713 919 837 969 τρίτον
873 918 943 968 ἤδη
982 917 1060 957 ἔτος
1097 917 1311 965 ἑλληνίζεις.
1369 916 1584 954 Caesarem
1624 927 1716 952 meo

122 987 290 1025 nomine
310 986 489 1024 salutato
509 985 741 1035 diligenter.
801 983 1083 1023 Cancellarius
1102 995 1149 1020 ex
1171 981 1312 1020 animo
1329 983 1429 1020 tuus
1448 982 1522 1020 est.
1736 990 1773 1020 35

176 1049 291 1089 Bene
310 1050 401 1089 vale
421 1049 688 1099 Antuerpiae.

518 1191 678 1234 ‘¹⁰353l.
740 1190 803 1232 To
835 1189 1055 1231 WILLIAM
1088 1189 1322 1230 BUDAEUS.

169 1281 338 1327 Epistole
357 1282 554 1328 elegantes
573 1281 616 1317 f0.
636 1281 666 1316 f4
682 1286 732 1316 v0.
1383 1278 1574 1322 Antwerp.

168 1340 220 1376 0².
240 1353 274 1386 p.
296 1342 362 1384 76:
390 1340 428 1376 F.
447 1353 482 1386 p.
503 1341 569 1375 26:
596 1339 690 1376 HN:
718 1339 834 1374 Lond.
854 1339 878 1374 i.
902 1349 966 1374 12:
992 1338 1065 1373 LB.
1087 1349 1165 1373 200.
1296 1347 1334 1382 15
1355 1336 1546 1379 February
1569 1335 1668 1380 151&

195 1421 284 1462 [The
299 1421 367 1451 fair
383 1431 471 1461 copy
487 1422 567 1452 sent
584 1422 621 1452 to
638 1421 806 1452 Budaeus
824 1430 893 1451 was
910 1419 1014 1451 made
1032 1420 1077 1458 by
1093 1418 1225 1456 Gilles3
1253 1418 1294 1449 cf.
1314 1418 1377 1458 Ep.
1393 1426 1469 1456 534.
1487 1417 1529 1455 65
1546 1414 1636 1455 seq.]

270 1518 476 1549 ERASMVS
507 1519 841 1550 ROTERODAMVS
873 1517 1105 1548 GVLIELMO
1136 1515 1320 1546 BVDAEO
1351 1514 1434 1545 SVO
1466 1515 1498 1545 S.
1530 1514 1571 1543 D.

176 1601 270 1640 NAE
289 1601 337 1638 tu
349 1600 475 1639 homo
488 1601 584 1639 πάνυ
603 1602 813 1650 βασιλικῶς
833 1600 1060 1638 munificus
1079 1611 1133 1647 es,
1153 1596 1434 1636 eruditissime
1452 1595 1629 1642 Budaee,
1647 1593 1719 1644 qui

122 1679 195 1716 pro
232 1667 320 1704 tam
357 1665 526 1704 indocta
564 1666 738 1716 epistola
775 1668 863 1704 tam
896 1665 1114 1712 eruditam,
1146 1663 1224 1701 hoc
1258 1664 1323 1701 est
1362 1662 1478 1700 iuxta
1512 1661 1717 1699 Glaucum

124 1731 397 1771 Homericum
430 1744 504 1780 pro
534 1731 606 1769 vix
639 1744 754 1769 aerea
787 1730 1015 1769 reddideris
1051 1729 1275 1779 plusquam
1308 1740 1486 1774 auream,
1519 1728 1612 1764 tum
1646 1737 1719 1774 pro

123 1796 322 1835 mediocri
353 1799 443 1835 tam
476 1797 646 1835 vberem
679 1798 833 1846 tanque
870 1795 1102 1845 prolixam3
1143 1794 1228 1831 imo
1260 1806 1345 1831 non
1381 1790 1610 1842 epistolam,
1648 1789 1718 1828 sed

122 1862 474 1912 volumenatque,
491 1864 538 1900 vt
558 1862 707 1900 melius
727 1862 873 1909 dicam,
891 1861 1148 1899 thesaurum.
1198 1857 1250 1895 ᾧΩ
1272 1859 1383 1906 φίλαι
1402 1859 1571 1903 Μοῦσαι,
1592 1868 1718 1906 quan·
1739 1873 1756 1905 5

123 1930 215 1966 tum
237 1927 325 1966 illic
352 1927 597 1966 eruditionis
625 1927 736 1966 haud
766 1939 972 1977 quaquam
997 1924 1204 1964 triuialis!
1233 1925 1439 1974 quantum
1465 1920 1721 1971 eloquentiae

125 1993 281 2043 priscae
309 2005 384 2031 nec
412 1993 540 2030 huius
566 1992 738 2030 omnino
762 1991 918 2031 seculi!
976 1991 1084 2039 Quid
1108 2003 1193 2028 non
1219 1989 1278 2027 ibi
1299 1987 1579 2027 deliciarum?
1621 1986 1719 2036 quid

126 2072 211 2097 non
230 2058 419 2108 leporum
434 2059 454 2096 ‘?
508 2058 567 2097 Vt
582 2070 752 2107 prorsus
771 2057 839 2096 hic
859 2057 1078 2095 Budaeum
1096 2055 1184 2105 agis
1200 2057 1208 2093 Ι
1235 2057 1281 2093 vt
1301 2053 1519 2102 insigniter
1538 2051 1720 2102 teipsum

125 2123 323 2174 exprimis
339 2124 349 2162 l
398 2123 521 2161 Hanc
535 2135 670 2160 meam
688 2122 940 2161 sententiam
957 2120 1234 2171 complurium
1249 2118 1419 2158 calculis
1437 2116 1717 2168 approbarem,

126 2188 171 2226 ni
197 2190 286 2227 tam
311 2200 462 2238 paucos
491 2187 657 2226 haberet
683 2188 782 2226 haec
811 2187 923 2237 regio
952 2186 1024 2236 qui
1049 2188 1143 2224 tuas
1165 2184 1374 2235 bilingues
1398 2183 1540 2221 literas
1568 2183 1722 2232 queant
1744 2197 1781 2218 10

126 2253 301 2304 assequi,
316 2266 368 2291 ne
381 2254 663 2305 μονογλώττους
674 2253 844 2302 quidem
857 2251 1082 2291 admodum
1096 2250 1358 2297 intellecturi,
1374 2249 1420 2286 ni
1431 2248 1563 2286 fallor.
1605 2247 1722 2285 Certe

127 2317 373 2357 Cutbertum
415 2318 695 2366 TunstaHum,
743 2317 862 2356 cuius
899 2317 1026 2356 vnius
1063 2315 1267 2354 iudicium
1309 2313 1416 2352 mihi
1454 2312 1722 2362 quantumuis

125 2383 407 2432 frequentium
444 2383 707 2421 comitiorum
746 2383 878 2421 instar
910 2384 987 2430 est,
1017 2383 1076 2420 ita
1106 2381 1252 2431 rapuit,
1287 2379 1433 2427 tenuit,
1467 2377 1623 2416 afflauit
1652 2378 1724 2414 tua

128 2447 312 2498 epistola,
343 2450 389 2486 vt
417 2461 585 2498 prorsus
614 2461 701 2487 non
730 2448 876 2498 legerit
908 2448 979 2486 sed
1013 2446 1232 2495 deuorarit,
1254 2447 1301 2484 vt
1329 2448 1471 2493 terque
1501 2444 1725 2492 quaterque

129 2512 329 2562 relegerit,
359 2525 435 2550 1100
459 2512 633 2551 0111111110
659 2513 842 2562 potuerit
860 2526 907 2551 ea
934 2512 1017 2550 nisi
1045 2511 1246 2550 conuiciis
1268 2523 1290 2547 e
1319 2508 1513 2547 manibus
1542 2504 1724 2544 hominis
1744 2517 1781 2549 15

129 2577 372 2628 extorqueri.
434 2578 552 2626 Quod
585 2578 629 2616 ni
659 2578 709 2616 de
740 2580 910 2628 repente
948 2590 971 2616 a
1008 2577 1204 2625 Principe
1235 2574 1382 2613 Carolo
1420 2573 1471 2610 ad
1509 2572 1724 2610 Caesarem

131 2642 466 2682 Maximilianum
496 2643 644 2681 fuisset
672 2644 868 2682 auocatus
899 2642 1144 2691 magnisque
1173 2653 1270 2678 mox
1300 2637 1567 2687 negociorum
1600 2634 1725 2673 vndis

132 2709 316 2756 obrutus,
339 2707 423 2744 iam
448 2707 678 2746 adornabat
705 2708 755 2746 ad
779 2709 819 2745 te
843 2707 1032 2745 scribere.
1092 2706 1176 2743 Nec
1196 2704 1310 2742 enim
1335 2701 1616 2741 arbitrabatur
1634 2713 1726 2739 con·

132 2773 274 2812 uenire
304 2774 350 2811 vt
380 2785 476 2810 cum
507 2773 597 2811 viro
632 2785 718 2810 non
743 2772 895 2811 litteris
924 2773 1091 2809 tantum
1125 2769 1276 2807 eximio
1310 2770 1465 2817 tanque
1496 2765 1725 2816 exquisitae

133 2838 286 2888 vbique
304 2837 545 2888 diligentiae
565 2836 886 2886 neglectioribus
900 2835 1031 2874 literis
1049 2833 1282 2873 amiciciam
1302 2832 1608 2882 auspicaretur;
1629 2843 1724 2869 cum
1744 2844 1783 2866 20

362 2924 437 2954 531.
459 2933 509 2962 14.
535 2922 623 2954 01F:
649 2923 777 2963 legeret
799 2922 840 2953 0².
976 2931 1025 2961 17.
1050 2920 1340 2951 Maximilianum
1357 2921 1434 2949 add.
1449 2920 1491 2949 H.

499 3017 573 3047 531.
602 3026 649 3055 17.
676 3015 860 3056 auocatus]
878 3015 930 3047 Cf.
950 3014 1036 3055 Epp.
1055 3024 1129 3053 515.
1149 3015 1179 3045 8.
1198 3013 1270 3043 and
1288 3013 1360 3051 526.
1380 3022 1410 3051 3.
