2010 3417
124 145 224 200 529]
584 146 654 185 ΤΟ
693 145 953 185 STEPHEN
993 146 1064 186 ΡΟ
1071 145 1264 186 NOHER
1635 144 1714 181 457

175 257 268 297 Iam
298 257 406 308 quod
436 256 480 295 in
508 256 585 294 hoc
614 255 834 294 hominum
852 268 1000 305 genere
1025 268 1165 293 rarum
1193 268 1280 293 esse
1307 254 1423 302 solet,
1447 253 1633 292 moribus
1651 254 1715 290 est

121 322 221 361 adeo
247 324 372 362 castis
394 335 439 361 ac
463 321 580 371 puris
599 322 645 359 vt
674 333 759 359 non
785 321 951 360 animus
978 322 1101 359 modo
1127 321 1197 359 sed
1223 333 1343 359 aures
1368 319 1494 358 etiam
1518 319 1569 357 ab
1596 317 1713 356 omni
1732 315 1775 346 80

122 387 395 438 turpitudinis
432 386 826 425 commemoratione
860 386 1118 434 abhorreant,
1150 399 1246 424 vere
1281 385 1448 435 pietatis
1481 384 1616 423 cultor
1652 395 1712 421 ar-

119 451 398 492 dentissimus.
459 452 521 489 Ne
546 451 712 489 Momus
737 451 905 500 quidem
926 451 1060 490 vllum
1079 452 1123 489 in
1149 464 1196 489 eo
1215 450 1373 490 vicium
1399 454 1543 488 notare
1569 449 1709 498 possit,

120 517 203 556 nisi
222 518 331 568 quod
357 518 402 556 in
426 517 617 567 spinosos
635 516 842 566 sophistas
866 529 1016 566 magna
1042 517 1230 555 libertate
1256 515 1495 554 debacchari
1521 514 1648 562 solet3
1679 513 1713 551 si

119 584 261 621 tamen
299 583 378 622 hoc
411 582 518 621 vicio
551 595 596 620 ac
630 594 715 619 non
749 582 888 631 potius
921 582 1073 620 iudicio
1104 581 1231 620 tribui
1264 581 1409 619 debet:
1452 580 1565 619 nosti
1597 579 1712 618 enim

119 659 246 697 quam
279 648 334 686 sit
367 648 445 686 hoc
473 647 697 685 hominum
725 659 855 696 genus
884 647 1071 686 insolens
1100 660 1146 685 ac
1175 659 1334 696 procax,
1366 646 1451 684 nisi
1483 645 1519 684 si
1552 644 1643 694 quis
1675 643 1713 682 ei
1731 643 1773 684 85

117 712 254 751 studio
287 712 481 751 meliores
518 712 659 751 literas
697 712 946 751 adiunxerit.
1005 713 1110 751 Cum
1148 711 1215 749 his
1252 724 1338 750 non
1374 711 1535 749 minore
1570 709 1713 747 animo

116 777 327 828 depugnat
346 778 576 817 Glareanus
602 790 727 827 quam
754 777 855 815 olim
882 790 978 815 cum
1003 777 1206 815 monstris
1231 776 1455 823 Hercules3
1494 777 1535 813 et
1563 775 1607 813 in
1636 773 1713 812 hos

116 843 387 893 quantumuis
415 844 616 882 clamosos
646 842 858 881 sufficiunt
885 842 947 881 illi
976 842 1115 890 latera,
1148 842 1298 880 sufficit
1326 854 1406 880 vox
1434 842 1477 878 et
1505 839 1713 889 imprimis

114 908 281 947 animus
307 908 493 948 inuictus
510 921 686 959 vereque
709 907 982 946 Herculanus.
1044 908 1097 946 Et
1126 907 1178 946 ob
1207 906 1249 945 id
1279 920 1365 945 non
1394 905 1618 944 admodum
1649 903 1714 942 illi

115 974 310 1012 conuenit
347 988 443 1013 cum
480 974 694 1024 theologis,
732 986 817 1012 non
856 972 945 1011 dico
982 972 1170 1018 eruditis,
1207 985 1304 1010 cum
1341 970 1493 1021 quibus
1530 971 1711 1009 maxime
1730 979 1772 1011 9Ο

115 1040 324 1088 conuenit,
356 1040 427 1078 sed
456 1053 551 1078 cum
580 1039 830 1089 quibusdam
853 1037 947 1076 istis
973 1038 1043 1088 qui
1065 1039 1227 1087 praeter
1254 1036 1471 1074 illiteratas
1499 1035 1642 1074 literas
1670 1037 1712 1073 et

113 1104 286 1155 frigidas
323 1105 483 1155 aliquot
522 1104 855 1155 quaestiunculas
891 1103 999 1141 nihil
1039 1103 1283 1141 didicerunt.
1343 1102 1435 1140 Hos
1468 1114 1514 1140 eo
1548 1101 1711 1141 facilius

113 1169 253 1208 fundit
273 1170 597 1219 conscinditque,
620 1169 728 1219 quod
754 1168 842 1218 ipse
868 1168 924 1206 sit
949 1168 1051 1206 011111
1076 1168 1121 1205 111
1150 1168 1321 1206 illorum
1341 1166 1486 1205 castris
1505 1169 1705 1206 versatus.
1745 1189 1750 1194 ·

113 1233 297 1274 Tametsi
327 1235 439 1274 hunc
470 1248 630 1285 quoque
663 1234 869 1272 feruorem
903 1234 943 1271 et
975 1233 1180 1283 impetum
1214 1246 1259 1271 ac
1291 1232 1407 1270 velut
1436 1232 1711 1282 ἐνθουσιασμὸν

112 1302 223 1338 aetas
260 1300 394 1338 indies
430 1300 567 1339 reddit
605 1299 934 1338 moderatiorem.
993 1298 1210 1337 Caeterum
1246 1298 1298 1336 ab
1336 1297 1453 1336 omni
1489 1298 1709 1347 supercilio
1727 1307 1767 1339 95

111 1365 303 1416 fastuque
331 1365 574 1416 longissime
603 1365 728 1403 abest.
789 1363 976 1402 Moribus
1009 1362 1221 1401 facillimis
1250 1364 1292 1400 et
1319 1361 1371 1401 ad
1401 1375 1570 1400 omnem
1597 1363 1709 1401 vitae

112 1431 456 1469 consuetudinem
493 1430 703 1481 appositis.
774 1428 952 1467 Iusseris
990 1440 1144 1476 canere,
1185 1427 1295 1466 nihil
1333 1429 1523 1466 contatus
1560 1429 1708 1475 canet;

110 1495 236 1535 malis
263 1496 409 1546 legere,
441 1496 560 1546 leget.
620 1495 741 1533 Libet
770 1493 924 1542 ludere,
948 1493 1152 1532 iocabitur
1177 1493 1471 1541 festiuissime;
1497 1494 1564 1532 vis
1592 1494 1710 1532 seriis

110 1574 240 1612 agere,
282 1562 421 1601 subito
459 1561 567 1600 alius
604 1560 707 1600 erit:
755 1562 879 1610 atque
917 1560 975 1598 ita
1011 1559 1146 1598 facilis
1183 1561 1246 1597 est
1284 1561 1332 1597 vt
1369 1561 1510 1598 tamen
1549 1559 1708 1598 adulari

110 1627 278 1666 nesciat.
956 1629 957 1632 ’

165 1691 258 1730 Iam
295 1692 332 1730 si
368 1694 523 1731 statum
556 1691 740 1730 hominis
771 1690 888 1739 cupis
926 1703 1179 1740 cognoscere,
1210 1692 1325 1729 totus
1361 1692 1424 1728 est
1462 1689 1593 1738 liber3
1631 1704 1708 1729 nec

109 1756 277 1795 libidini
297 1757 463 1795 deditus
488 1769 566 1794 nec
594 1756 819 1795 admirator
841 1756 1040 1805 pecuniae
1065 1768 1141 1794 nec
1159 1756 1278 1794 vxori
1303 1755 1497 1805 alligatus
1518 1769 1591 1794 nec
1609 1756 1707 1794 vllis

110 1823 236 1861 sacris
263 1821 452 1874 addictus
481 1824 598 1860 extra
627 1821 893 1870 baptismum.
954 1821 999 1859 Is
1028 1833 1159 1871 nuper
1188 1821 1238 1859 ad
1267 1834 1334 1859 me
1362 1821 1528 1871 scripsit
1555 1821 1641 1859 fore
1659 1823 1707 1859 vt

109 1887 188 1925 sibi
207 1886 402 1925 salarium
417 1899 606 1925 annuum
625 1886 734 1935 apud
756 1885 898 1924 Gallos
916 1886 1236 1924 constitueretur
1253 1899 1304 1924 ex
1321 1886 1418 1924 fisco
1437 1886 1562 1936 regio,
1579 1887 1707 1925 simul

107 1954 230 2002 atque
246 1965 328 2002 pax
347 1952 495 1991 coisset
514 1952 626 1990 inter
639 1964 712 1990 vos
731 1953 773 1989 et
788 1951 976 1990 Eluetios
992 1966 1001 2000 ;
1022 1965 1146 2001 quam
1166 1965 1277 1989 nunc
1296 1951 1426 1990 coisse
1437 1952 1708 1991 vehementer
1727 1961 1788 1993 105

107 2017 276 2067 gaudeo.
338 2017 455 2065 Quod
482 2017 518 2055 si
544 2019 607 2055 est
635 2018 856 2064 assecutus
880 2029 1007 2066 queso
1026 2018 1071 2055 vt
1092 2016 1139 2055 R.
1157 2017 1202 2055 T.
1220 2017 1267 2056 Ρ.
1290 2016 1507 2055 hominem
1521 2017 1625 2055 velit
1646 2031 1706 2055 co-

107 2094 313 2132 gnoscere,
349 2085 567 2132 expertura
600 2095 704 2120 num
742 2081 888 2120 falsam
919 2081 1148 2131 imaginem
1186 2082 1406 2129 finxerim;
1446 2084 1513 2121 sin
1550 2082 1701 2131 minus,

108 2148 222 2186 dabit
243 2161 410 2198 operam
429 2150 476 2186 vt
495 2149 735 2195 accersatur,
757 2147 828 2185 sed
847 2147 1022 2185 honesta
1042 2147 1288 2186 conditione.
1359 2147 1451 2187 Scio
1471 2147 1570 2197 quid
1589 2148 1706 2187 illius

108 2214 224 2252 dotes
251 2216 580 2263 promereantur,
605 2212 676 2251 sed
704 2214 750 2251 vt
779 2213 842 2250 est
869 2212 1214 2261 modestissimus,
1235 2213 1314 2250 erit
1345 2213 1492 2263 opinor
1520 2213 1706 2251 centenis

107 2278 312 2317 coronatis
339 2279 569 2327 contentus,
597 2291 710 2328 quos,
737 2277 844 2316 mihi
870 2277 1000 2326 crede,
1025 2291 1109 2316 non
1135 2278 1244 2316 male
1270 2278 1534 2317 collocabitis.
1594 2279 1705 2318 Noui
1730 2288 1788 2310 110

107 2355 231 2393 quam
257 2345 365 2382 recte
388 2345 555 2382 moneat
576 2343 789 2390 Horatius,
812 2342 939 2381 etiam
966 2345 1090 2392 atque
1116 2344 1242 2382 etiam
1267 2343 1551 2393 aspiciendum
1579 2357 1702 2393 quem

107 2408 174 2446 cui
193 2408 545 2447 commendemus.
600 2410 660 2448 At
684 2408 730 2446 in
756 2408 834 2446 hoc
859 2407 970 2445 nihil
988 2420 1131 2446 vereor
1150 2421 1202 2445 ne
1223 2421 1320 2446 mox
1339 2408 1544 2447 incutiant
1569 2408 1704 2446 aliena

106 2472 213 2511 mihi
240 2474 403 2522 peccata
429 2474 640 2522 pudorem.
701 2473 844 2512 Solent
873 2486 993 2522 agere
1021 2472 1173 2522 gratias
1201 2486 1377 2523 quorum
1398 2473 1702 2511 commendatio

106 2537 311 2585 valuerit;
357 2539 400 2575 at
442 2551 517 2588 ego
563 2540 731 2588 expecto
768 2540 814 2576 vt
859 2538 965 2576 mihi
1009 2540 1184 2587 agantur
1227 2538 1391 2588 gratiae,
1433 2540 1702 2588 posteaquam

107 2602 338 2640 Glareanus
364 2614 481 2641 meus
498 2602 619 2641 vobis
644 2603 816 2652 perinde
842 2604 965 2641 notus
988 2615 1076 2640 esse
1102 2603 1254 2652 ceperit
1277 2615 1322 2641 ac
1348 2602 1455 2640 mihi
1480 2604 1553 2640 est.
1612 2602 1702 2641 Hac
1723 2615 1782 2647 115

1733 1634 1792 1657 [00

152 2698 225 2726 104.
257 2688 326 2718 sibi
352 2691 394 2718 C:
424 2688 492 2728 ipsi
515 2691 558 2719 H.
738 2698 810 2727 105.
842 2687 1033 2718 Heluetios
1056 2691 1092 2718 F.
1284 2690 1357 2719 106.
1390 2688 1430 2719 R.
1447 2688 1484 2718 T.
1503 2687 1542 2719 P.
1567 2691 1608 2718 C:
1638 2690 1701 2719 tua

105 2732 316 2806 {ligiamznitas
331 2733 368 2762 F.
516 2740 588 2762 111.
613 2740 720 2770 quam
739 2731 828 2762 ClF:
855 2740 927 2770 qua
945 2731 990 2761 0².
1082 2734 1111 2760 F
1125 2742 1132 2760 :
1156 2732 1250 2762 reeta
1268 2734 1296 2762 G.
1389 2732 1498 2762 etiam
1510 2735 1580 2768 post
1594 2733 1701 2771 atque

148 2880 202 2909 92.
228 2869 536 2909 quaestiunculas]
554 2869 604 2900 Cf.
624 2870 687 2909 Ep.
705 2869 780 2907 438.
800 2880 819 2907 4
831 2879 867 2900 11.
936 2869 1105 2909 expected
1119 2870 1158 2900 in
1172 2870 1235 2909 Ep.
1250 2871 1322 2908 463.
1334 2880 1386 2909 42,
1397 2881 1429 2910 3.
1460 2870 1534 2901 The
1547 2871 1702 2911 discrep-

152 2914 224 2944 106.
250 2913 288 2944 R.
304 2913 339 2943 T.
356 2912 410 2952 P.]
440 2913 635 2943 renel-enda
662 2914 723 2943 tua
750 2914 867 2952 pater·
937 2922 1029 2951 ancy
1056 2922 1138 2952 may
1165 2913 1206 2943 be
1233 2913 1490 2954 conjecturally
1513 2914 1702 2955 explained

105 2957 212 2988 nitas.
937 2957 977 2986 111
993 2965 1104 2994 many
1119 2966 1225 2996 ways,

152 3010 222 3040 109.
250 2998 427 3039 centenis]
461 2999 556 3039 Only
589 2999 670 3030 half
696 2998 758 3030 the
789 3008 867 3029 sum
984 3009 1057 3030 111.
1082 2999 1271 3040 Horatius]
1296 3002 1354 3038 Ep.
1377 3010 1404 3032 1.
1426 3001 1475 3033 18.
1494 3002 1579 3040 76‚7.
