2010 3417
268 176 348 215 412
726 174 979 212 LETTERS
1017 173 1086 211 OF
1123 173 1391 213 ERASMUS
1731 172 1857 227 [1516

268 299 439 337 quorum
477 284 649 322 libuerit
682 283 835 321 iudicio
873 283 1121 322 committas.
1181 283 1266 321 Vbi
1302 296 1398 321 vero
1436 296 1540 333 quae
1578 283 1665 322 visa
1701 284 1858 324 fuerint

268 350 462 391 adieceris
482 349 549 387 vel
570 349 781 397 deleueris,
807 362 904 387 cura
923 351 969 387 vt
989 348 1230 398 exemplum
1249 361 1299 386 ex
1318 350 1391 387 tua
1409 349 1618 387 sententia
1633 351 1859 388 correctum

268 414 467 453 mundius
497 413 741 462 exa-ibatur,
776 413 925 451 deinde
959 414 1136 451 Romam
1164 413 1215 451 ad
1244 412 1566 463 Vigorniensem
1594 413 1755 452 mittito
1780 427 1863 453 vna

270 493 364 520 cum
384 479 490 517 meis
509 479 559 517 ad
585 493 680 517 eum
705 479 868 527 litteris,
891 479 1044 528 quibus
1071 479 1206 518 scribo
1233 492 1337 529 quae
1357 492 1501 517 censeo
1520 479 1722 528 expedire.
1784 479 1862 518 Sed

213 556 249 587 25
270 557 367 583 caue
387 547 503 583 tuam
522 544 741 593 epistolam
760 545 852 594 πρὸς
871 545 934 582 τὸν
954 545 1135 596 μέγιστον
1154 543 1413 592 obliuiscare,
1437 546 1478 582 et
1502 557 1544 582 es
1571 544 1679 582 bono
1697 544 1863 592 animo;

269 610 369 648 felix
397 611 491 659 post
519 610 643 658 paulo
664 609 754 657 eris,
777 609 943 659 quando
967 611 1038 648 tua
1057 609 1234 648 felicitas
1253 622 1302 648 ex
1323 609 1399 647 hoc
1424 609 1578 659 pendet
1605 609 1715 659 quod
1740 622 1867 659 prope

270 676 314 713 in
333 677 405 713 tua
425 677 487 712 est
507 687 647 712 manu.

324 740 392 778 Ad
431 741 525 778 tuas
554 740 714 777 litteras
743 753 843 789 quas
882 740 1069 789 proxime
1102 740 1244 778 Morus
1272 740 1379 778 mihi
1408 740 1598 788 reddidit,
1631 740 1743 778 haud
1782 752 1866 778 ma-

271 818 450 855 gnopere
479 805 586 843 mihi
609 807 672 843 est
699 805 807 855 quod
834 805 1068 853 rescribam,
1091 805 1174 844 nisi
1194 805 1302 855 quod
1330 805 1461 843 risum
1482 805 1589 843 mihi
1608 805 1743 844 mouit
1761 804 1866 843 illud

214 884 254 915 30
272 870 495 909 hominum
520 883 652 920 genus
671 870 807 908 ventri
827 872 1002 918 natum;
1031 872 1073 908 et
1093 871 1222 909 miror
1240 873 1282 909 te
1302 870 1396 909 istis
1416 870 1573 909 rabulis
1593 884 1638 909 os
1657 870 1868 909 obstruere

272 936 466 986 potuisse,
489 938 530 974 et
559 949 627 974 eos
655 936 714 974 ita
743 937 807 975 sui
836 938 1046 985 compotes
1072 949 1159 974 esse
1182 938 1225 974 vt
1252 937 1406 986 queant
1433 939 1575 974 tacere.
1636 936 1696 974 De
1724 938 1868 974 nostro

273 1001 474 1040 Tunstale
504 1015 556 1039 ne
584 1003 721 1039 totum
753 1002 828 1040 tibi
856 1002 1059 1050 vendices,
1093 1003 1151 1040 ita
1179 1002 1292 1040 Deus
1322 1015 1390 1040 me
1419 1004 1532 1040 amet
1562 1004 1610 1041 vt
1639 1002 1870 1051 plurimum

273 1080 414 1106 vereor
447 1080 499 1104 ne
531 1067 797 1115 grauissimas
830 1068 919 1106 eius
952 1068 1242 1118 occupationes
1271 1068 1376 1106 meis
1410 1067 1580 1116 ineptiis
1613 1067 1869 1111 disturbem;

274 1132 544 1182 quamobrem
574 1145 741 1181 operam
772 1133 823 1170 do
851 1135 897 1171 vt
931 1133 988 1170 eis
1021 1133 1220 1183 temporis
1250 1146 1376 1182 quam
1408 1132 1635 1171 minimum
1668 1131 1869 1181 eripiam:

216 1212 255 1244 35
274 1210 374 1236 nam
402 1197 510 1235 mihi
538 1197 587 1235 ad
618 1210 750 1247 nugas
782 1197 941 1248 aliquot-
971 1200 1180 1249 vtcunque
1211 1197 1489 1236 infulciendas
1519 1211 1683 1248 semper
1713 1197 1869 1247 aliquid

273 1265 400 1302 vacat.
474 1263 692 1301 Caeterum
728 1265 948 1313 postquam
986 1277 1052 1302 me
1084 1264 1162 1302 tibi
1197 1263 1493 1313 Aesculapium
1526 1263 1670 1311 fecisti,
1712 1263 1869 1313 gallum

275 1329 477 1367 eximium
514 1341 620 1377 para,
662 1342 787 1377 quem
824 1329 930 1366 mihi
967 1330 1186 1368 confestim
1225 1330 1437 1368 sacrifices.
1501 1329 1607 1368 Cura
1644 1331 1788 1367 tamen
1826 1328 1873 1367 vt

274 1395 422 1433 valeas.

330 1459 444 1497 Prid.
468 1463 561 1496 nofi.
585 1456 693 1496 Xbris
714 1472 762 1496 ex
782 1459 1014 1499 VVestmofi.

216 1541 257 1571 40
331 1523 644 1562 Facundissimo
674 1525 716 1561 et
744 1524 1016 1574 vndecunque
1047 1525 1288 1564 doctissimo
1315 1525 1363 1563 D.
1393 1526 1569 1564 Erasmo
1597 1524 1873 1563 Roterodamo

276 1588 477 1638 theologo.

724 1701 821 1740 499.
884 1701 1015 1741 FROM
1049 1701 1242 1742 THOMAs
1274 1701 1426 1743 MORE.

324 1783 514 1826 Deventer
532 1790 609 1827 MS.
630 1801 683 1835 91,
705 1790 728 1825 f.
751 1791 828 1826 188.
1483 1790 1699 1838 <London.>

325 1849 397 1884 LB.
417 1849 511 1895 App.
532 1860 610 1895 250.
1356 1848 1410 1895 (c.
1430 1860 1451 1893 4
1470 1849 1678 1885 December
1698 1847 1825 1896 1516.)

321 1922 508 1964 [Between
525 1923 611 1963 Epp.
630 1923 690 1961 481
705 1921 778 1952 and
795 1929 868 1960 502.
918 1921 953 1951 It
968 1921 1140 1961 probably
1155 1931 1313 1952 answers
1328 1932 1348 1952 a
1363 1922 1472 1953 letter
1492 1925 1767 1962 contemporary
1781 1919 1873 1951 with

278 1966 342 2006 Ep.
362 1967 436 2005 483,
454 1967 574 1997 which
596 1976 669 1997 was
695 1964 876 1996 delivered
899 1967 936 1995 to
957 1966 1174 1996 Ammonius
1199 1966 1243 2005 by
1267 1965 1363 1996 More
1387 1966 1465 2006 (Ep.
1484 1966 1558 2006 498.
1580 1967 1637 2004 28)
1655 1977 1662 2004 ;
1692 1965 1766 1996 and
1790 1973 1874 2004 may

277 2009 456 2041 therefore
488 2011 530 2041 be
560 2010 697 2050 placed,
724 2019 761 2040 as
790 2009 854 2040 Mr.
886 2008 1033 2039 Nichols
1061 2011 1233 2048 suggests,
1260 2009 1351 2040 with
1379 2009 1441 2049 Ep.
1470 2011 1545 2049 498y
1572 2009 1693 2040 which
1717 2016 1873 2039 answers

278 2052 340 2092 Ep.
359 2054 433 2092 483.
481 2054 626 2085 Brewer
641 2054 672 2084 is
688 2052 815 2083 misled
834 2053 880 2091 by
895 2052 958 2082 the
976 2053 1058 2083 date
1077 2062 1158 2092 1517
1176 2052 1339 2092 wrongly
1355 2053 1470 2083 added
1487 2055 1524 2084 to
1541 2053 1604 2092 Ep.
1624 2062 1688 2092 502
1704 2053 1745 2083 in
1761 2050 1853 2092 LB.]

796 2146 947 2177 MORVS
979 2148 1160 2178 ERASMO
1192 2148 1226 2178 S.
1252 2149 1289 2180 P.
1315 2149 1359 2180 D.

335 2219 400 2257 DE
419 2233 524 2270 equo
544 2222 617 2258 tuo
638 2220 816 2258 conueni
835 2220 1072 2259 Vrsuicum.
1130 2221 1175 2259 Is
1194 2234 1236 2259 se
1257 2223 1378 2271 negat
1397 2220 1532 2259 adhuc
1557 2222 1728 2259 nactum
1746 2219 1873 2258 talem

283 2298 411 2336 quem
437 2286 612 2335 dignum
638 2288 802 2323 censeat
831 2286 903 2335 qui
929 2286 1123 2324 mittatur
1150 2287 1201 2325 ad
1230 2289 1283 2334 te,
1307 2287 1388 2334 sed,
1414 2286 1496 2324 nisi
1523 2286 1666 2325 mittat
1694 2286 1799 2334 ante,
1821 2284 1873 2323 ad

280 2352 490 2401 proximas
510 2351 719 2389 nundinas
739 2352 911 2389 omnino
931 2351 1171 2390 missurum.
1240 2352 1400 2390 Remisi
1420 2365 1552 2401 nuper
1577 2352 1628 2390 ad
1653 2353 1695 2389 te
1713 2349 1874 2389 Maruffi

281 2417 559 2467 syngrapham
587 2429 683 2454 cum
711 2416 1011 2455 liberalioribus
1040 2417 1203 2466 litteris,
1225 2419 1273 2455 vt
1299 2418 1387 2467 ipse
1416 2417 1604 2455 affirmat.
1661 2416 1770 2455 Nam
1798 2428 1871 2466 ego

245 2498 261 2529 5
283 2482 457 2532 nequiui
484 2482 630 2531 legere,
662 2495 737 2519 nec
766 2481 901 2519 Lilius
930 2484 1080 2529 noster,
1115 2495 1353 2532 quanquam
1384 2482 1508 2532 probe
1535 2481 1683 2520 calleat
1711 2479 1868 2519 Italice.

283 2548 511 2587 Pecuniam
526 2560 651 2598 quam
671 2546 779 2596 apud
794 2560 860 2584 me
876 2546 1081 2597 reliquisti
1092 2548 1294 2596 Aegidius
1307 2550 1449 2586 noster
1463 2547 1709 2586 iamdudum
1724 2545 1848 2585 habet
1863 2558 1873 2582 ε

283 2626 384 2652 nam
406 2615 646 2663 procurator
668 2625 787 2650 meus
807 2612 939 2660 rediit,
962 2612 1034 2663 qui
1054 2613 1154 2651 dicit
1173 2625 1217 2651 se
1236 2613 1424 2651 soluisse.

338 2678 387 2716 D.
411 2677 651 2728 Palgrauus‚
674 2677 830 2715 amicus
850 2680 990 2716 noster
1009 2680 1049 2715 et
1069 2678 1157 2726 tibi,
1176 2679 1222 2717 vt
1241 2678 1332 2726 scis,
1350 2678 1434 2716 iam
1454 2677 1554 2716 olim
1574 2676 1868 2722 deditissimus,
1920 2686 1924 2689 ·

284 2743 517 2782 Louanium
543 2743 647 2792 petit
665 2743 928 2781 incubiturus
952 2742 1126 2793 legibus,
1145 2743 1215 2781 sed
1241 2744 1298 2782 ita
1323 2745 1465 2782 tamen
1485 2746 1531 2781 vt
1557 2743 1687 2781 bonas
1711 2742 1871 2781 litteras

795 2822 870 2853 499.
891 2831 922 2860 5.
945 2831 1012 2852 nec
1028 2825 1106 2853 coni.
1124 2824 1200 2852 LB:
1224 2822 1285 2852 sed
1302 2824 1369 2852 MS.

328 2902 402 2931 499.
427 2902 457 2930 6.
483 2900 679 2941 reliquisti]
704 2901 757 2932 Cf.
774 2901 835 2940 Ep.
854 2902 928 2940 467.
951 2911 990 2931 10
1006 2910 1041 2931 n.
1113 2900 1185 2932 and
1209 2910 1254 2931 on
1278 2901 1343 2931 her
1366 2901 1541 2939 marriage
1564 2902 1600 2931 to
1622 2899 1730 2931 Louis
1747 2907 1802 2929 ΧΗ
1823 2907 1876 2929 ac-

328 2944 359 2974 8.
403 2943 613 2984 Palgrauus]
656 2945 754 2975 John
796 2945 966 2984 Palgrave
1008 2954 1047 2975 or
1113 2944 1325 2984 companied
1345 2943 1410 2974 her
1431 2947 1467 2974 to
1487 2944 1622 2974 France
1644 2953 1682 2973 as
1702 2943 1877 2979 secretary

287 2985 484 3025 musgrave,
512 2987 617 3024 M.A.‚
643 2996 716 3018 was
751 2987 1045 3018 ‘schoolmaster'
1114 2988 1186 3018 and
1213 2987 1380 3027 chaplain
1405 2988 1445 3017 in
1467 2988 1542 3018 Oct.
1569 2996 1662 3025 1514.
1724 2986 1779 3016 He
1802 2992 1874 3015 was

287 3032 324 3059 to
340 3029 647 3067 Mary‚‘P1-ineess
665 3031 702 3060 of
715 3031 871 3070 Castile‚'
888 3032 927 3061 in
944 3039 1025 3069 1513
1039 3041 1048 3069 ;
1116 3031 1346 3069 prebendary
1362 3030 1400 3061 of
1412 3031 1463 3061 St.
1479 3030 1595 3061 Paul’s
1611 3040 1653 3069 29
1666 3029 1751 3068 Apr.
1772 3036 1874 3066 1514-
