2010 3417
353 172 429 210 102
815 168 1065 209 LETTERS
1104 168 1173 207 OF
1209 167 1477 207 ERAsMUs
1816 164 1939 219 [1515

267 302 331 334 420
349 280 556 320 salubrius
574 281 637 318 est
656 278 863 327 ambigere
883 290 1007 326 quam
1027 278 1218 315 statuere.
1263 276 1480 314 Postremo
1499 275 1535 314 si
1555 275 1653 325 quid
1673 275 1941 314 statuendum

350 348 424 393 est,
447 344 489 382 id
516 343 643 382 velim
672 343 916 389 reuerenter‚
943 354 1030 380 non
1057 342 1308 390 arroganter,
1338 341 1380 379 et
1407 353 1458 379 ex
1486 340 1642 378 diuinis
1670 339 1833 387 litteris,
1854 354 1942 379 non

347 424 369 449 e
403 407 708 448 commenticiis
735 405 955 444 hominum
985 404 1233 444 ratiunculis
1261 405 1400 445 statui.
1461 404 1581 444 Nunc
1609 418 1741 455 neque
1770 406 1943 455 quaesti·

349 473 598 513 uncularum
624 471 736 511 vllus
762 472 825 510 est
844 470 967 519 finis;
997 471 1041 510 in
1061 471 1212 521 quibus
1231 471 1332 522 ipsis
1352 472 1494 510 tamen
1514 472 1668 521 quanta
1687 470 1942 510 familiarum

349 540 390 577 et
419 538 648 577 factionum
679 536 904 575 dissensio!
961 536 1018 575 Et
1050 535 1200 575 cotidie
1233 536 1443 575 decretum
1474 549 1524 574 ex
1557 536 1720 574 decreto
1749 535 1945 575 nascitur.

269 624 331 655 425
349 604 541 643 Breuiter
568 616 616 641 eo
644 602 808 641 redacta
838 615 903 641 res
933 604 994 640 est
1023 604 1070 641 vt
1099 602 1259 652 negocii
1287 615 1452 641 summa
1480 615 1565 640 non
1593 603 1680 640 tam
1710 615 1759 640 ex
1788 601 1944 641 Christi

349 670 600 720 praescripto
630 681 754 719 quam
785 681 835 706 ex
866 667 1207 706 scholasticorum
1237 667 1552 707 definitionibus
1585 669 1626 706 et
1659 667 1944 718 episcoporum

350 735 698 786 qualiumcunque
742 735 947 783 potestate
991 732 1243 784 dependeat:
1290 732 1442 784 quibus
1481 733 1602 771 rebus
1649 732 1706 771 sic
1754 732 1947 771 inuoluta

349 802 448 840 sunt
484 799 624 839 omnia
661 801 707 838 vt
751 811 804 837 ne
844 811 938 848 spes
977 798 1146 848 quidem
1188 798 1242 837 sit
1285 797 1493 837 mundum
1537 799 1586 837 ad
1631 811 1778 838 verum
1821 798 1946 837 illum

350 865 714 906 Christianismum
745 864 976 903 reuocandi.

269 948 334 980 430
405 932 521 971 Haec
540 930 699 981 aliaque
718 929 924 980 permulta
942 928 1198 979 perspiciunt
1223 941 1269 967 ac
1294 927 1511 977 deplorant
1533 928 1785 968 sanctissimi
1804 928 1945 968 iidem-2

350 1011 430 1048 que
459 995 689 1036 doctissimi
716 994 808 1043 viri,
835 1007 1012 1045 quorum
1041 994 1231 1032 omnium
1255 993 1516 1044 praecipuam
1545 1006 1710 1033 causam
1737 994 1783 1033 in
1810 994 1943 1034 audax

349 1063 428 1102 hoc
448 1064 488 1102 et
506 1062 737 1100 irreuerens
760 1059 990 1098 recentium
1015 1059 1299 1109 theologorum
1327 1072 1458 1109 genus
1482 1058 1689 1099 reiiciunt.
1748 1060 1782 1099 O
1805 1059 1842 1098 si
1865 1059 1945 1098 tibi

349 1128 503 1176 liceret,
543 1127 603 1166 mi
639 1126 778 1176 Dorpi,
819 1125 958 1164 tacitis
995 1125 1124 1163 oculis
1163 1124 1292 1164 animi
1330 1124 1413 1163 mei
1455 1124 1726 1175 cogitationes
1763 1124 1945 1172 intueri;

350 1193 554 1233 nimirum
586 1191 841 1241 intelligeres
869 1203 996 1241 quam
1024 1190 1160 1229 multa
1187 1191 1369 1240 prudens
1399 1190 1476 1229 hoc
1506 1190 1699 1229 reticeam
1727 1190 1828 1230 loco.
1884 1191 1944 1230 At

270 1273 331 1305 435
350 1259 502 1298 horum
528 1259 600 1296 aut
626 1257 735 1295 nihil
760 1256 900 1307 attigit
928 1255 1069 1305 Moria,
1091 1257 1162 1294 aut
1188 1257 1294 1294 certe
1323 1255 1533 1294 leuissime
1560 1256 1711 1307 attigit,
1740 1269 1793 1295 ne
1821 1267 1946 1306 quem

351 1324 612 1363 offenderem.
671 1324 809 1373 Atque
838 1321 1013 1361 eandem
1044 1321 1274 1360 cautionem
1302 1321 1347 1359 in
1377 1321 1570 1360 omnibus
1598 1334 1760 1360 seruare
1790 1321 1944 1369 curaui,

350 1403 404 1428 ne
433 1389 532 1439 quid
563 1388 762 1427 obscoene
791 1387 1022 1435 scriberem,
1055 1399 1107 1424 ne
1136 1386 1236 1437 quid
1264 1386 1507 1436 pestiferum
1535 1386 1732 1435 moribus,
1763 1399 1815 1424 ne
1843 1385 1945 1436 quid

351 1454 605 1501 seditiosum,
639 1456 711 1492 aut
740 1453 848 1503 quod
877 1465 973 1491 cum
1000 1452 1127 1490 vllius
1155 1451 1312 1491 ordinis
1336 1451 1486 1490 iniuria
1515 1451 1785 1490 coniunctum
1813 1450 1946 1490 videri

351 1521 499 1571 posset.
557 1519 601 1558 Si
629 1519 728 1569 quid
757 1518 817 1556 ibi
844 1518 1000 1556 dictum
1029 1519 1092 1555 est
1121 1517 1170 1555 de
1205 1516 1400 1555 diuorum
1432 1516 1559 1566 cultu,
1589 1529 1752 1567 semper
1770 1516 1947 1566 reperies

270 1601 334 1633 440
351 1584 507 1635 aliquid
545 1583 792 1634 asscriptum
825 1583 933 1634 quod
965 1583 1103 1632 palam
1141 1583 1319 1621 testetur
1349 1581 1458 1620 nihil
1501 1582 1615 1621 aliud
1644 1581 1776 1621 taxari
1819 1593 1946 1632 quam

350 1649 691 1700 superstitionem
711 1662 795 1687 non
815 1650 923 1687 recte
941 1648 1169 1686 colentium
1190 1647 1317 1686 diuos.
1360 1647 1471 1685 Item
1490 1647 1528 1686 si
1543 1647 1641 1697 quid
1660 1647 1707 1685 in
1725 1646 1947 1697 principes,

351 1716 388 1756 si
417 1715 515 1767 quid
544 1715 589 1753 in
617 1714 838 1764 episcopos,
861 1714 897 1752 si
923 1713 1022 1763 quid
1052 1713 1202 1751 dicitur
1230 1713 1276 1751 in
1305 1713 1540 1761 monachos,
1567 1725 1729 1762 semper
1753 1712 1947 1752 addimus

352 1781 462 1832 quod
497 1779 676 1819 declaret
707 1779 813 1818 illud
846 1779 891 1817 in
925 1778 1082 1817 ordinis
1111 1778 1312 1816 iniuriam
1346 1790 1431 1816 non
1462 1790 1551 1817 esse
1590 1778 1761 1826 dictum,
1793 1777 1864 1816 sed
1902 1777 1948 1816 in

352 1847 565 1896 corruptos
596 1846 638 1883 et
668 1858 741 1884 suo
774 1844 971 1894 indignos
1005 1842 1158 1891 ordine,
1191 1856 1243 1881 ne
1276 1855 1512 1894 quenquam
1543 1843 1700 1882 bonum
1730 1843 1946 1891 laederem,

270 1925 333 1957 445
353 1911 453 1949 dum
482 1910 688 1949 malorum
715 1910 896 1948 insector
923 1908 1037 1948 vitia.
1097 1909 1160 1947 Ac
1188 1921 1343 1956 rursus,
1376 1909 1474 1947 dum
1505 1908 1583 1947 hoc
1610 1921 1698 1959 ago,
1727 1908 1948 1947 subtractis

353 1976 541 2015 omnium
558 1974 801 2014 nominibus
817 1974 941 2021 effeci,
959 1974 1066 2024 quod
1078 1973 1123 2011 in
1138 1987 1204 2012 me
1219 1973 1308 2021 fuit,
1328 1986 1380 2012 ne
1394 1973 1462 2012 vel
1478 1973 1580 2012 mali
1595 1975 1764 2024 possent
1780 1973 1944 2012 offendi.

353 2041 583 2089 Postremo,
621 2040 722 2078 dum
760 2039 915 2078 salibus
953 2041 992 2077 et
1026 2038 1128 2077 iocis
1160 2038 1337 2089 fictaque
1369 2040 1410 2077 et
1442 2038 1617 2078 ridicula
1652 2051 1828 2089 persona
1860 2039 1949 2077 tota

353 2105 562 2155 peragitur
575 2104 725 2153 fabula,
743 2105 933 2143 curatum
948 2105 1010 2142 est
1024 2106 1071 2142 vt
1085 2103 1226 2142 trist-es
1240 2103 1368 2142 etiam
1383 2105 1423 2142 et
1438 2103 1590 2142 morosi
1604 2104 1704 2142 boni
1718 2102 1944 2142 consulant.

408 2170 501 2209 Iam
520 2170 625 2208 illud
646 2182 730 2207 non
750 2171 795 2207 vt
816 2169 1049 2207 mordacius
1070 2168 1231 2206 dictum
1251 2168 1387 2206 notari
1408 2168 1569 2216 scribis,
1589 2168 1659 2207 sed
1679 2169 1724 2207 vt
1743 2168 1921 2218 impium
1939 2181 1949 2215 ;

273 2251 337 2284 450
354 2247 454 2274 nam
469 2248 556 2285 qu0,
575 2234 727 2284 inquis,
746 2236 864 2284 pacto
884 2233 1020 2272 ferant
1033 2233 1123 2283 piae
1138 2246 1257 2272 aures
1273 2234 1382 2283 quod
1396 2233 1561 2272 futurae
1576 2233 1686 2272 vitae
1705 2233 1948 2271 felicitatem

355 2299 588 2339 dementiae
621 2299 799 2349 speciem
828 2299 984 2337 vocas?
1041 2298 1216 2337 Obsecro
1251 2300 1302 2346 te,
1338 2298 1493 2348 optime
1526 2297 1667 2348 Dorpi‚
1703 2297 1796 2348 quis
1827 2299 1948 2336 tuum

355 2364 576 2404 candorem
614 2363 753 2403 docuit
791 2363 1015 2403 subdolum
1051 2363 1129 2401 hoc
1166 2362 1448 2402 calumniandi
1485 2364 1651 2413 genus?
1698 2363 1785 2402 siue
1824 2362 1948 2413 (quod

355 2429 489 2480 magis
507 2429 698 2479 arbitror)
719 2429 813 2479 quis
831 2429 992 2467 astutus
1010 2428 1061 2466 ad
1080 2428 1188 2466 hanc
1207 2427 1316 2466 mihi
1340 2428 1582 2467 struendam
1601 2427 1852 2469 calumniam
1877 2430 1949 2467 tua

356 2495 509 2534 abusus
527 2496 591 2533 est
610 2494 879 2544 simplicitate
894 2495 914 2532 ἱ)
968 2493 1037 2532 Ad
1056 2493 1170 2531 hunc
1189 2493 1361 2532 modum
1383 2494 1518 2533 solent
1537 2493 1608 2533 isti
1632 2494 1951 2533 calumniatores

275 2578 337 2609 455
355 2559 687 2611 pestilentissimi
720 2559 800 2598 duo
838 2559 962 2598 verba
996 2559 1221 2609 decerpere,
1258 2572 1383 2609 eaque
1418 2560 1540 2607 nuda,
1573 2571 1876 2609 nonnunquam
1909 2560 1950 2597 et

358 2626 579 2664 immutata
599 2625 805 2673 nonnihil,
830 2624 1132 2675 praetermissis
1151 2624 1218 2662 his
1243 2637 1343 2674 quae
1370 2624 1523 2663 durum
1541 2624 1697 2675 alioqui
1715 2636 1967 2663 sermonem·

357 2690 519 2730 leniunt
547 2692 587 2729 et
616 2691 834 2740 explicant.
894 2690 1018 2729 Notat
1041 2703 1086 2728 ac
1113 2689 1230 2728 docet
1253 2689 1360 2729 hanc
1385 2690 1583 2729 astutiam
1602 2690 1648 2729 in
1674 2690 1761 2729 suis
1786 2688 1948 2741 institu-

358 2755 542 2795 tionibus
579 2755 879 2804 Quintilianus,
912 2758 959 2794 vt
996 2758 1139 2794 nostra
1176 2768 1301 2806 quam
1339 2755 1672 2794 commodissime
1709 2754 1948 2800 referamus,

358 2821 509 2860 additis
529 2820 925 2868 confirmationibus,
949 2822 991 2859 et
1010 2821 1045 2859 si
1066 2820 1165 2871 quid
1186 2822 1248 2859 est
1273 2820 1382 2871 quod
1410 2821 1587 2870 mitiget,
1609 2820 1716 2870 quod
1740 2819 1946 2865 extenuet,

998 2930 1070 2960 432.
1098 2921 1165 2951 tibi
1183 2923 1255 2952 add.
1274 2931 1304 2951 α.

887 3029 959 3059 450.
979 3019 1117 3060 inquis]
1143 3020 1205 3060 Ep.
1224 3029 1298 3059 304.
1319 3019 1434 3058 28-30.
