2010 3417
71 152 169 207 337]
604 154 674 195 ΤΟ
712 155 939 195 MARTIN
977 155 1130 196 DORP
1608 157 1660 196 99

71 264 307 315 intelligant
322 265 389 304 vel
407 264 627 305 inuideant
641 265 707 304 vel
727 266 877 304 natura
897 265 981 304 sint
1000 264 1098 304 adeo
1115 277 1278 304 morosa
1296 266 1342 304 vt
1362 264 1471 303 nihil
1492 263 1663 304 omnino

69 329 257 381 probent.
317 330 457 370 Habet
476 330 601 379 enim,
623 329 665 369 id
686 330 795 380 quod
815 330 862 369 in
887 330 1073 369 confesso
1099 331 1172 379 est,
1195 330 1273 368 hoc
1292 329 1515 368 hominum
1533 340 1665 379 genus
1687 337 1749 368 310

71 395 279 434 admixtos
308 396 518 446 quosdam,
551 395 736 446 primum
763 395 932 446 ingenio
961 395 1194 446 iudicioque
1222 395 1321 434 adeo
1353 395 1510 434 infelici
1539 396 1587 433 vt
1616 393 1666 432 ad

72 460 209 500 nullas
242 461 414 500 omnino
452 460 610 499 litteras
647 460 732 499 sint
769 460 956 510 appositi,
994 460 1150 499 nedum
1188 460 1462 510 theologicas3
1503 459 1663 508 deinde,

71 528 339 576 posteaquam
371 525 566 576 pauculas
598 524 827 564 Alexandri
860 524 972 564 Galli
1002 525 1165 576 regulas
1195 525 1451 574 edidicerint,
1486 525 1537 564 ad
1567 524 1667 563 haec

71 590 287 641 paululum
323 590 608 641 ineptissimae
645 589 890 639 sophistices
934 590 1175 640 attigerint;
1222 592 1314 640 post
1356 603 1406 628 ex
1442 588 1667 629 Aristotele

70 656 216 695 decem
247 655 459 695 tenuerint
492 655 807 706 propositiones,
844 667 918 692 nec
956 654 1032 693 has
1069 654 1330 703 intellectas;
1372 658 1579 704 postremo
1617 667 1667 693 ex
1687 664 1747 695 315

73 721 196 760 Scoto
234 722 306 759 aut
344 720 492 758 Occam
530 718 707 758 totidem
743 717 990 757 edidicerint
1027 719 1302 768 quaestiones,
1336 719 1444 769 quod
1483 720 1668 768 superest

69 799 123 824 ex
161 784 381 832 catholico,
422 784 736 823 Mammetrecto
773 784 814 822 et
852 783 1140 822 consimilibus
1177 783 1431 822 dictionariis
1467 784 1581 822 velut
1620 797 1668 821 ex

73 850 226 900 Copiae
257 863 384 889 cornu
417 849 601 900 petituri,
636 849 793 888 mirum
828 861 952 899 quam
984 848 1129 887 cristas
1159 848 1343 897 efferant,
1380 850 1427 887 vt
1459 848 1568 886 nihil
1606 851 1668 887 est

69 913 330 965 arrogantius
349 914 570 965 imperitia.
612 914 690 953 Isti
707 915 805 953 sunt
821 913 893 964 qui
908 914 1179 952 contemnunt
1195 914 1341 952 diuum
1360 912 1669 963 Hieronymum

72 981 118 1018 vt
135 980 459 1029 grammatisten,
484 979 580 1030 quia
598 992 684 1018 non
703 978 955 1029 intelligant.
1012 978 1093 1018 Isti
1114 980 1303 1027 Graecas,
1320 978 1560 1024 Hebraicas‚
1584 978 1668 1018 imo
1688 990 1750 1019 320

68 1047 111 1084 et
131 1045 300 1085 Latinas
326 1046 463 1084 rident
482 1046 672 1092 litteras3
699 1047 741 1084 et
766 1057 863 1083 cum
887 1046 974 1084 sint
999 1045 1148 1095 quouis
1168 1057 1241 1083 sue
1267 1043 1518 1094 stupidiores
1544 1057 1590 1082 ac
1616 1057 1668 1083 ne

70 1123 196 1149 sensu
234 1109 402 1161 quidem
440 1110 653 1150 communi
689 1110 878 1160 praediti,
920 1111 1072 1160 putant
1111 1123 1152 1148 se
1191 1109 1320 1148 totius
1357 1123 1492 1148 arcem
1529 1111 1668 1148 tenere

70 1175 307 1225 sapientiae.
354 1175 535 1215 Censent
553 1188 709 1223 omnes,
733 1175 947 1223 damnant,
964 1175 1252 1225 pronunciant,
1276 1175 1383 1213 nihil
1405 1175 1664 1224 addubitant,

73 1253 280 1290 nusquam
299 1240 484 1287 haerent,
506 1240 615 1279 nihil
634 1240 834 1279 nesciunt.
895 1240 951 1279 Et
970 1242 1114 1279 tamen
1139 1240 1210 1279 isti
1236 1240 1316 1279 duo
1337 1242 1475 1279 tresue
1495 1253 1669 1290 magnas

72 1318 342 1355 sepenumero
381 1308 645 1345 commouent
689 1305 930 1355 tragoedias.
1001 1305 1108 1354 Quid
1147 1306 1261 1344 enim
1299 1308 1362 1344 est
1400 1305 1563 1345 inscitia
1602 1305 1669 1344 vel
1687 1312 1748 1344 3²5

72 1370 359 1421 impudentius
395 1371 464 1411 vel
501 1370 791 1422 pertinacius?
862 1371 939 1410 Hii
976 1384 1128 1421 magno
1171 1371 1309 1410 studio
1348 1371 1588 1420 conspirant
1624 1371 1669 1409 in

75 1435 201 1475 bonas
230 1435 400 1475 litteras.
470 1436 680 1475 Ambiunt
717 1436 762 1474 in
794 1439 941 1476 senatu
978 1436 1270 1486 theologorum
1306 1436 1462 1486 aliquid
1494 1448 1593 1485 esse,
1629 1438 1669 1475 et

71 1502 265 1540 verentur
298 1515 360 1550 ne,
391 1501 427 1540 si
459 1503 726 1541 renascantur
756 1501 887 1540 bonae
911 1501 1072 1540 litterae
1100 1503 1141 1540 et
1170 1501 1206 1540 si
1234 1502 1446 1551 resipiscat
1473 1502 1667 1550 mundus,

73 1566 295 1606 videantur
323 1567 431 1605 nihil
460 1567 595 1615 scisse,
624 1566 695 1617 qui
722 1566 897 1606 antehac
925 1566 1051 1617 vulgo
1080 1566 1189 1605 nihil
1218 1566 1376 1606 nescire
1405 1566 1665 1606 videbantur.

74 1625 239 1671 Horum
271 1634 370 1671 sunt
400 1632 466 1670 illi
495 1632 704 1680 clamores,
735 1632 887 1671 horum
915 1632 981 1671 illi
1011 1631 1232 1680 tumultus,
1260 1632 1413 1670 horum
1441 1632 1669 1671 coniuratio
1688 1639 1750 1670 330

74 1697 120 1734 in
149 1696 262 1736 viros
292 1697 538 1736 melioribus
568 1697 754 1735 addictos
790 1697 957 1736 litteris.
1015 1697 1096 1735 His
1124 1710 1208 1736 non
1236 1697 1370 1748 placet
1400 1697 1543 1745 Moria,
1574 1698 1669 1747 quia

76 1774 161 1800 non
191 1762 444 1813 intelligunt,
477 1776 610 1813 neque
649 1762 801 1801 Graece
835 1775 965 1813 neque
999 1762 1160 1801 Latine.
1219 1762 1272 1799 In
1311 1762 1550 1800 huiusmodi
1583 1775 1668 1801 non

74 1826 286 1877 theologos
305 1827 375 1865 sed
395 1827 624 1878 theologiae
650 1827 874 1866 histriones
900 1827 936 1866 si
955 1827 1054 1877 quid
1073 1826 1177 1865 forte
1205 1826 1365 1865 dictum
1391 1826 1444 1865 sit
1470 1827 1664 1876 acerbius,

75 1891 176 1940 quid
208 1891 288 1929 hoc
320 1892 370 1930 ad
400 1891 860 1943 magnificentissimum
890 1892 1094 1931 bonorum
1124 1892 1412 1942 theologorum
1445 1892 1669 1932 ordinem?

76 1956 185 1994 Nam
219 1956 253 1994 si
284 1956 450 2005 pietatis
483 1957 620 1996 studio
652 1959 970 1996 commonentur
1002 1957 1083 2005 isti,
1117 1970 1189 1995 cur
1221 1957 1375 1995 Moriae
1407 1957 1668 2007 potissimum
1688 1966 1750 1999 335

75 2023 349 2061 succensent?
416 2023 548 2071 Quam
581 2022 721 2073 impia,
760 2035 885 2073 quam
918 2035 1075 2073 spurca,
1113 2035 1237 2072 quam
1273 2022 1468 2072 pestifera
1505 2022 1670 2074 scripsit

76 2086 262 2137 Pogius?
301 2088 344 2125 at
378 2087 446 2125 hic
479 2089 525 2126 vt
557 2089 677 2126 autor
709 2087 971 2127 Christianus
1003 2088 1156 2137 passim
1194 2086 1369 2125 habetur
1399 2087 1445 2126 in
1482 2088 1587 2136 sinu,
1624 2088 1670 2127 in

74 2152 236 2191 omneis
271 2165 376 2202 pene
412 2165 558 2191 versus
596 2153 772 2202 linguas.
831 2152 991 2202 Quibus
1033 2152 1208 2202 probris,
1252 2152 1401 2202 quibus
1439 2153 1670 2192 maledictis

74 2217 241 2256 clericos
269 2217 494 2257 insectatur
523 2217 770 2257 Pontanus?
808 2220 850 2256 at
876 2218 944 2257 hic
966 2220 1012 2257 vt
1038 2218 1200 2268 lepidus
1229 2231 1273 2256 ac
1301 2218 1477 2257 festiuus
1504 2219 1666 2269 legitur.

75 2282 286 2331 Quantum
321 2282 612 2322 obscoenitatis
643 2286 705 2321 est
739 2283 785 2321 in
818 2283 1049 2322 quenale?
1090 2285 1132 2322 at
1165 2284 1277 2322 hunc
1316 2283 1486 2333 quidam
1519 2286 1669 2334 putant
1687 2293 1750 2325 340

74 2347 432 2386 concionatoribus
476 2347 602 2387 etiam
640 2347 784 2386 vtilem
828 2361 925 2387 esse.
998 2348 1130 2397 Quam
1173 2349 1371 2387 maledice
1415 2348 1580 2398 scripsit
1622 2349 1667 2386 in

248 2448 322 2478 337.
348 2441 389 2470 vt
404 2451 442 2471 a:
466 2441 501 2470 et
517 2442 557 2471 A.
692 2441 764 2479 338.
788 2452 830 2471 a:
854 2440 978 2480 lingua
993 2444 1034 2471 A.
1121 2427 1123 2429 ‚
1179 2450 1254 2480 339.
1281 2442 1320 2471 vt
1335 2451 1377 2470 a:
1400 2442 1436 2471 et
1453 2443 1493 2472 A.

664 2529 672 2546 ‘
689 2529 812 2559 Scotus
827 2527 835 2540 '

81 2569 181 2608 (1265
191 2570 317 2608 ?-1308
327 2571 370 2610 2³),
388 2570 451 2601 the
473 2571 699 2602 schoolman:
728 2572 837 2602 Fran—

122 2527 194 2565 316.
233 2527 350 2568 Scoto]
388 2527 485 2558 John
522 2528 623 2558 Duns
906 2529 954 2568 by
984 2528 1231 2560 Marchesinus
1262 2529 1300 2560 of
1330 2529 1470 2568 Reggio,
1502 2538 1522 2558 a
1557 2529 1667 2559 Fran-

906 2572 1024 2602 ciscan
1041 2573 1086 2613 (c.
1109 2582 1191 2610 1300
1205 2573 1221 2603 ἐ’
1235 2582 1273 2602 or
1289 2582 1316 2603 c.
1335 2574 1417 2610 1466
1428 2574 1459 2608 5³)
1476 2583 1482 2609 ;
1506 2572 1577 2602 and
1595 2581 1667 2603 was

78 2613 198 2643 ciscan
235 2613 307 2643 and
353 2613 501 2644 ‘Doctor
537 2614 680 2645 subtilis
693 2616 714 2646 ’.
775 2615 838 2646 See

166 2698 307 2740 Occam]
330 2698 423 2730 Wm.
451 2698 610 2731 Ockham
641 2710 679 2730 or
710 2701 837 2732 Occam

81 2742 118 2778 (†
134 2751 216 2781 1349
226 2743 270 2782 5³),
314 2741 394 2772 ‘the
437 2743 566 2773 second
610 2743 764 2774 founder
804 2744 842 2774 of

80 2785 320 2816 Nominalism
332 2783 340 2797 '
353 2795 362 2823 3
381 2784 593 2816 Franciscan
605 2786 677 2817 and
693 2787 839 2818 ‘Doctor

80 2829 326 2860 inuincibilis.’
375 2828 439 2859 See
463 2829 569 2860 DNB.

123 2881 196 2911 317.
216 2871 499 2912 Mammetrecto]
513 2872 546 2903 A
556 2872 714 2912 glossary
728 2874 763 2903 to
777 2872 838 2902 the

81 2914 186 2946 Latin
199 2915 312 2954 Bible,
328 2915 391 2946 the
403 2917 544 2953 Leyenda
559 2918 753 2956 Sanctorum,
768 2915 839 2946 and

79 2959 184 2989 other
196 2958 399 2990 devotional
415 2958 580 2999 writings
597 2969 604 2997 ;
621 2959 693 2989 also
706 2959 838 2990 known

80 3011 118 3032 as
147 3002 456 3042 Mammotrepton.
503 3002 538 3033 It
565 3012 637 3034 was
664 3001 838 3042 compiled

906 2615 983 2645 first
998 2616 1143 2654 printed
1160 2617 1196 2646 at
1213 2615 1344 2652 Manu,
1363 2625 1403 2645 10
1420 2615 1504 2646 Nov.
1527 2625 1621 2653 1470.

949 2667 1022 2697 337.
1050 2657 1194 2698 Pogius]
1223 2659 1261 2688 in
1287 2658 1345 2688 his
1373 2661 1518 2697 Facettae,
1546 2658 1667 2690 which

905 2701 952 2740 by
994 2711 1076 2740 1500
1114 2701 1185 2731 had
1222 2702 1311 2731 been
1350 2701 1548 2731 translated
1585 2702 1665 2732 into

906 2744 1067 2783 English,
1086 2744 1235 2783 French,
1257 2744 1392 2774 Italian
1408 2744 1481 2775 and
1497 2744 1664 2784 Spanish.

949 2796 1022 2826 339.
1058 2786 1255 2828 Fontanus]
1283 2788 1305 2818 J
1309 2788 1456 2818 ovianus
1481 2787 1665 2819 Pontanus

906 2830 1001 2867 (Dec.
1025 2831 1239 2870 1426-Aug.
1257 2831 1353 2870 1503)
1372 2830 1426 2861 for
1441 2840 1551 2870 many
1565 2841 1666 2871 years

906 2873 1092 2903 President
1116 2873 1152 2904 of
1173 2874 1235 2904 the
1259 2874 1439 2914 Academy
1463 2876 1498 2905 at
1521 2875 1662 2915 Naples,

905 2925 926 2946 a
953 2916 1090 2956 prolific
1113 2917 1237 2947 writer
1264 2918 1302 2948 of
1325 2917 1418 2957 light
1444 2920 1570 2958 poetry
1592 2919 1665 2950 and

904 2968 1018 2998 prose.
1064 2959 1127 2991 See
1150 2960 1256 2992 NBG.
1305 2960 1373 2991 His
1397 2961 1567 2993 Lucianic
1591 2962 1665 2993 dia-

905 3002 1017 3044 logue,
1033 3005 1160 3044 Charon,
1174 3005 1204 3034 is
1217 3003 1370 3044 perhaps
1383 3004 1558 3036 intended
1569 3006 1667 3036 here.

834 3069 913 3096 112
