2010 3417
95 125 192 180 424]
581 127 735 168 FROM
773 127 1007 168 THOMAS
1045 128 1200 167 MORE
1606 124 1683 163 261

150 237 357 277 Dominus
377 237 606 278 Cardinalis
625 237 828 278 letissima
851 239 986 278 fronte
1010 240 1051 277 et
1076 238 1237 277 litteras
1262 240 1355 276 tuas
1375 239 1416 276 et
1435 236 1563 275 libros
1583 246 1686 285 quos

94 305 192 342 ante
225 303 376 342 misisti
412 303 590 353 recepit;
637 316 683 342 ac
716 317 913 354 perquam
949 304 1128 354 benigne
1166 303 1400 353 pollicetur,
1429 313 1531 352 quae
1567 311 1684 351 spero

97 369 408 417 praestiturum.
475 368 684 408 Basileam
721 369 799 408 tibi
835 369 1018 420 vndique
1056 369 1233 408 arridere
1274 368 1430 418 gaudeo
1467 367 1576 406 certe
1612 366 1685 403 tua

95 445 228 483 causa,
262 433 328 472 cui
356 433 509 484 vbique
541 434 682 473 adesse
713 434 832 484 cupio
860 435 967 485 quod
995 434 1181 484 impense
1209 433 1392 484 placeat;
1428 443 1573 471 verum
1601 443 1686 469 non
1704 442 1745 473 70

98 498 198 537 adeo
223 500 363 538 tamen
385 500 434 537 vt
457 501 498 537 te
523 511 692 548 prorsus
717 499 839 538 nobis
864 499 1114 550 intercipiat,
1138 499 1210 549 qui
1235 498 1272 538 si
1298 498 1512 537 commodo
1541 507 1686 535 sumus

95 563 312 603 inferiores
347 564 443 611 illis,
483 576 621 602 amore
658 564 945 603 mediusfidius
982 564 1303 614 haudquaquam
1341 563 1537 602 cedimus.
1611 561 1684 599 Fa-

96 628 298 667 sciculum
322 628 444 668 illum
472 628 709 667 litterarum
735 629 889 679 perlegi
912 630 1133 668 hominum
1162 631 1203 667 et
1227 630 1443 667 doctorum
1473 630 1514 666 et
1540 629 1581 665 te
1605 638 1685 676 qua

96 693 248 744 dignus
279 693 547 733 veneratione
579 694 943 744 prosequentium;
987 694 1031 732 in
1065 693 1216 744 quibus
1247 695 1387 732 tamen
1421 692 1531 731 nihil
1563 692 1683 730 video

95 758 207 798 noui.
267 759 411 808 Neque
442 759 555 797 enim
588 759 639 798 ab
669 759 737 798 his
770 759 990 809 quicquam
1019 759 1192 798 honoris
1221 758 1266 797 in
1294 760 1336 797 te
1363 757 1591 808 profectum
1622 758 1685 794 est
1704 764 1742 797 75

91 824 347 874 (quanquam
377 824 633 874 plurimum),
665 825 772 875 quod
805 837 891 863 non
920 824 1073 875 vbique
1102 824 1301 874 gentium,
1333 823 1484 872 quibus
1513 822 1599 862 vlla
1629 821 1684 861 sit

95 901 192 928 cura
225 889 472 935 litterarum,
510 890 644 929 fuerat
676 889 966 929 exhibendum.
1037 888 1194 927 Paceus
1230 901 1364 938 neque
1395 887 1519 926 rediit
1551 899 1684 936 neque

93 955 264 1004 putatur
296 954 430 994 adhuc
463 955 696 1003 rediturus;
739 968 825 994 non
861 954 1006 994 dubito
1040 954 1141 1005 quin
1179 955 1220 992 et
1256 953 1466 1002 intelligas
1502 951 1624 990 illum
1662 963 1685 989 a

93 1021 263 1059 secretis
281 1033 369 1059 esse
384 1020 490 1072 Regi
509 1023 663 1060 nostro.
707 1021 814 1060 Cum
830 1019 1044 1059 Tunstallo
1063 1021 1155 1070 post
1170 1019 1366 1069 adeptum
1380 1018 1681 1069 magistratum,

94 1099 174 1135 quo
194 1085 358 1125 scriniis
373 1087 600 1137 praefectus
613 1088 685 1136 est,
702 1088 911 1126 versatum
931 1088 972 1125 te
991 1088 1033 1125 et
1053 1085 1273 1125 conuiuam
1288 1085 1462 1134 agitasse
1481 1083 1680 1133 intelligo.
1703 1089 1744 1119 80

94 1151 155 1189 De
175 1151 393 1190 versiculis
412 1152 567 1191 nostris
587 1152 697 1191 nihil
716 1152 848 1191 scribo
864 1167 873 1200 ;
903 1153 949 1190 tu
964 1151 1059 1190 vide
1078 1150 1178 1201 quid
1195 1152 1360 1189 statuas.
1415 1149 1475 1188 De
1495 1148 1685 1198 epistolio

93 1218 236 1255 nostro
266 1218 316 1256 ad
350 1217 554 1268 Dorpium
583 1217 775 1268 percupio
809 1217 912 1256 scire
943 1217 1041 1268 quid
1074 1217 1238 1255 sentias.
1298 1215 1412 1264 Vale,
1445 1214 1683 1254 charissime

94 1281 277 1321 Erasme.
337 1282 533 1322 Clemens
552 1296 670 1322 meus
689 1296 814 1333 quam
833 1285 968 1333 potest
989 1282 1170 1320 maxime
1189 1283 1230 1320 te
1250 1281 1414 1329 salutat,
1438 1282 1508 1319 &c.

485 1422 584 1463 425.
648 1420 779 1462 FROM
810 1419 1027 1461 WILLIAM
1058 1419 1291 1461 WARHAM.

140 1512 330 1549 Deventer
347 1511 424 1547 MS.
445 1522 501 1557 91,
519 1513 544 1547 f.
562 1522 626 1557 143
644 1516 693 1546 v0.
1396 1509 1540 1545 Otford.

140 1570 181 1606 B.
201 1571 245 1605 fo„
265 1570 324 1606 d⁴:
353 1569 406 1606 0².
424 1582 458 1615 p.
479 1581 570 1615 231:
599 1570 639 1605 F.
656 1582 692 1615 p.
710 1572 777 1614 84:
806 1568 898 1605 HN:
927 1569 1042 1606 Lond.
1062 1569 1101 1604 ii.
1120 1570 1164 1605 8:
1306 1579 1348 1603 22
1367 1568 1464 1604 June
1483 1566 1636 1614 (1516).

232 1627 303 1663 LB.
325 1629 389 1664 261
411 1628 485 1664 and
502 1627 597 1674 App.
617 1630 673 1674 65.

139 1708 227 1750 [The
249 1708 474 1748 manuscript
498 1710 573 1739 text
595 1709 626 1740 is
648 1718 746 1739 more
770 1708 966 1748 important
989 1708 1061 1739 and
1083 1707 1224 1748 plainly
1238 1717 1365 1740 nearer
1386 1711 1424 1740 to
1445 1708 1508 1739 the
1531 1707 1683 1748 original

92 1753 185 1783 than
207 1751 289 1783 that
316 1751 354 1783 of
376 1752 439 1782 the
465 1752 612 1792 printed
639 1752 818 1790 editions3
850 1752 946 1783 since
973 1753 1002 1782 it
1031 1753 1194 1783 contains
1221 1761 1242 1782 a
1268 1752 1513 1783 considerable
1540 1761 1683 1791 passage

95 1795 245 1827 omitted
262 1796 310 1836 by
325 1795 437 1836 them,
455 1795 527 1826 and
546 1796 618 1826 also
642 1806 662 1827 a
681 1794 910 1826 mouth-date
929 1795 1049 1827 which
1072 1796 1103 1827 is
1124 1796 1164 1826 in
1186 1794 1334 1827 obvious
1357 1795 1482 1827 accord
1505 1795 1596 1826 with
1620 1795 1683 1826 the

93 1839 219 1871 letters
235 1838 373 1870 carried
388 1838 478 1870 back
494 1840 542 1879 by
557 1839 710 1879 Meghen
727 1839 806 1879 (Ep.
824 1848 888 1877 412
904 1838 1065 1878 introd.).

138 1882 264 1915 Otford
285 1883 316 1913 is
338 1892 358 1913 a
382 1881 486 1913 small
509 1882 640 1922 village
662 1883 702 1913 in
727 1882 837 1920 Kent,
855 1891 875 1921 3
890 1891 955 1913 ms.
976 1883 1018 1914 N.
1036 1882 1074 1912 of
1094 1882 1306 1914 Sevenoaks.
1353 1882 1525 1914 Warham
1549 1881 1683 1913 rebuilt

91 1927 155 1958 the
178 1925 423 1966 archbishop’s
445 1926 564 1966 palace
588 1926 691 1957 there
714 1927 751 1956 at
774 1928 874 1965 great
897 1927 979 1957 eost.
1035 1926 1138 1957 Some
1161 1928 1322 1966 portions
1345 1926 1384 1957 of
1402 1926 1461 1957 his
1483 1926 1581 1957 work
1605 1925 1682 1956 still

90 1969 258 2011 remain.]

205 2056 484 2088 GVILIELMVS
515 2056 875 2088 CANTVARIENSIS
900 2056 1285 2088 ARCHIEPISCOPVS
1320 2057 1498 2088 ERASMO
1531 2057 1564 2087 S.

146 2133 319 2172 ERASME
340 2131 588 2180 doctissime,
610 2132 800 2172 salutem.
846 2132 982 2181 Quum
1003 2145 1087 2170 non
1107 2132 1295 2171 illaudati
1314 2133 1497 2172 nominis
1512 2131 1681 2171 aeterni-

91 2201 221 2238 tatem
240 2211 312 2248 per
332 2199 372 2236 te
393 2197 475 2235 sim
495 2199 750 2245 consecutus,
771 2210 850 2247 qua
869 2197 994 2236 multi
1009 2197 1205 2247 praeclari
1218 2211 1335 2248 reges
1355 2200 1396 2237 et
1414 2199 1681 2248 imperatores

92 2265 231 2302 carent
249 2265 291 2302 et
310 2276 333 2302 a
352 2263 551 2301 memoria
577 2262 797 2301 hominum
822 2262 988 2313 penitus
1012 2263 1263 2312 exciderunt,
1287 2263 1370 2302 nisi
1388 2264 1495 2314 quod
1514 2265 1681 2302 tantum

91 2329 163 2368 vix
181 2329 403 2366 nominum
422 2341 563 2367 eorum
586 2327 833 2379 cathalogus,
850 2330 891 2366 et
910 2328 952 2366 id
971 2327 1107 2366 ieiune
1126 2329 1309 2378 quidem,
1328 2329 1402 2367 fiat
1417 2343 1426 2377 3
1455 2342 1539 2367 non
1559 2328 1680 2366 video

93 2392 193 2443 quid
221 2393 322 2432 satis
347 2392 402 2431 sit
426 2392 472 2431 in
497 2393 574 2432 hac
601 2393 769 2433 mortali
793 2393 879 2433 vita
906 2393 1014 2444 quod
1044 2406 1119 2443 pro
1149 2392 1466 2432 immortalitate
1494 2393 1674 2431 reddam.
1695 2405 1713 2436 5

135 2490 208 2521 425.
232 2499 294 2521 ΤΙΤ.
325 2498 534 2521 GVILIELMvs
555 2513 564 2521 .
584 2514 592 2522 .
611 2514 620 2522 .
646 2499 784 2522 musmo
798 2500 824 2521 s.
841 2493 931 2522 MS.:
957 2493 1038 2521 idem
1051 2492 1116 2528 sere
1131 2493 1183 2520 H:
1215 2499 1425 2521 anmssmo
1448 2499 1519 2520 MEO
1543 2497 1679 2519 ERAsmo

90 2543 201 2565 Lonor:
237 2542 376 2564 omuvu
405 2542 606 2565 nocnssnm
628 2536 674 2567 B:
714 2543 876 2565 EP1sroLA
902 2543 935 2564 R.
963 2544 993 2565 P.
1020 2542 1187 2564 GVLmLm
1215 2542 1482 2564 ARcmEPrscom
1509 2541 1679 2563 can'rvnn.

89 2585 304 2608 cnmussmo
322 2600 329 2607 .
345 2599 353 2607 .
372 2598 382 2607 .
400 2585 600 2608 Docnssmo
615 2580 652 2608 F.
781 2587 808 2609 1.
833 2577 977 2608 Erasme
996 2601 1003 2608 .
1023 2601 1031 2609 .
1048 2600 1057 2609 .
1073 2577 1223 2607 salutem
1241 2587 1298 2607 om.
1317 2579 1359 2607 H.
1490 2585 1520 2607 2.
1545 2576 1612 2606 sim
1627 2577 1656 2605 B
1671 2586 1678 2605 ι

90 2631 169 2652 sum
184 2623 253 2651 MS.
384 2628 414 2657 5.
439 2620 526 2658 quid
541 2623 654 2658 scripsi
667 2631 673 2651 :
697 2620 791 2659 quod
807 2623 873 2651 MS.

134 2721 209 2751 424.
237 2730 287 2758 72.
319 2717 559 2758 Fasciculum]
583 2719 741 2759 Perhaps
765 2719 850 2758 only
918 2718 1050 2749 Master
1085 2718 1123 2748 of
1154 2717 1217 2748 the
1254 2717 1352 2749 Rolls
1385 2727 1423 2748 12
1454 2718 1537 2757 May
1571 2718 1674 2757 15163

92 2766 156 2804 Ep.
182 2764 247 2804 386
272 2763 330 2803 (ef.
358 2763 421 2802 Ep.
444 2772 518 2800 412.
545 2763 615 2804 21),
633 2762 755 2793 which
778 2771 851 2792 was
918 2762 1061 2792 Brewer
1076 2761 1115 2792 ii.
1135 2762 1229 2792 1882.

91 2808 162 2839 osa
178 2806 373 2846 composite
389 2806 584 2837 character.
961 2805 1013 2835 81.
1051 2804 1253 2845 versiculis]
1290 2804 1458 2835 Erasmus
1495 2804 1566 2835 had
1604 2806 1675 2835 evi-

137 2861 187 2891 77.
216 2849 364 2890 Paceus]
397 2849 485 2879 Pace
512 2858 585 2879 was
612 2850 675 2879 not
701 2848 851 2879 allowed
920 2847 1048 2887 dently
1072 2847 1243 2888 proposed
1267 2850 1304 2878 to
1326 2848 1427 2887 print
1454 2848 1579 2880 More’s
1598 2851 1676 2886 Epi-

91 2896 127 2926 to
153 2896 280 2925 return
306 2893 399 2924 from
426 2893 485 2924 his
512 2892 674 2932 embassy
706 2892 760 2929 (cf.
788 2892 851 2931 Ep.
919 2896 1117 2930 yrammata3
1141 2890 1182 2922 cf.
1203 2891 1265 2930 Ep.
1283 2891 1356 2929 461.
1377 2901 1419 2922 20
1435 2901 1506 2930 seq.

90 2939 166 2976 388.
185 2949 226 2978 94
243 2937 298 2977 n.)
315 2935 412 2967 until
428 2936 491 2966 the
507 2938 658 2967 autumn
675 2936 711 2966 of
728 2945 819 2974 1517.
1006 2933 1184 2975 epistolio]
1210 2933 1260 2965 cf.
1281 2934 1344 2974 Ep.
1363 2935 1437 2974 388.
1458 2944 1517 2974 157
1534 2944 1570 2966 n.

134 2982 186 3014 80.
211 2979 371 3021 scriniis]
396 2979 558 3010 Tunstall
572 2989 644 3010 was
660 2978 852 3019 appointed
935 3005 938 3010 .
964 2979 1015 3016 83.
1042 2976 1224 3017 Clemens]
1241 2978 1304 3009 See
1316 2978 1378 3018 Ep.
1399 2979 1472 3017 388.
1495 2988 1554 3017 173
1572 2988 1605 3010 n.
