2010 3417
304 135 383 174 254
767 135 1019 173 LETTERS
1058 135 1129 173 OF
1167 135 1432 174 ERASMUS
1769 133 1896 189 [1516

304 245 373 294 qui
394 244 472 282 sibi
492 243 644 282 bonam
658 243 741 281 mei
753 244 910 292 partem
923 242 1161 282 vindicabat
1177 257 1187 291 3
1217 245 1259 281 et
1278 243 1414 282 stabat
1427 244 1635 282 sententia
1645 246 1717 283 aut
1731 245 1899 285 immori

302 309 511 348 laboribus
529 310 602 346 aut
622 309 717 345 ante
737 307 867 347 Pasca
888 321 938 346 ex
956 321 1002 346 eo
1022 308 1199 357 pistrino
1218 309 1375 346 memet
1394 308 1611 357 explicare.
1682 309 1900 350 Postremo

301 373 450 411 fefellit
480 386 556 411 nos
585 373 815 412 voluminis
847 373 1007 411 modus.
1065 373 1311 412 Affirmabat
1344 374 1629 423 typographus
1655 374 1744 412 fore
1774 376 1822 414 vt
1848 377 1898 415 ad

301 439 475 487 triginta
493 439 589 487 plus
608 437 749 476 minus
768 438 982 477 terniones
999 440 1247 477 accresceret
1265 452 1275 486 ;
1317 438 1491 477 excessit
1520 440 1662 477 autem
1691 439 1900 489 octoginta

240 503 280 543 65
299 505 393 552 tres,
418 503 464 541 ni
483 503 614 541 fallor.
659 503 806 553 Itaque
825 503 1009 542 maxima
1028 503 1227 553 temporis
1246 505 1363 553 parte
1379 505 1625 553 consumpta
1643 503 1687 541 in
1708 503 1776 542 his
1795 518 1900 554 quae

298 569 366 607 vel
386 568 437 607 ad
467 581 535 606 me
552 569 718 618 proprie
747 582 832 607 non
862 569 1126 619 pertinebant
1151 569 1218 608 vel
1247 570 1344 608 ante
1374 569 1578 608 destinata
1606 582 1692 608 non
1721 570 1897 617 fuerant,

299 634 530 673 delassatus
559 634 642 672 iam
671 647 718 672 ac
746 647 850 683 pene
869 635 1025 672 fractus
1043 635 1094 673 ad
1118 634 1407 673 adnotationes
1434 635 1615 684 perueni.
1689 635 1773 673 Pro
1799 636 1899 674 tem-

297 696 409 746 poris
427 697 551 735 modo
567 710 721 746 proque
740 696 978 736 valetudine
990 697 1175 747 praestiti
1188 697 1295 747 quod
1311 696 1439 747 potui.
1485 697 1698 735 Nonnulla
1715 698 1898 746 prudens

296 762 423 800 etiam
442 762 620 812 preterii,
642 762 693 800 ad
712 762 847 801 multa
865 762 1000 801 sciens
1020 762 1304 810 conniuebam,
1327 762 1373 800 in
1407 762 1558 812 quibus
1586 775 1685 801 mox
1711 762 1763 800 ab
1792 763 1899 802 aedi-

239 837 280 870 70
297 827 410 866 tione
435 841 459 866 a
487 827 645 878 meipso
674 827 862 866 dissensi.
920 828 1099 866 Proinde
1119 828 1187 876 τὴν
1206 828 1377 877 δευτέραν
1388 829 1657 877 παρασκευάζω
1671 827 1829 873 ἔκδοσιν,
1850 828 1896 866 111

298 906 379 943 qua
398 894 439 930 te
459 906 706 942 magnopere
726 906 825 942 rogo
840 895 886 931 vt
906 895 1128 932 conantem
1147 893 1318 931 adiutes.
1379 893 1420 930 A
1439 893 1502 931 tui
1527 892 1739 931 similibus
1768 893 1894 931 etiam

298 958 508 1007 obiurgari
529 958 652 997 officii
670 959 758 997 1000
778 959 938 997 ducam.
998 959 1142 997 Vnum
1165 958 1271 997 illud
1299 959 1488 1007 φυλάξεις,
1519 959 1699 1008 βέλτιστε
1729 958 1895 1004 Βουδαῖε,

295 1036 348 1062 ne
390 1023 432 1062 id
480 1023 666 1062 subole-at
711 1027 787 1064 τοῖς
833 1027 1003 1069 πολλοῖς,
1053 1024 1110 1062 ἵνα
1156 1024 1209 1073 μὴ
1255 1025 1302 1062 τὰ
1343 1024 1485 1073 βιβλία
1528 1024 1621 1062 οἴκοι
1662 1024 1803 1073 μένωσι
1843 1027 1896 1075 τῷ

296 1092 495 1139 ἐντυπωτῇ.

237 1164 275 1197 75
348 1154 629 1193 Vehementer
647 1155 762 1204 grata
781 1154 863 1193 fuit
881 1157 970 1193 tam
990 1154 1123 1193 amica
1141 1154 1385 1203 admonitio,
1402 1167 1638 1205 quanquam
1659 1167 1763 1204 quae
1783 1154 1894 1194 dicas

294 1221 611 1272 λεπτολογήματα
630 1222 773 1258 nostra
792 1220 838 1258 in
859 1220 1010 1270 quibus
1027 1221 1227 1269 gaudeam
1247 1220 1576 1271 interquiescere,
1599 1233 1685 1258 non
1714 1219 1816 1259 satis
1835 1219 1894 1259 in-

292 1285 447 1335 telligo,
476 1285 560 1323 nisi
588 1285 698 1335 quod
725 1285 833 1323 mihi
862 1299 961 1324 sane
991 1285 1133 1324 omnia
1161 1298 1253 1323 mea
1280 1298 1415 1334 nugae
1443 1285 1662 1333 videntur;
1690 1298 1736 1332 ac
1761 1298 1895 1335 saepe·

293 1363 467 1388 numero
487 1363 651 1388 mecum
671 1350 853 1389 demiror
879 1351 976 1400 quid
1002 1350 1062 1388 ibi
1092 1351 1147 1389 sit
1172 1351 1279 1400 quod
1306 1351 1476 1400 quidam
1503 1350 1696 1389 laudibus
1721 1350 1889 1389 vehant.

294 1414 401 1453 Nam
421 1415 580 1453 faciunt
599 1415 643 1452 id
662 1415 820 1465 aliquot
840 1416 966 1454 etiam
986 1415 1140 1465 magni.
1170 1415 1278 1454 Vide
1298 1429 1424 1465 quam
1438 1416 1614 1454 arduum
1635 1415 1690 1453 sit
1702 1416 1892 1453 omnium

235 1482 276 1513 80
292 1479 445 1518 iudicio
473 1479 716 1518 satisfacere.
782 1481 891 1520 Sunt
911 1481 984 1530 qui
1013 1494 1080 1519 me
1108 1481 1155 1519 in
1182 1481 1247 1519 ius
1273 1483 1423 1519 vocent
1457 1482 1503 1519 vt
1530 1480 1790 1528 audaculum,
1821 1480 1893 1530 qui

291 1545 379 1583 tam
403 1545 527 1583 nihili
546 1558 643 1583 cum
669 1546 765 1590 sim,
784 1547 922 1584 tantas
956 1559 1020 1584 res
1048 1546 1274 1596 aggrediar.
1331 1546 1384 1584 In
1414 1545 1658 1584 Enchiridio
1687 1547 1891 1595 quantum

291 1623 416 1648 ausus
445 1623 540 1648 sum
564 1623 588 1648 a
614 1610 777 1649 saeculo
796 1612 938 1649 nostro
964 1611 1183 1649 dissentire
1206 1611 1364 1649 nullius
1392 1611 1612 1649 autoritate
1643 1609 1892 1650 deterritus!

292 1675 345 1713 In
366 1674 635 1725 Chiliadibus,
659 1689 779 1725 opere
809 1676 984 1724 minuto,
1008 1676 1172 1726 quoties
1191 1675 1376 1726 expatior
1399 1676 1444 1714 111
1470 1675 1815 1726 philosophorum
1843 1689 1891 1715 ac

290 1740 580 1790 theologorum
600 1754 766 1790 campos
782 1754 828 1779 30
848 1741 965 1779 velut
985 1741 1137 1780 oblitus
1150 1741 1388 1790 argumenti
1404 1741 1594 1790 suscepti,
1610 1740 1734 1779 altius
1752 1740 1891 1790 rapior

233 1810 271 1850 85
292 1819 417 1855 quam
434 1819 507 1855 pro
527 1806 697 1844 decoro!
757 1805 807 1844 Id
827 1807 961 1856 magis
980 1806 1167 1856 liquebit,
1193 1807 1230 1845 si
1252 1806 1403 1856 legeris
1422 1806 1700 1856 prouerbium,
1722 1806 1812 1844 Aut
1830 1820 1889 1845 re-

290 1884 385 1920 gem
409 1873 483 1909 aut
509 1871 674 1910 fatuum
705 1871 820 1910 nasci
846 1873 1036 1921 oportet3
1066 1872 1168 1910 item
1198 1873 1374 1921 Σπάρταν
1403 1872 1545 1922 ἔλαχες,
1566 1873 1702 1921 ταύτην
1731 1872 1889 1922 κόσμει;

289 1937 391 1974 item
406 1937 548 1977 Γλυκὺς
567 1938 704 1988 ἀπείρῳ
723 1937 912 1986 πόλεμος;
941 1937 1043 1976 item
1059 1937 1191 1976 Sileni
1205 1937 1436 1976 Alcibiadis
1452 1952 1462 1986 ;
1491 1950 1588 1975 nam
1607 1937 1653 1975 in
1671 1936 1889 1987 prouerbio

289 2000 485 2050 Κάνθαρος
500 2002 606 2040 ἀετὸν
619 2002 804 2051 μαιεύεται
817 2001 940 2051 plane
959 2002 1139 2040 lusimus
1158 2002 1338 2052 ingenio.
1388 2002 1442 2040 In
1457 2001 1599 2040 libello
1614 2002 1676 2041 De
1691 2001 1888 2052 Principe

290 2065 526 2105 Christiano
546 2080 594 2104 ea
613 2067 817 2117 praecipio
837 2080 941 2117 quae
960 2080 1081 2105 nemo
1102 2067 1392 2117 theologorum
1411 2067 1519 2105 ausit
1547 2067 1750 2118 attingere
1766 2082 1776 2115 ;
1804 2067 1886 2106 nisi

229 2146 270 2177 90
288 2131 391 2169 forte
412 2131 585 2169 Luciani
612 2132 798 2180 dialogos
817 2145 861 2170 ac
881 2132 1111 2182 tragoedias
1131 2132 1356 2182 Euripidis,
1381 2132 1427 2170 in
1447 2132 1597 2182 quibus
1617 2133 1779 2171 exercui
1804 2146 1882 2181 me,

286 2197 536 2248 λεπτολογίας
553 2209 684 2235 vocas.
727 2196 844 2234 Nihil
859 2199 1015 2237 Catone
1033 2197 1251 2245 minutius,
1269 2197 1315 2235 in
1335 2211 1417 2247 quo
1437 2197 1639 2236 dieculam
1655 2197 1881 2247 absumpsi.

287 2262 348 2298 At
369 2274 436 2299 eas
457 2261 684 2310 quamlibet
703 2262 887 2299 minutas
906 2275 1048 2311 nugas,
1065 2275 1138 2311 ego
1158 2274 1256 2300 sane
1268 2265 1333 2300 τοῦ
1353 2262 1491 2300 σκότου
1503 2261 1753 2312 quodlibetis
1773 2265 1885 2301 ante-

285 2339 407 2375 ponO.
468 2326 685 2365 Caeterum
714 2326 758 2364 111
792 2326 912 2365 Nouo
943 2327 1208 2365 Testamento
1238 2339 1313 2365 nec
1338 2326 1481 2377 ignoro
1511 2341 1586 2365 nec
1610 2327 1773 2366 inficior
1800 2341 1885 2378 per-

285 2391 419 2430 multa
455 2391 636 2430 incidere
666 2391 903 2440 minutula;
964 2392 1022 2430 sic
1058 2392 1170 2430 enim
1217 2392 1455 2442 argumenti
1492 2392 1597 2430 ratio
1635 2392 1882 2442 postulabat.

227 2472 265 2503 95
285 2456 484 2494 Attamen
505 2457 541 2495 si
560 2457 652 2506 quis
672 2457 922 2507 expenderit,
946 2457 1031 2496 imo
1059 2457 1095 2495 si
1123 2457 1216 2507 quis
1245 2457 1490 2506 experiatur,
1512 2458 1611 2507 quid
1640 2457 1697 2496 sit
1723 2470 1770 2496 ea
1797 2471 1884 2497 ver-

284 2523 381 2569 tere,
403 2521 501 2572 quid
522 2524 709 2570 tractare,
731 2522 769 2561 is
793 2522 1000 2572 intelliget
1027 2536 1112 2561 non
1136 2523 1195 2561 ita
1221 2523 1355 2561 multo
1379 2522 1534 2561 maiore
1559 2523 1727 2573 negocio
1747 2523 1881 2563 iustos

629 2620 681 2651 68.
708 2629 841 2659 proque
857 2623 902 2651 F:
928 2630 991 2660 pro
1006 2622 1044 2651 B.
1195 2621 1246 2653 88.
1275 2621 1380 2660 plane
1396 2623 1469 2652 add.
1488 2624 1534 2652 H.

328 2719 414 2758 64,5.
442 2718 620 2758 octoginta
630 2717 717 2759 tres]
744 2717 794 2749 Cf.
810 2719 875 2758 Ep.
889 2719 1045 2758 384.7n.
1115 2719 1177 2749 the
1208 2721 1307 2750 Sileni
1334 2720 1454 2760 (Aday.
1482 2718 1583 2759 2201)
1612 2719 1685 2750 and
1717 2717 1877 2759 Κάνθαρος

327 2761 381 2799 85.
405 2761 480 2791 Aut
501 2760 636 2802 regem]
661 2765 766 2799 Ada9.
791 2772 865 2793 201.
915 2762 950 2792 It
973 2772 1046 2792 was
1117 2763 1236 2802 (Aday.
1253 2764 1460 2804 2601)we1·e
1471 2763 1680 2793 afterwards
1691 2762 1876 2802 rcprinted

285 2804 483 2834 translated
509 2805 705 2844 separately
721 2805 798 2835 into
819 2806 975 2836 German
1000 2806 1043 2845 by
1116 2806 1317 2846 separately
1350 2807 1391 2838 in
1429 2806 1568 2837 diverse
1606 2806 1774 2843 editions,
1813 2806 1876 2836 the

287 2846 493 2884 spalatinus
508 2847 567 2888 (cf.
586 2849 649 2889 Ep.
662 2858 722 2887 501
740 2849 898 2889 introd.),
915 2849 1046 2888 Mainz,
1115 2849 1260 2880 earliest
1276 2850 1382 2889 being
1398 2850 1445 2889 by
1460 2850 1597 2880 Froben
1612 2849 1653 2879 in
1669 2849 1773 2888 April
1791 2857 1875 2887 1517

286 2887 317 2919 J.
337 2889 503 2929 Schtffser,
522 2902 550 2922 c.
571 2901 673 2930 1520;
700 2902 756 2922 see
773 2892 879 2924 BEr2.
1117 2897 1188 2932 (see
1201 2893 1337 2932 BEr².).
1365 2893 1545 2924 Erasmus'
1561 2892 1758 2932 autograph
1775 2891 1874 2922 draft

328 2932 381 2961 86.
399 2932 561 2974 Σπάρταν]
584 2937 690 2972 Aday.
713 2945 805 2973 1401.
1115 2936 1153 2966 of
1163 2937 1225 2966 the
1242 2939 1340 2967 Sileni
1354 2938 1385 2966 is
1398 2937 1438 2966 in
1454 2936 1516 2967 the
1532 2935 1636 2965 Basle
1654 2935 1816 2974 Library.

327 2975 378 3012 87.
413 2975 547 3017 Γλυκὺς]
577 2980 683 3016 Aczay.
717 2987 813 3017 3001.
858 2978 942 3010 This
973 2978 1045 3009 and
1157 2989 1210 3019 91.
1231 2978 1422 3020 dieculam]
1449 2980 1498 3010 Cf.
1519 2988 1551 3018 p.
1574 2988 1601 3009 1.
