2010 3417
287 140 367 178 252
747 139 1000 178 LETTERS
1038 140 1110 179 OF
1146 139 1415 180 ERASMUS
1752 139 1793 194 [1
1802 152 1823 191 5
1833 153 1847 178 1
1858 143 1879 178 6

286 248 466 298 Augusti
486 249 717 286 extremam
736 260 910 286 manum
929 248 1205 298 imponemus.
1276 249 1341 287 Tu
1360 248 1444 288 nisi
1461 248 1761 288 Hieronimum
1779 251 1883 301 peri·

287 313 421 352 clitari
454 312 568 360 velis,
589 313 826 362 propediem
855 313 907 352 ad
936 326 1012 352 nos
1043 313 1205 352 redibis.
1266 314 1351 353 Nos
1379 314 1416 352 si
1445 313 1657 365 quippiam
1677 315 1884 354 Germana

288 377 517 415 rusticitate
536 378 807 427 peccauimus,
829 391 904 427 pro
922 377 1039 417 virili
1063 379 1392 418 emendabimus.

342 442 511 491 Raptim
530 456 580 480 ex
599 442 776 492 pistrino
797 443 1100 493 Frobenniano,
1124 445 1234 495 apud
1255 445 1474 485 Basileam.

231 524 270 545 10
397 507 669 557 Frobennius,
693 508 876 547 Basilius
894 509 1035 557 frater,
1054 511 1096 548 te
1119 510 1313 549 salutant.

669 659 866 716 403421435
924 660 989 701 To
1020 659 1239 701 WILLIAM
1271 660 1508 703 BUDAEUS.

340 750 510 797 Epistole
529 751 574 786 ad
594 750 791 787 Erasmum
808 751 858 787 f0.
875 762 913 796 g.
1531 749 1768 798 (Antwerp.>

338 808 392 844 Οἱ.
410 809 456 844 f0.
472 808 511 844 b⁸
532 813 593 846 v⁰:
622 809 674 846 Οἳ.
694 822 729 855 p.
748 811 815 845 26:
845 809 884 844 F.
903 821 938 854 p.
958 811 1001 845 8:
1030 808 1122 844 HN:
1152 808 1267 844 Lond.
1285 809 1308 845 i.
1328 819 1371 850 7:
1473 808 1527 856 (c.
1546 820 1588 856 19
1606 810 1705 845 June
1726 807 1852 855 1516.)

432 867 504 904 LB.
523 879 543 903 2
549 878 603 914 51.

410 965 616 995 ERASMVS
646 965 982 996 ROTERODAMVS
1013 964 1245 996 GVLIELMO
1277 965 1460 996 BVDAEO
1491 965 1575 996 SVO
1606 965 1640 996 S.
1663 965 1701 994 P.
1728 964 1772 995 D.

348 1045 433 1084 IAM
455 1048 474 1084 ὁ
486 1046 803 1097 γραμματοφόρος
815 1045 864 1084 ad
877 1045 956 1084 iter
969 1048 1056 1084 erat
1077 1046 1295 1094 accinctus,
1314 1059 1409 1084 cum
1422 1045 1530 1084 mihi
1541 1059 1562 1083 e
1575 1045 1785 1095 Principis
1796 1043 1892 1083 aula

295 1111 571 1161 Antuerpiam
592 1124 756 1150 reuerso
769 1113 862 1149 tuae
885 1111 1118 1150 redduntur
1132 1110 1287 1159 literae,
1310 1111 1433 1162 idque
1449 1110 1737 1150 decimotertio
1750 1110 1888 1150 Galen.

296 1174 436 1225 Iulias,
457 1179 580 1227 atque
600 1177 678 1215 hae
691 1189 787 1215 sane
800 1177 969 1215 tandem
984 1190 1005 1215 e
1020 1176 1189 1215 Colonia
1201 1178 1385 1226 receptae
1405 1192 1414 1226 ;
1444 1177 1494 1216 ad
1512 1190 1612 1226 quas
1626 1178 1672 1215 vt
1686 1177 1894 1216 λακωνικῶς

296 1241 563 1290 respondeam
582 1242 721 1291 potius
741 1255 866 1292 quam
886 1243 932 1280 vt
950 1241 1058 1280 nihil
1077 1242 1360 1292 respondeam,
1386 1242 1486 1292 quid
1506 1255 1579 1292 ego
1599 1241 1721 1280 audio
1737 1242 1758 1280 ‘?
1812 1241 1893 1279 Bu-

259 1324 276 1354 5
297 1306 421 1345 daeuS
451 1307 672 1357 quicquam
701 1307 822 1346 debet
851 1307 1036 1355 Erasmo,
1062 1308 1327 1358 εὐτυχέστατος
1353 1310 1404 1359 τῷ
1432 1311 1504 1346 τῶν
1531 1308 1702 1346 ἁπάντων
1721 1307 1894 1358 δυστυχε-

297 1372 453 1423 orda-19⁴?
500 1373 619 1421 Quod
639 1372 685 1411 in
705 1373 1014 1411 annotamentis
1033 1373 1188 1411 nostris
1208 1372 1369 1411 Budaei
1396 1373 1471 1412 feci
1490 1373 1757 1420 mentionem,
1781 1371 1896 1421 operi

298 1439 441 1475 nostro
462 1451 484 1476 e
503 1437 567 1476 tui
590 1438 807 1488 splendore
834 1437 1019 1476 nominis
1043 1437 1239 1476 nonnihil
1267 1438 1503 1476 ornamenti
1528 1438 1747 1480 conciliare
1766 1436 1891 1484 volui,

298 1501 340 1540 id
371 1503 613 1552 captabam;
642 1504 809 1541 tantum
840 1503 956 1541 abest
978 1504 1026 1541 vt
1051 1503 1273 1553 quicquain
1302 1503 1399 1541 hinc
1427 1503 1533 1541 mihi
1562 1503 1702 1541 deberi
1734 1505 1890 1552 putem.

300 1567 418 1616 Quod
437 1568 593 1606 factum
615 1568 649 1607 si
672 1570 719 1606 tu
735 1568 835 1606 boni
853 1568 1045 1615 consulis,
1066 1568 1145 1606 tibi
1164 1570 1211 1607 vt
1230 1568 1323 1607 aliis
1342 1568 1543 1618 pluribus,
1566 1568 1625 1608 ita
1636 1569 1713 1607 1100
1733 1580 1896 1619 quoque

242 1649 281 1670 10
299 1632 469 1671 nomine
489 1633 616 1672 debeo
635 1648 643 1679 ;
673 1633 739 1672 sin
759 1633 910 1681 minus,
932 1635 1074 1672 tamen
1100 1636 1219 1684 rapto
1237 1634 1362 1673 fruar.
1422 1633 1519 1672 Siue
1538 1634 1581 1672 id
1599 1634 1677 1672 feci
1703 1635 1814 1672 recto
1834 1633 1895 1671 iu—

301 1697 406 1736 dicio
426 1698 514 1737 siue
534 1711 663 1747 secus,
686 1700 795 1737 certe
815 1698 992 1737 feliciter
1011 1699 1169 1747 cecidit,
1193 1701 1463 1749 posteaquam
1483 1699 1560 1738 hac
1580 1699 1791 1738 occasione
1808 1687 1897 1737 tam

299 1763 516 1812 eruditam,
541 1766 628 1803 tam
656 1763 844 1813 amicam,
868 1765 955 1803 tam
980 1765 1186 1814 copiosam
1204 1764 1423 1815 epistolam
1442 1764 1508 1804 vel
1534 1764 1785 1815 promeritus
1802 1776 1898 1802 sum

300 1829 366 1867 vel
385 1829 552 1868 extorsi.

355 1893 439 1932 Nec
459 1896 520 1932 est
541 1895 649 1944 quod
671 1897 710 1933 te
735 1895 964 1934 sollicitum
992 1895 1143 1934 habeat
1171 1897 1236 1944 τῆς
1262 1896 1425 1945 ἀμοιβῆς
1449 1896 1564 1934 ratio.
1626 1895 1669 1934 Si
1698 1894 1797 1946 quid
1823 1908 1898 1946 pro

242 1975 282 2006 15
304 1960 442 1998 studio
462 1961 508 1998 in
527 1973 593 1999 me
607 1963 679 1999 tuo
701 1961 938 2009 debebatur,
961 1960 1004 1998 id
1032 1960 1362 2000 cumulatissime
1381 1960 1598 2011 multoque
1617 1974 1713 1999 cum
1732 1961 1900 1999 foenore

301 2025 376 2063 tua
406 2025 586 2074 reposuit
605 2026 791 2076 epistola.
863 2026 981 2074 Quod
1001 2026 1038 2064 si
1055 2028 1127 2064 tuo
1147 2026 1287 2065 animo
1307 2039 1393 2065 11011
1413 2029 1529 2077 potes
1549 2026 1631 2064 alio
1650 2028 1767 2076 pacto
1786 2026 1900 2064 satis-

302 2090 450 2138 facere,
470 2091 665 2140 quicquid
699 2094 760 2129 est
794 2091 872 2130 hoc
905 2092 1037 2130 nostri
1066 2092 1187 2130 officii
1220 2092 1431 2131 monendo
1457 2091 1720 2140 docendoque
1748 2091 1900 2130 referas

302 2156 473 2204 oportet,
495 2169 579 2193 non
599 2156 817 2194 laudando.
878 2156 985 2195 Nam
1006 2157 1108 2195 dum
1128 2170 1202 2206 ego
1222 2157 1439 2196 Budaeum
1458 2170 1602 2196 meum
1621 2156 1790 2204 celebro,
1814 2169 1899 2195 non

304 2220 484 2270 simplici
510 2221 649 2259 fructu
677 2221 719 2260 id
746 2221 873 2270 facio3
901 2221 1086 2272 primum
1106 2222 1216 2271 quod
1235 2222 1377 2261 videor
1403 2224 1477 2261 tua
1501 2222 1649 2272 legisse
1668 2222 1710 2259 et
1728 2221 1901 2260 eximias

246 2301 285 2324 20
303 2285 461 2336 ingenii
483 2285 547 2324 tui
573 2286 689 2325 dotes
715 2299 960 2336 agnoscere3
1001 2286 1149 2325 deinde
1173 2287 1304 2326 doctis
1331 2287 1527 2326 omnibus
1554 2287 1762 2336 meipsum
1793 2299 1900 2325 com-

304 2351 455 2389 mendo
476 2351 676 2401 ὁμόψηφος
695 2352 753 2400 ὥν,
778 2364 958 2401 quorum
987 2350 1132 2390 nullus
1159 2354 1221 2390 est
1247 2352 1320 2401 qui
1339 2351 1557 2390 Budaeum
1584 2365 1668 2390 non
1688 2351 1896 2401 suspiciat.

305 2418 447 2466 Atque
465 2416 554 2466 ipse
583 2429 744 2467 quoque
764 2416 976 2464 Linacrus‚
1000 2417 1065 2455 vir
1093 2417 1224 2455 exacti
1244 2417 1412 2467 quidem
1436 2418 1505 2456 sed
1532 2417 1667 2456 seueri
1690 2417 1834 2455 iudicii
1858 2419 1901 2455 et

306 2482 378 2532 qui
398 2495 483 2520 non
495 2484 650 2521 temere
665 2481 813 2532 probet
833 2481 1070 2531 quemlibet,
1089 2481 1256 2520 Budaeo
1275 2482 1384 2520 nihil
1399 2495 1485 2521 non
1504 2482 1666 2521 tribuit.
1695 2482 1901 2532 Equidem

307 2559 379 2584 ceu
400 2547 534 2586 victor
553 2547 801 2595 exultabam,
817 2560 913 2585 cum
933 2547 1122 2585 audirem
1136 2547 1351 2586 hominem
1369 2549 1506 2586 totum
1526 2547 1570 2586 in
1585 2561 1723 2586 meam
1735 2560 1903 2586 consen-

247 2626 286 2656 25
307 2612 406 2650 sisse
426 2612 686 2661 sententiam,
709 2614 749 2650 et
763 2612 894 2652 veteri
914 2625 1006 2651 meo
1026 2612 1077 2650 de
1096 2614 1138 2651 te
1157 2612 1310 2651 iudicio
1328 2611 1588 2662 plaudebam.
1629 2613 1750 2652 Idem
1762 2611 1901 2651 euenit
1965 2637 1968 2639 >

731 2721 808 2752 421.
831 2731 883 2760 24.
911 2722 1130 2752 consensisse
1147 2724 1195 2753 B:
1222 2721 1425 2752 discessisse
1443 2723 1472 2753 C.

352 2818 427 2847 4⁶21.
454 2827 505 2856 25.
525 2819 658 2849 veteri.
674 2841 682 2849 .
700 2841 708 2849 .
722 2816 873 2859 iudicio]
891 2816 1072 2849 Erasmus'
1141 2827 1345 2856 monymus.
1414 2816 1585 2847 Erasmus
1617 2815 1689 2846 had
1723 2814 1903 2846 doubtless

310 2861 565 2898 acquaintance
582 2861 674 2891 with
700 2861 866 2892 Budaeus
888 2870 972 2901 may
990 2861 1073 2892 date
1141 2861 1215 2892 also
1234 2870 1316 2891 seen
1333 2860 1509 2891 Budaeus'
1533 2859 1612 2890 first
1633 2858 1864 2898 publication,
1882 2867 1903 2888 a

310 2903 399 2932 back
427 2905 463 2933 to
493 2905 550 2934 his
578 2905 721 2936 earliest
748 2914 852 2944 years
880 2904 919 2935 in
948 2904 1073 2943 Paris3
1141 2904 1361 2934 translation
1394 2903 1433 2934 of
1468 2901 1667 2933 Plutarch's
1702 2904 1746 2932 De
1777 2903 1904 2937 placitis

313 2945 408 2975 since
420 2947 507 2985 they
518 2948 604 2978 both
618 2957 709 2978 were
722 2948 861 2978 friends
871 2948 908 2978 of
921 2948 1074 2979 Faustus
1138 2950 1398 2986 philosophorum,
1423 2946 1532 2983 Paris,
1557 2945 1702 2983 Badius,
1724 2945 1762 2974 18
1779 2943 1903 2975 March

313 2989 373 3028 (cf.
399 2989 462 3028 Ep.
486 3000 537 3027 44.
558 3000 598 3028 31
617 2991 667 3031 n.)
687 2991 759 3021 and
783 2991 903 3030 pupils
925 2992 963 3021 of
983 2991 1073 3022 Her·
1146 3000 1228 3030 1505
1255 2992 1333 3031 (not
1359 3000 1397 3020 12
1412 2989 1500 3035 July
1520 2998 1611 3027 1503,
1628 2997 1666 3018 as
1689 2987 1904 3027 Delaruelle,
