2010 3417
95 137 190 192 435]
504 137 658 176 FROM
695 135 961 175 WILLIAM
1000 133 1272 174 BUDAEUS
1604 133 1682 171 275

147 249 260 288 Haec
281 250 344 287 est
367 260 458 287 mea
481 246 686 285 sententia
713 246 797 295 περὶ
825 248 897 283 τῶν
923 244 1276 296 λεπτολογημάτων,
1300 242 1463 293 quando
1484 243 1530 280 tu
1549 243 1684 281 tanto·
1702 244 1742 286 85

93 327 189 365 pere
208 313 286 352 hoc
303 312 429 352 verbo
453 313 684 351 commotus
702 323 758 349 es.
818 309 907 361 Ego
926 312 1067 348 autem
1096 308 1305 358 exemplar
1332 308 1549 347 literarum
1577 319 1685 346 mea-

93 393 188 418 rum
207 379 251 418 in
271 377 421 417 scheda
439 376 612 423 seruaui,
630 389 682 414 ne
702 377 749 414 tu
774 388 938 414 mecum
962 375 1190 424 obsignatis
1208 374 1344 412 literis
1371 373 1557 412 acerbius
1574 385 1681 423 agas,

95 445 131 482 si
151 443 330 493 quodam
349 442 456 480 forte
475 441 520 480 in
538 441 627 480 loco
655 443 675 479 ὁ
702 441 870 490 κάλαμός
896 457 961 490 μοι
985 439 1212 489 παρώλισθε.
1271 439 1354 477 Hic
1381 439 1518 486 etiam,
1541 438 1576 476 si
1606 437 1686 476 diis

93 508 238 558 placet,
273 507 551 548 Gatunculum
574 508 617 544 te
648 505 890 544 emendasse
921 505 1042 552 dices,
1076 518 1206 555 neque
1230 506 1270 542 te
1299 504 1507 554 poenitere
1534 502 1686 542 laboris

94 573 323 620 diecularis,
338 573 389 611 ad
407 572 450 610 id
463 572 589 610 etiam
608 570 805 621 priuatim
821 571 988 620 operula
1007 570 1141 608 dicata
1160 584 1168 616 ;
1189 570 1305 619 quasi
1324 581 1423 609 vero
1439 568 1688 607 obsolescere
1704 576 1748 609 90

96 651 252 676 nomen
285 639 407 675 tuum
439 638 502 675 tot
531 635 686 674 libellis
717 648 801 673 non
831 634 971 685 possit.
1031 635 1094 673 Tu
1129 635 1179 672 de
1205 633 1491 673 huiuscemodi
1520 635 1686 673 statues.

96 703 203 741 Mihi
224 704 364 741 autern
393 715 417 740 a
445 704 486 740 te
514 700 699 751 permitti
727 713 905 749 aequum
931 712 1078 737 censeo
1108 701 1155 738 vt
1185 699 1230 736 in
1255 698 1333 736 hoc
1363 712 1386 737 a
1410 701 1452 736 te
1483 698 1590 736 bona
1618 700 1691 737 tua

94 767 216 806 venia
246 766 501 815 dissentiam,
524 765 764 815 praesertim
794 777 890 802 cum
917 765 1019 802 alios
1047 764 1090 801 in
1121 776 1257 802 meam
1284 763 1535 801 sententiam
1565 763 1690 802 disce-

97 832 240 871 dentes
271 832 457 871 habeam.
522 831 738 869 Caeterum
769 830 877 879 quod
898 829 947 867 de
978 829 1145 867 Budaeo
1173 841 1240 866 me
1266 828 1569 878 propemodum
1599 829 1690 877 βου-

97 897 264 947 δαήμονα
282 897 393 945 facis,
418 898 578 946 ἅσμενος
595 897 663 945 τὴν
692 895 874 945 εἰρωνείαν
893 892 1133 945 ἀποδέχομαι,
1155 892 1222 944 κᾶν
1246 893 1399 931 συνειδῶ
1417 910 1481 943 μοι
1509 893 1689 944 χλευαζό-
1707 902 1750 935 95

97 979 217 1013 μενος.
269 961 375 1010 Quid
392 961 437 999 ni
452 961 568 999 enim
582 960 625 999 id
640 959 788 998 faciam
806 960 826 997 ’ἓ
856 959 1021 1008 quando
1040 960 1088 996 tu
1107 960 1318 1008 vtrunque
1338 958 1504 996 credere
1523 971 1590 996 me
1610 957 1687 1005 vis,

97 1028 140 1066 et
164 1029 207 1065 te
226 1027 367 1066 virum
386 1027 544 1065 bonum
564 1038 651 1064 esse
671 1027 711 1063 et
731 1038 798 1062 me
816 1024 895 1062 tibi
917 1023 1136 1073 ingenium
1156 1036 1298 1062 meum
1318 1023 1521 1072 probasse.

151 1092 312 1131 Verum
342 1105 438 1131 cum
457 1092 508 1130 ad
531 1090 728 1141 epistolae
747 1090 876 1128 finem
895 1092 1071 1128 ventum
1090 1091 1163 1137 est,
1186 1102 1273 1127 non
1302 1089 1418 1138 potui
1438 1101 1523 1127 non
1553 1088 1690 1127 dolere

98 1158 231 1198 vicem
262 1161 378 1197 tuam
404 1170 630 1207 meamque,
653 1155 815 1195 etiamsi
842 1157 889 1193 tu
917 1157 1033 1193 tuam
1062 1156 1226 1193 tantum
1256 1154 1379 1202 doles,
1404 1154 1450 1192 in
1478 1154 1556 1192 hoc
1584 1155 1692 1192 certe

99 1223 230 1264 officio
264 1223 371 1262 mihi
399 1223 548 1261 cedens
575 1220 791 1260 amicitiae.
849 1220 957 1259 Nam
985 1233 1080 1258 cum
1111 1220 1168 1258 sis
1196 1220 1284 1268 ipse
1317 1219 1485 1267 coelebs,
1519 1219 1692 1258 Peniam
1713 1233 1777 1256 100

99 1289 308 1340 quandam
327 1289 497 1327 nomine
526 1300 696 1326 vxorem
714 1286 793 1325 tibi
812 1299 899 1324 esse
921 1285 1186 1335 conquereris
1206 1298 1291 1322 non
1311 1286 1480 1322 tantum
1503 1283 1694 1323 domesti-

100 1367 192 1393 cam
242 1353 312 1393 sed
351 1353 480 1392 etiam
518 1352 749 1400 viatoriam,
790 1363 915 1401 quam
959 1350 1077 1389 nulla
1114 1349 1386 1400 quantumuis
1424 1349 1550 1400 longa
1585 1362 1693 1399 pere-

99 1419 330 1469 grinatione
359 1418 491 1468 possis
515 1431 539 1456 a
562 1419 604 1456 te
632 1417 805 1467 abigere,
827 1416 1057 1466 vsqueadeo
1087 1415 1138 1453 ab
1166 1415 1304 1453 inuisa
1323 1427 1450 1453 vxore
1479 1414 1694 1462 adamare;

99 1483 305 1533 huiusque
333 1483 520 1522 toedium
549 1483 770 1532 odiumque
799 1481 993 1520 omnibus
1021 1480 1294 1519 oeconomicis
1320 1480 1425 1518 meis
1454 1480 1574 1528 curis,
1605 1493 1696 1519 con-

100 1549 388 1599 iugalibusque
410 1550 451 1586 et
475 1548 671 1597 paternis,
694 1547 877 1597 opponis,
900 1547 1070 1595 perinde
1089 1546 1205 1597 quasi
1224 1545 1378 1584 Peniae
1397 1546 1491 1584 tuae
1510 1546 1600 1584 loco
1619 1559 1693 1595 ego
1715 1560 1773 1592 105

101 1613 277 1653 Plutum
296 1613 514 1664 pusionem
534 1612 764 1651 iucundum
783 1612 970 1659 habeam,
993 1611 1038 1649 in
1058 1625 1138 1661 quo
1153 1611 1356 1649 oblectare
1375 1623 1444 1649 me
1464 1624 1513 1648 ex
1533 1613 1693 1649 senten-

102 1679 161 1718 tia
179 1679 312 1718 animi
330 1679 413 1717 mei
432 1678 598 1728 possim.
642 1678 700 1716 At
721 1691 795 1726 ego
817 1679 858 1715 te
877 1677 954 1715 hoc
972 1677 1162 1726 ignorare
1181 1676 1290 1724 nolo,
1313 1689 1378 1713 me
1406 1675 1573 1725 quidem
1592 1675 1693 1713 riua-

102 1743 188 1782 lem
206 1756 293 1782 esse
319 1743 396 1781 tibi
422 1743 467 1781 in
489 1756 629 1781 amore
647 1742 909 1793 philologiae,
940 1742 1009 1780 sed
1037 1754 1161 1790 quarn
1180 1741 1260 1779 tibi
1285 1754 1454 1778 vxorem
1483 1753 1571 1778 esse
1594 1740 1696 1779 dicis

102 1822 189 1847 non
217 1808 338 1859 longe
365 1822 389 1846 a
419 1807 690 1846 contubernio
716 1820 809 1846 meo
829 1807 1017 1854 abfuisse,
1040 1819 1090 1844 ex
1116 1819 1197 1856 quo
1218 1806 1295 1844 hoc
1314 1805 1460 1844 insano
1478 1805 1694 1844 literarum

104 1887 243 1914 amore
263 1875 405 1923 captus
423 1886 528 1911 sum.
573 1873 665 1911 Hoc
684 1874 851 1911 tantum
870 1872 994 1910 refert
1020 1871 1128 1921 quod
1147 1873 1194 1909 tu
1214 1884 1305 1909 eam
1325 1871 1534 1920 κατάρατον
1564 1871 1696 1909 πενίαν
1718 1881 1781 1903 110

104 1939 353 1987 ioculariter,
374 1952 447 1988 ego
476 1939 584 1977 serio
610 1939 738 1976 πενίαν
761 1938 826 1975 οὐκ
850 1936 1110 1986 ἅδημονοῦσαν
1133 1949 1258 1976 voco:
1288 1936 1521 1986 vsqueadeo
1553 1950 1697 1975 omnes

104 2018 200 2043 vere
219 2004 437 2051 studiosos,
460 2003 533 2054 qui
547 2003 627 2041 rari
646 1993 759 2051 sunt,
780 2003 861 2041 ista
875 2002 990 2041 velut
1009 2001 1171 2040 aemula
1189 2001 1440 2051 philologiae
1460 2001 1694 2051 comitatur,

104 2070 253 2109 vmbra
270 2082 397 2119 prope
417 2068 593 2107 dixerim
613 2068 837 2118 sequacior.
890 2067 1038 2117 Sicque
1060 2067 1186 2105 huius
1213 2066 1361 2104 aetatis
1384 2066 1570 2104 moribus
1591 2079 1697 2105 com-

105 2137 296 2186 paratum
315 2137 379 2173 est
398 2147 444 2173 ac
472 2134 733 2184 superiorum
754 2133 879 2171 etiam
899 2134 1093 2179 aetatum,
1116 2131 1200 2169 imo
1220 2132 1278 2170 sic
1298 2130 1587 2181 philosophiae
1616 2132 1697 2170 fert

105 2201 222 2249 ratio,
245 2202 291 2239 vt
311 2200 382 2250 qui
402 2200 489 2238 eius
509 2199 682 2238 studiosi
697 2200 738 2237 et
757 2198 895 2248 cupidi
906 2211 993 2236 esse
1013 2197 1230 2246 coeperint,
1252 2209 1339 2234 rem
1359 2197 1487 2234 simul
1506 2209 1553 2234 ac
1572 2197 1698 2235 fidem
1719 2208 1776 2240 115

105 2267 345 2316 ignarorum
373 2265 568 2315 opinione
587 2264 783 2303 amittant
798 2277 808 2311 3
837 2266 878 2302 et
894 2263 965 2313 qui
984 2262 1134 2301 diuites
1163 2275 1249 2300 esse
1269 2264 1465 2312 ceperunt
1485 2263 1555 2300 aut
1574 2262 1697 2300 medi-

106 2332 262 2378 tantur,
295 2343 480 2368 amorem
510 2330 605 2368 ilico
635 2328 948 2378 disciplinarum
974 2327 1041 2366 vel
1074 2327 1270 2365 abiiciant
1298 2327 1366 2366 vel
1395 2327 1623 2377 deponant:
1657 2327 1699 2364 id

109 2395 217 2446 quod
247 2395 292 2433 in
324 2397 366 2432 te
398 2408 541 2433 vereor
571 2408 623 2433 ne
656 2394 924 2444 experiamur,
953 2393 989 2431 si
1019 2393 1183 2442 quando
1214 2393 1273 2441 (vt
1303 2392 1455 2442 speras)
1487 2392 1700 2429 inauratus

109 2460 249 2498 fueris.
310 2459 427 2507 Quod
446 2462 587 2498 autem
606 2460 656 2498 ad
677 2472 744 2497 me
762 2458 952 2509 pertinet,
975 2459 1176 2496 hactenus
1201 2457 1335 2495 fatum
1365 2470 1505 2494 meum
1525 2469 1700 2505 agnosco

111 2528 153 2564 et
172 2537 275 2575 pene
295 2526 551 2573 compertum
571 2525 711 2572 habeo,
735 2526 780 2563 vt
797 2537 865 2562 me
885 2536 960 2561 nec
987 2523 1203 2561 literarum
1222 2536 1338 2560 amor
1361 2535 1435 2560 nec
1456 2522 1544 2560 eius
1562 2533 1700 2559 comes
1720 2531 1786 2553 120

111 2603 295 2640 vnquam
316 2589 502 2627 relicturi
521 2589 618 2628 sint.
679 2589 794 2636 Quod
814 2590 861 2626 vt
879 2587 997 2625 facile
1017 2587 1160 2636 patior,
1185 2587 1243 2625 ita
1264 2599 1358 2624 cum
1382 2586 1548 2624 fortuna
1567 2585 1699 2623 redire

112 2657 157 2694 in
183 2654 357 2705 gratiam
390 2666 574 2703 nequeo;
619 2653 684 2691 cui
712 2654 795 2690 iam
824 2652 984 2690 dudum
1013 2664 1241 2698 succenseo,
1267 2650 1376 2700 quod
1405 2664 1499 2688 cum
1531 2650 1603 2688 illa
1629 2651 1701 2689 tua

114 2720 243 2759 Penia
262 2717 417 2768 προσέτι
437 2719 497 2755 καὶ
516 2718 582 2766 τὴν
603 2717 812 2767 ἀρρωστίαν
831 2734 895 2766 μοι
913 2717 981 2764 τὴν
1001 2717 1212 2765 ἐπίτριπτον
1231 2715 1416 2753 iniunxit
1432 2730 1441 2753 ε
1468 2729 1570 2764 quae
1594 2715 1701 2753 nlihi

113 2799 243 2826 annos
262 2785 348 2822 iam
367 2783 560 2822 vndecim
580 2782 767 2821 omnium
787 2782 1082 2829 molestiarum,
1099 2794 1199 2831 quas
1218 2780 1369 2818 multas
1387 2782 1579 2830 expertus
1594 2793 1701 2829 sum,

158 2883 210 2912 90.
243 2869 389 2910 operula
419 2870 456 2900 C:
491 2868 606 2909 opella
630 2877 702 2898 vna
725 2871 759 2902 β.
949 2876 1018 2898 111.
1050 2866 1272 2906 ἀδημονοῦσαν
1300 2868 1429 2903 scripsi:
1462 2865 1638 2905 ἀδημονοῦς
1663 2868 1701 2899 C:

115 2914 369 2956 ἀσχημονοῦσαν
385 2914 418 2947 β.
551 2921 623 2952 113,
643 2922 674 2950 4.
700 2911 760 2943 0²:
786 2912 890 2952 coptu
910 2909 958 2942 0¹.

162 3001 233 3024 111.
259 2988 502 3031 ἀδημονοῦσαν]
529 2990 646 3020 ‘extra
664 2987 787 3029 populi
805 2988 1023 3019 consortium
1040 2987 1201 3018 viuens’.
1249 2985 1425 3027 Budaeus,
1446 2988 1584 3027 Lezicon,
1608 2996 1702 3026 1554.

871 3057 895 3082 Τ
915 3055 940 3080 2
