<?xml version="1.0" encoding="UTF-8"?>
<!DOCTYPE html PUBLIC "-//W3C//DTD XHTML 1.0 Transitional//EN"
    "http://www.w3.org/TR/xhtml1/DTD/xhtml1-transitional.dtd">
<html xmlns="http://www.w3.org/1999/xhtml" xml:lang="en" lang="en">
 <head>
  <title>
</title>
<meta http-equiv="Content-Type" content="text/html;charset=utf-8" />
  <meta name='ocr-system' content='tesseract 3.04.00' />
  <meta name='ocr-capabilities' content='ocr_page ocr_carea ocr_par ocr_line ocrx_word'/>
</head>
<body>
  <div class='ocr_page' id='page_1' title='image "./opusepistolarumd02erasuoft/opusepistolarumd02erasuoft_0615.png"; bbox 0 0 2010 3417; ppageno 0'>
   <div class='ocr_carea' id='block_1_1' title="bbox 152 164 1737 220">
    <p class='ocr_par' dir='ltr' id='par_1_1' title="bbox 152 164 1737 220">
     <span class='ocr_line' id='line_1_1' title="bbox 152 164 1737 220; baseline 0.006 -16"><span class='ocrx_word' id='word_1_1' title='bbox 152 164 250 220; x_wconf 90' lang='lat'><strong>586]</strong></span> <span class='ocrx_word' id='word_1_2' title='bbox 528 169 599 207; x_wconf 88' lang='lat' dir='ltr'>TO</span> <span class='ocrx_word' id='word_1_3' title='bbox 637 170 754 209; x_wconf 80' lang='lat' dir='ltr'>THE</span> <span class='ocrx_word' id='word_1_4' title='bbox 795 170 988 210; x_wconf 83' lang='lat' dir='ltr'><strong>DUKES</strong></span> <span class='ocrx_word' id='word_1_5' title='bbox 1027 171 1096 211; x_wconf 85' lang='lat' dir='ltr'>OF</span> <span class='ocrx_word' id='word_1_6' title='bbox 1135 172 1368 212; x_wconf 84' lang='lat' dir='ltr'><strong>SAXONY</strong></span> <span class='ocrx_word' id='word_1_7' title='bbox 1660 175 1737 213; x_wconf 81' lang='lat'>581</span> 
     </span>
    </p>
   </div>
   <div class='ocr_carea' id='block_1_2' title="bbox 137 276 1798 2408">
    <p class='ocr_par' dir='ltr' id='par_1_2' title="bbox 137 276 1798 2408">
     <span class='ocr_line' id='line_1_2' title="bbox 149 276 1797 333; baseline 0.004 -18"><span class='ocrx_word' id='word_1_8' title='bbox 149 276 410 316; x_wconf 86' lang='lat' dir='ltr'>eruditorum</span> <span class='ocrx_word' id='word_1_9' title='bbox 437 291 607 329; x_wconf 87' lang='lat' dir='ltr'>meaque</span> <span class='ocrx_word' id='word_1_10' title='bbox 633 292 756 329; x_wconf 85' lang='lat' dir='ltr'>opera</span> <span class='ocrx_word' id='word_1_11' title='bbox 784 293 948 330; x_wconf 90' lang='lat' dir='ltr'>purum,</span> <span class='ocrx_word' id='word_1_12' title='bbox 972 280 1018 319; x_wconf 88' lang='lat' dir='ltr'>ni</span> <span class='ocrx_word' id='word_1_13' title='bbox 1043 282 1173 329; x_wconf 88' lang='lat' dir='ltr'>fallor,</span> <span class='ocrx_word' id='word_1_14' title='bbox 1202 284 1244 320; x_wconf 92' lang='lat' dir='ltr'>et</span> <span class='ocrx_word' id='word_1_15' title='bbox 1269 282 1482 333; x_wconf 87' lang='lat' dir='ltr'>integrum</span> <span class='ocrx_word' id='word_1_16' title='bbox 1511 283 1712 322; x_wconf 85' lang='lat' dir='ltr'>habemus</span> <span class='ocrx_word' id='word_1_17' title='bbox 1730 298 1740 332; x_wconf 87' lang='lat'>;</span> <span class='ocrx_word' id='word_1_18' title='bbox 1759 298 1797 329; x_wconf 68' lang='lat'>55</span> 
     </span>
     <span class='ocr_line' id='line_1_3' title="bbox 148 342 1739 400; baseline 0.005 -20"><span class='ocrx_word' id='word_1_19' title='bbox 148 342 399 393; x_wconf 87' lang='lat' dir='ltr'>suffragante</span> <span class='ocrx_word' id='word_1_20' title='bbox 431 343 538 382; x_wconf 85' lang='lat' dir='ltr'>mihi</span> <span class='ocrx_word' id='word_1_21' title='bbox 568 344 619 383; x_wconf 91' lang='lat' dir='ltr'>ad</span> <span class='ocrx_word' id='word_1_22' title='bbox 652 345 730 383; x_wconf 90' lang='lat' dir='ltr'>hoc</span> <span class='ocrx_word' id='word_1_23' title='bbox 760 345 918 394; x_wconf 84' lang='lat' dir='ltr'>negocii</span> <span class='ocrx_word' id='word_1_24' title='bbox 949 348 1192 396; x_wconf 90' lang='lat' dir='ltr'>peruetusto</span> <span class='ocrx_word' id='word_1_25' title='bbox 1224 349 1401 397; x_wconf 90' lang='lat' dir='ltr'>quodam</span> <span class='ocrx_word' id='word_1_26' title='bbox 1432 348 1578 393; x_wconf 77' lang='lat' dir='ltr'>codice,</span> <span class='ocrx_word' id='word_1_27' title='bbox 1615 362 1739 400; x_wconf 89' lang='lat' dir='ltr'>quem</span> 
     </span>
     <span class='ocr_line' id='line_1_4' title="bbox 147 406 1735 462; baseline 0.005 -17"><span class='ocrx_word' id='word_1_28' title='bbox 147 421 168 446; x_wconf 92' lang='lat' dir='ltr'>e</span> <span class='ocrx_word' id='word_1_29' title='bbox 206 406 458 447; x_wconf 86' lang='lat' dir='ltr'>bibliotheca</span> <span class='ocrx_word' id='word_1_30' title='bbox 492 409 734 448; x_wconf 83' lang='lat' dir='ltr'>monasterii</span> <span class='ocrx_word' id='word_1_31' title='bbox 772 410 881 460; x_wconf 88' lang='lat' dir='ltr'>apud</span> <span class='ocrx_word' id='word_1_32' title='bbox 924 411 1099 449; x_wconf 88' lang='lat' dir='ltr'>Neruios</span> <span class='ocrx_word' id='word_1_33' title='bbox 1143 411 1252 459; x_wconf 87' lang='lat' dir='ltr'>olim,</span> <span class='ocrx_word' id='word_1_34' title='bbox 1298 426 1409 451; x_wconf 91' lang='lat' dir='ltr'>nunc</span> <span class='ocrx_word' id='word_1_35' title='bbox 1447 414 1735 462; x_wconf 83' lang='lat' dir='ltr'>TornacenseS,</span> 
     </span>
     <span class='ocr_line' id='line_1_5' title="bbox 145 471 1738 523; baseline 0.005 -13"><span class='ocrx_word' id='word_1_36' title='bbox 145 471 314 523; x_wconf 84' lang='lat' dir='ltr'>vulgato</span> <span class='ocrx_word' id='word_1_37' title='bbox 352 474 597 523; x_wconf 86' lang='lat' dir='ltr'>cognomine</span> <span class='ocrx_word' id='word_1_38' title='bbox 631 474 719 513; x_wconf 83' lang='lat' dir='ltr'>diui</span> <span class='ocrx_word' id='word_1_39' title='bbox 757 474 936 523; x_wconf 86' lang='lat' dir='ltr'>Martini,</span> <span class='ocrx_word' id='word_1_40' title='bbox 970 476 1090 515; x_wconf 91' lang='lat' dir='ltr'>nobis</span> <span class='ocrx_word' id='word_1_41' title='bbox 1127 477 1314 516; x_wconf 77' lang='lat' dir='ltr'>exhibuit</span> <span class='ocrx_word' id='word_1_42' title='bbox 1352 478 1635 518; x_wconf 86' lang='lat' dir='ltr'>nobilissimus</span> <span class='ocrx_word' id='word_1_43' title='bbox 1667 479 1738 518; x_wconf 88' lang='lat' dir='ltr'>ille</span> 
     </span>
     <span class='ocr_line' id='line_1_6' title="bbox 146 538 1736 595; baseline 0.004 -19"><span class='ocrx_word' id='word_1_44' title='bbox 146 538 381 577; x_wconf 83' lang='lat' dir='ltr'>Gulielmus</span> <span class='ocrx_word' id='word_1_45' title='bbox 400 538 639 585; x_wconf 87' lang='lat' dir='ltr'>Montioius,</span> <span class='ocrx_word' id='word_1_46' title='bbox 658 539 730 589; x_wconf 85' lang='lat' dir='ltr'>qui</span> <span class='ocrx_word' id='word_1_47' title='bbox 750 539 793 578; x_wconf 89' lang='lat' dir='ltr'>id</span> <span class='ocrx_word' id='word_1_48' title='bbox 814 541 1013 590; x_wconf 85' lang='lat' dir='ltr'>temporis</span> <span class='ocrx_word' id='word_1_49' title='bbox 1031 542 1163 591; x_wconf 88' lang='lat' dir='ltr'>regias</span> <span class='ocrx_word' id='word_1_50' title='bbox 1182 542 1292 580; x_wconf 88' lang='lat' dir='ltr'>vices</span> <span class='ocrx_word' id='word_1_51' title='bbox 1311 556 1358 582; x_wconf 85' lang='lat' dir='ltr'>ea</span> <span class='ocrx_word' id='word_1_52' title='bbox 1375 543 1420 582; x_wconf 86' lang='lat' dir='ltr'>in</span> <span class='ocrx_word' id='word_1_53' title='bbox 1440 544 1540 582; x_wconf 87' lang='lat' dir='ltr'>vrbe</span> <span class='ocrx_word' id='word_1_54' title='bbox 1560 543 1736 595; x_wconf 87' lang='lat' dir='ltr'>gerebat.</span> 
     </span>
     <span class='ocr_line' id='line_1_7' title="bbox 144 602 1798 659; baseline 0.002 -18"><span class='ocrx_word' id='word_1_55' title='bbox 144 602 355 653; x_wconf 87' lang='lat' dir='ltr'>Reliquos,</span> <span class='ocrx_word' id='word_1_56' title='bbox 389 603 585 653; x_wconf 84' lang='lat' dir='ltr'>quoniam</span> <span class='ocrx_word' id='word_1_57' title='bbox 616 603 733 643; x_wconf 90' lang='lat' dir='ltr'>nullo</span> <span class='ocrx_word' id='word_1_58' title='bbox 763 604 1004 644; x_wconf 89' lang='lat' dir='ltr'>huiusmodi</span> <span class='ocrx_word' id='word_1_59' title='bbox 1033 606 1238 656; x_wconf 89' lang='lat' dir='ltr'>praesidio</span> <span class='ocrx_word' id='word_1_60' title='bbox 1268 607 1599 657; x_wconf 86' lang='lat' dir='ltr'>subleuabamur‚</span> <span class='ocrx_word' id='word_1_61' title='bbox 1630 610 1737 659; x_wconf 88' lang='lat' dir='ltr'>quod</span> <span class='ocrx_word' id='word_1_62' title='bbox 1756 614 1798 645; x_wconf 81' lang='lat'>60</span> 
     </span>
     <span class='ocr_line' id='line_1_8' title="bbox 144 667 1739 723; baseline 0.005 -18"><span class='ocrx_word' id='word_1_63' title='bbox 144 681 276 706; x_wconf 89' lang='lat' dir='ltr'>vnum</span> <span class='ocrx_word' id='word_1_64' title='bbox 296 667 424 716; x_wconf 89' lang='lat' dir='ltr'>licuit,</span> <span class='ocrx_word' id='word_1_65' title='bbox 442 669 577 707; x_wconf 89' lang='lat' dir='ltr'>multo</span> <span class='ocrx_word' id='word_1_66' title='bbox 597 671 704 708; x_wconf 87' lang='lat' dir='ltr'>certe</span> <span class='ocrx_word' id='word_1_67' title='bbox 724 670 868 709; x_wconf 88' lang='lat' dir='ltr'>minus</span> <span class='ocrx_word' id='word_1_68' title='bbox 887 671 1129 720; x_wconf 88' lang='lat' dir='ltr'>deprauatos</span> <span class='ocrx_word' id='word_1_69' title='bbox 1149 672 1348 711; x_wconf 85' lang='lat' dir='ltr'>dedimus.</span> <span class='ocrx_word' id='word_1_70' title='bbox 1402 673 1564 723; x_wconf 90' lang='lat' dir='ltr'>Eosque</span> <span class='ocrx_word' id='word_1_71' title='bbox 1579 674 1739 713; x_wconf 81' lang='lat' dir='ltr'>omneis</span> 
     </span>
     <span class='ocr_line' id='line_1_9' title="bbox 144 733 1737 786; baseline 0.004 -15"><span class='ocrx_word' id='word_1_72' title='bbox 144 733 273 772; x_wconf 80' lang='lat' dir='ltr'>vestri</span> <span class='ocrx_word' id='word_1_73' title='bbox 298 734 483 772; x_wconf 90' lang='lat' dir='ltr'>nominis</span> <span class='ocrx_word' id='word_1_74' title='bbox 510 734 717 773; x_wconf 91' lang='lat' dir='ltr'>lenocinio</span> <span class='ocrx_word' id='word_1_75' title='bbox 743 735 832 773; x_wconf 89' lang='lat' dir='ltr'>orbi</span> <span class='ocrx_word' id='word_1_76' title='bbox 859 737 1147 775; x_wconf 86' lang='lat' dir='ltr'>commendare</span> <span class='ocrx_word' id='word_1_77' title='bbox 1173 736 1311 776; x_wconf 88' lang='lat' dir='ltr'>visum</span> <span class='ocrx_word' id='word_1_78' title='bbox 1334 739 1408 786; x_wconf 88' lang='lat' dir='ltr'>est,</span> <span class='ocrx_word' id='word_1_79' title='bbox 1438 739 1504 777; x_wconf 91' lang='lat' dir='ltr'>vel</span> <span class='ocrx_word' id='word_1_80' title='bbox 1530 741 1669 778; x_wconf 86' lang='lat' dir='ltr'>vestro</span> <span class='ocrx_word' id='word_1_81' title='bbox 1693 740 1737 778; x_wconf 91' lang='lat' dir='ltr'>in</span> 
     </span>
     <span class='ocr_line' id='line_1_10' title="bbox 142 798 1738 852; baseline 0.004 -16"><span class='ocrx_word' id='word_1_82' title='bbox 142 811 210 837; x_wconf 91' lang='lat' dir='ltr'>me</span> <span class='ocrx_word' id='word_1_83' title='bbox 228 798 368 837; x_wconf 91' lang='lat' dir='ltr'>studio</span> <span class='ocrx_word' id='word_1_84' title='bbox 381 799 448 837; x_wconf 91' lang='lat' dir='ltr'>vel</span> <span class='ocrx_word' id='word_1_85' title='bbox 467 799 552 837; x_wconf 90' lang='lat' dir='ltr'>mei</span> <span class='ocrx_word' id='word_1_86' title='bbox 570 812 663 849; x_wconf 85' lang='lat' dir='ltr'>erga</span> <span class='ocrx_word' id='word_1_87' title='bbox 682 799 810 838; x_wconf 87' lang='lat' dir='ltr'>bonas</span> <span class='ocrx_word' id='word_1_88' title='bbox 828 800 968 839; x_wconf 85' lang='lat' dir='ltr'>literas</span> <span class='ocrx_word' id='word_1_89' title='bbox 987 801 1118 840; x_wconf 82' lang='lat' dir='ltr'>animi</span> <span class='ocrx_word' id='word_1_90' title='bbox 1136 802 1406 852; x_wconf 85' lang='lat' dir='ltr'>propensione</span> <span class='ocrx_word' id='word_1_91' title='bbox 1417 805 1465 842; x_wconf 86' lang='lat' dir='ltr'>vt</span> <span class='ocrx_word' id='word_1_92' title='bbox 1484 804 1526 842; x_wconf 94' lang='lat' dir='ltr'>id</span> <span class='ocrx_word' id='word_1_93' title='bbox 1546 805 1738 843; x_wconf 83' lang='lat' dir='ltr'>auderem</span> 
     </span>
     <span class='ocr_line' id='line_1_11' title="bbox 143 864 1737 919; baseline 0.004 -18"><span class='ocrx_word' id='word_1_94' title='bbox 143 866 375 913; x_wconf 88' lang='lat' dir='ltr'>prouocato,</span> <span class='ocrx_word' id='word_1_95' title='bbox 406 877 488 914; x_wconf 89' lang='lat' dir='ltr'>quo</span> <span class='ocrx_word' id='word_1_96' title='bbox 516 864 710 903; x_wconf 87' lang='lat' dir='ltr'>videlicet</span> <span class='ocrx_word' id='word_1_97' title='bbox 738 865 819 903; x_wconf 84' lang='lat' dir='ltr'>viri</span> <span class='ocrx_word' id='word_1_98' title='bbox 852 866 1102 915; x_wconf 83' lang='lat' dir='ltr'>imaginibus</span> <span class='ocrx_word' id='word_1_99' title='bbox 1135 869 1177 905; x_wconf 90' lang='lat' dir='ltr'>et</span> <span class='ocrx_word' id='word_1_100' title='bbox 1212 867 1358 917; x_wconf 87' lang='lat' dir='ltr'>opibus</span> <span class='ocrx_word' id='word_1_101' title='bbox 1393 867 1495 906; x_wconf 89' lang='lat' dir='ltr'>clari</span> <span class='ocrx_word' id='word_1_102' title='bbox 1527 869 1659 919; x_wconf 87' lang='lat' dir='ltr'>magis</span> <span class='ocrx_word' id='word_1_103' title='bbox 1692 882 1737 908; x_wconf 87' lang='lat' dir='ltr'>ac</span> 
     </span>
     <span class='ocr_line' id='line_1_12' title="bbox 142 928 1794 982; baseline 0.004 -16"><span class='ocrx_word' id='word_1_104' title='bbox 142 928 276 978; x_wconf 87' lang='lat' dir='ltr'>magis</span> <span class='ocrx_word' id='word_1_105' title='bbox 303 928 349 967; x_wconf 90' lang='lat' dir='ltr'>in</span> <span class='ocrx_word' id='word_1_106' title='bbox 377 929 443 967; x_wconf 89' lang='lat' dir='ltr'>his</span> <span class='ocrx_word' id='word_1_107' title='bbox 470 929 759 979; x_wconf 87' lang='lat' dir='ltr'>philosophari</span> <span class='ocrx_word' id='word_1_108' title='bbox 788 933 1058 969; x_wconf 77' lang='lat' dir='ltr'>consuescant</span> <span class='ocrx_word' id='word_1_109' title='bbox 1085 933 1127 969; x_wconf 91' lang='lat' dir='ltr'>et</span> <span class='ocrx_word' id='word_1_110' title='bbox 1152 931 1267 970; x_wconf 88' lang='lat' dir='ltr'>velut</span> <span class='ocrx_word' id='word_1_111' title='bbox 1294 932 1346 970; x_wconf 88' lang='lat' dir='ltr'>ad</span> <span class='ocrx_word' id='word_1_112' title='bbox 1375 933 1587 982; x_wconf 86' lang='lat' dir='ltr'>speculum</span> <span class='ocrx_word' id='word_1_113' title='bbox 1605 933 1736 972; x_wconf 89' lang='lat' dir='ltr'>vitam</span> <span class='ocrx_word' id='word_1_114' title='bbox 1755 940 1794 979; x_wconf 75' lang='lat'>65</span> 
     </span>
     <span class='ocr_line' id='line_1_13' title="bbox 141 995 1738 1044; baseline 0.003 -12"><span class='ocrx_word' id='word_1_115' title='bbox 141 1007 355 1044; x_wconf 89' lang='lat' dir='ltr'>moresque</span> <span class='ocrx_word' id='word_1_116' title='bbox 378 1007 636 1044; x_wconf 88' lang='lat' dir='ltr'>componere.</span> <span class='ocrx_word' id='word_1_117' title='bbox 697 995 890 1033; x_wconf 89' lang='lat' dir='ltr'>Primum</span> <span class='ocrx_word' id='word_1_118' title='bbox 916 996 1028 1034; x_wconf 87' lang='lat' dir='ltr'>enim</span> <span class='ocrx_word' id='word_1_119' title='bbox 1055 996 1157 1035; x_wconf 89' lang='lat' dir='ltr'>dum</span> <span class='ocrx_word' id='word_1_120' title='bbox 1175 996 1369 1036; x_wconf 88' lang='lat' dir='ltr'>videmus</span> <span class='ocrx_word' id='word_1_121' title='bbox 1395 999 1606 1037; x_wconf 89' lang='lat' dir='ltr'>mutatum</span> <span class='ocrx_word' id='word_1_122' title='bbox 1627 998 1738 1037; x_wconf 88' lang='lat' dir='ltr'>orbis</span> 
     </span>
     <span class='ocr_line' id='line_1_14' title="bbox 142 1059 1737 1112; baseline 0.003 -15"><span class='ocrx_word' id='word_1_123' title='bbox 142 1059 319 1097; x_wconf 88' lang='lat' dir='ltr'>Romani</span> <span class='ocrx_word' id='word_1_124' title='bbox 339 1061 497 1098; x_wconf 84' lang='lat' dir='ltr'>statum</span> <span class='ocrx_word' id='word_1_125' title='bbox 520 1061 639 1098; x_wconf 86' lang='lat' dir='ltr'>tanto</span> <span class='ocrx_word' id='word_1_126' title='bbox 661 1060 879 1110; x_wconf 84' lang='lat' dir='ltr'>sanguinis</span> <span class='ocrx_word' id='word_1_127' title='bbox 903 1061 1079 1099; x_wconf 88' lang='lat' dir='ltr'>humani</span> <span class='ocrx_word' id='word_1_128' title='bbox 1101 1061 1312 1112; x_wconf 88' lang='lat' dir='ltr'>impendio</span> <span class='ocrx_word' id='word_1_129' title='bbox 1339 1064 1584 1112; x_wconf 71' lang='lat' dir='ltr'>constitisse,</span> <span class='ocrx_word' id='word_1_130' title='bbox 1608 1077 1654 1102; x_wconf 88' lang='lat' dir='ltr'>ea</span> <span class='ocrx_word' id='word_1_131' title='bbox 1674 1077 1737 1102; x_wconf 88' lang='lat' dir='ltr'>res</span> 
     </span>
     <span class='ocr_line' id='line_1_15' title="bbox 140 1124 1736 1175; baseline 0.003 -13"><span class='ocrx_word' id='word_1_132' title='bbox 140 1125 257 1174; x_wconf 90' lang='lat' dir='ltr'>pium</span> <span class='ocrx_word' id='word_1_133' title='bbox 286 1126 393 1163; x_wconf 87' lang='lat' dir='ltr'>certe</span> <span class='ocrx_word' id='word_1_134' title='bbox 421 1124 652 1175; x_wconf 89' lang='lat' dir='ltr'>principem</span> <span class='ocrx_word' id='word_1_135' title='bbox 673 1138 696 1163; x_wconf 86' lang='lat' dir='ltr'>a</span> <span class='ocrx_word' id='word_1_136' title='bbox 716 1127 869 1164; x_wconf 81' lang='lat' dir='ltr'>temere</span> <span class='ocrx_word' id='word_1_137' title='bbox 900 1126 1103 1165; x_wconf 88' lang='lat' dir='ltr'>nouandis</span> <span class='ocrx_word' id='word_1_138' title='bbox 1130 1127 1255 1165; x_wconf 90' lang='lat' dir='ltr'>rebus</span> <span class='ocrx_word' id='word_1_139' title='bbox 1287 1128 1518 1167; x_wconf 79' lang='lat' dir='ltr'>deterrebit.</span> <span class='ocrx_word' id='word_1_140' title='bbox 1579 1129 1736 1168; x_wconf 87' lang='lat' dir='ltr'>Deinde</span> 
     </span>
     <span class='ocr_line' id='line_1_16' title="bbox 140 1190 1734 1244; baseline 0.003 -17"><span class='ocrx_word' id='word_1_141' title='bbox 140 1191 322 1239; x_wconf 86' lang='lat' dir='ltr'>spectare</span> <span class='ocrx_word' id='word_1_142' title='bbox 335 1191 398 1228; x_wconf 89' lang='lat' dir='ltr'>est</span> <span class='ocrx_word' id='word_1_143' title='bbox 413 1202 557 1239; x_wconf 85' lang='lat' dir='ltr'>operae</span> <span class='ocrx_word' id='word_1_144' title='bbox 572 1190 757 1239; x_wconf 87' lang='lat' dir='ltr'>precium</span> <span class='ocrx_word' id='word_1_145' title='bbox 774 1204 910 1239; x_wconf 90' lang='lat' dir='ltr'>quam,</span> <span class='ocrx_word' id='word_1_146' title='bbox 929 1191 1046 1229; x_wconf 87' lang='lat' dir='ltr'>velut</span> <span class='ocrx_word' id='word_1_147' title='bbox 1060 1192 1252 1230; x_wconf 85' lang='lat' dir='ltr'>estuariis</span> <span class='ocrx_word' id='word_1_148' title='bbox 1266 1192 1427 1231; x_wconf 87' lang='lat' dir='ltr'>vicibus</span> <span class='ocrx_word' id='word_1_149' title='bbox 1447 1193 1592 1244; x_wconf 85' lang='lat' dir='ltr'>Euripi</span> <span class='ocrx_word' id='word_1_150' title='bbox 1604 1194 1734 1233; x_wconf 88' lang='lat' dir='ltr'>cuius-</span> 
     </span>
     <span class='ocr_line' id='line_1_17' title="bbox 140 1254 1796 1308; baseline 0.002 -15"><span class='ocrx_word' id='word_1_151' title='bbox 140 1255 252 1305; x_wconf 87' lang='lat' dir='ltr'>piam</span> <span class='ocrx_word' id='word_1_152' title='bbox 272 1254 368 1302; x_wconf 89' lang='lat' dir='ltr'>ritu,</span> <span class='ocrx_word' id='word_1_153' title='bbox 383 1268 448 1292; x_wconf 90' lang='lat' dir='ltr'>res</span> <span class='ocrx_word' id='word_1_154' title='bbox 468 1255 648 1293; x_wconf 90' lang='lat' dir='ltr'>humane</span> <span class='ocrx_word' id='word_1_155' title='bbox 669 1268 836 1293; x_wconf 87' lang='lat' dir='ltr'>sursum</span> <span class='ocrx_word' id='word_1_156' title='bbox 856 1268 900 1294; x_wconf 84' lang='lat' dir='ltr'>ac</span> <span class='ocrx_word' id='word_1_157' title='bbox 923 1256 1114 1294; x_wconf 86' lang='lat' dir='ltr'>deorsum</span> <span class='ocrx_word' id='word_1_158' title='bbox 1128 1256 1363 1304; x_wconf 87' lang='lat' dir='ltr'>voluantur,</span> <span class='ocrx_word' id='word_1_159' title='bbox 1382 1258 1427 1295; x_wconf 89' lang='lat' dir='ltr'>ni</span> <span class='ocrx_word' id='word_1_160' title='bbox 1445 1258 1576 1297; x_wconf 86' lang='lat' dir='ltr'>solida</span> <span class='ocrx_word' id='word_1_161' title='bbox 1590 1259 1735 1308; x_wconf 86' lang='lat' dir='ltr'>princi·</span> <span class='ocrx_word' id='word_1_162' title='bbox 1755 1276 1796 1307; x_wconf 80' lang='lat'>70</span> 
     </span>
     <span class='ocr_line' id='line_1_18' title="bbox 139 1320 1678 1374; baseline 0.002 -15"><span class='ocrx_word' id='word_1_163' title='bbox 139 1334 241 1370; x_wconf 88' lang='lat' dir='ltr'>pum</span> <span class='ocrx_word' id='word_1_164' title='bbox 260 1320 462 1370; x_wconf 77' lang='lat' dir='ltr'>sapientia</span> <span class='ocrx_word' id='word_1_165' title='bbox 481 1322 522 1359; x_wconf 90' lang='lat' dir='ltr'>et</span> <span class='ocrx_word' id='word_1_166' title='bbox 542 1320 780 1370; x_wconf 84' lang='lat' dir='ltr'>incorrupta</span> <span class='ocrx_word' id='word_1_167' title='bbox 799 1320 933 1358; x_wconf 87' lang='lat' dir='ltr'>virtus</span> <span class='ocrx_word' id='word_1_168' title='bbox 951 1321 1112 1360; x_wconf 81' lang='lat' dir='ltr'>fluxum</span> <span class='ocrx_word' id='word_1_169' title='bbox 1133 1321 1245 1360; x_wconf 89' lang='lat' dir='ltr'>hunc</span> <span class='ocrx_word' id='word_1_170' title='bbox 1264 1322 1382 1361; x_wconf 86' lang='lat' dir='ltr'>sistat</span> <span class='ocrx_word' id='word_1_171' title='bbox 1401 1323 1678 1374; x_wconf 84' lang='lat' dir='ltr'>inhibeatque.</span> 
     </span>
     <span class='ocr_line' id='line_1_19' title="bbox 194 1384 1734 1436; baseline 0.002 -12"><span class='ocrx_word' id='word_1_172' title='bbox 194 1385 304 1433; x_wconf 78' lang='lat' dir='ltr'>Quin</span> <span class='ocrx_word' id='word_1_173' title='bbox 343 1385 385 1423; x_wconf 91' lang='lat' dir='ltr'>et</span> <span class='ocrx_word' id='word_1_174' title='bbox 421 1385 527 1423; x_wconf 91' lang='lat' dir='ltr'>illud</span> <span class='ocrx_word' id='word_1_175' title='bbox 565 1384 677 1422; x_wconf 89' lang='lat' dir='ltr'>subit</span> <span class='ocrx_word' id='word_1_176' title='bbox 715 1385 920 1432; x_wconf 84' lang='lat' dir='ltr'>admirari,</span> <span class='ocrx_word' id='word_1_177' title='bbox 954 1386 999 1423; x_wconf 92' lang='lat' dir='ltr'>in</span> <span class='ocrx_word' id='word_1_178' title='bbox 1038 1388 1154 1424; x_wconf 87' lang='lat' dir='ltr'>tanto</span> <span class='ocrx_word' id='word_1_179' title='bbox 1191 1387 1426 1436; x_wconf 87' lang='lat' dir='ltr'>principum</span> <span class='ocrx_word' id='word_1_180' title='bbox 1463 1401 1636 1427; x_wconf 90' lang='lat' dir='ltr'>numero</span> <span class='ocrx_word' id='word_1_181' title='bbox 1665 1389 1734 1427; x_wconf 85' lang='lat' dir='ltr'>vix</span> 
     </span>
     <span class='ocr_line' id='line_1_20' title="bbox 139 1449 1734 1503; baseline 0.002 -14"><span class='ocrx_word' id='word_1_182' title='bbox 139 1463 290 1501; x_wconf 85' lang='lat' dir='ltr'>paucos</span> <span class='ocrx_word' id='word_1_183' title='bbox 336 1450 524 1487; x_wconf 79' lang='lat' dir='ltr'>extitisse</span> <span class='ocrx_word' id='word_1_184' title='bbox 570 1449 815 1496; x_wconf 83' lang='lat' dir='ltr'>tolerabiles,</span> <span class='ocrx_word' id='word_1_185' title='bbox 864 1449 1136 1499; x_wconf 86' lang='lat' dir='ltr'>paucissimos</span> <span class='ocrx_word' id='word_1_186' title='bbox 1180 1451 1341 1500; x_wconf 89' lang='lat' dir='ltr'>probos,</span> <span class='ocrx_word' id='word_1_187' title='bbox 1385 1452 1602 1503; x_wconf 88' lang='lat' dir='ltr'>plerosque</span> <span class='ocrx_word' id='word_1_188' title='bbox 1650 1467 1734 1492; x_wconf 91' lang='lat' dir='ltr'>non</span> 
     </span>
     <span class='ocr_line' id='line_1_21' title="bbox 139 1514 1734 1566; baseline 0.001 -12"><span class='ocrx_word' id='word_1_189' title='bbox 139 1515 335 1566; x_wconf 89' lang='lat' dir='ltr'>inprobos</span> <span class='ocrx_word' id='word_1_190' title='bbox 358 1515 481 1553; x_wconf 92' lang='lat' dir='ltr'>modo</span> <span class='ocrx_word' id='word_1_191' title='bbox 501 1527 649 1552; x_wconf 86' lang='lat' dir='ltr'>verum</span> <span class='ocrx_word' id='word_1_192' title='bbox 676 1514 801 1552; x_wconf 83' lang='lat' dir='ltr'>etiam</span> <span class='ocrx_word' id='word_1_193' title='bbox 827 1516 990 1553; x_wconf 89' lang='lat' dir='ltr'>ostenta</span> <span class='ocrx_word' id='word_1_194' title='bbox 1016 1528 1130 1553; x_wconf 88' lang='lat' dir='ltr'>mera</span> <span class='ocrx_word' id='word_1_195' title='bbox 1157 1529 1370 1566; x_wconf 85' lang='lat' dir='ltr'>merasque</span> <span class='ocrx_word' id='word_1_196' title='bbox 1397 1519 1533 1566; x_wconf 88' lang='lat' dir='ltr'>pestes</span> <span class='ocrx_word' id='word_1_197' title='bbox 1561 1517 1734 1556; x_wconf 89' lang='lat' dir='ltr'>humani</span> 
     </span>
     <span class='ocr_line' id='line_1_22' title="bbox 139 1579 1790 1633; baseline 0.001 -14"><span class='ocrx_word' id='word_1_198' title='bbox 139 1580 312 1631; x_wconf 88' lang='lat' dir='ltr'>generis,</span> <span class='ocrx_word' id='word_1_199' title='bbox 336 1579 494 1618; x_wconf 90' lang='lat' dir='ltr'>multos</span> <span class='ocrx_word' id='word_1_200' title='bbox 517 1580 647 1617; x_wconf 87' lang='lat' dir='ltr'>etiam</span> <span class='ocrx_word' id='word_1_201' title='bbox 672 1580 813 1626; x_wconf 80' lang='lat' dir='ltr'>mente</span> <span class='ocrx_word' id='word_1_202' title='bbox 839 1581 991 1628; x_wconf 85' lang='lat' dir='ltr'>captos.</span> <span class='ocrx_word' id='word_1_203' title='bbox 1050 1580 1084 1617; x_wconf 94' lang='grc' dir='ltr'>Ο</span> <span class='ocrx_word' id='word_1_204' title='bbox 1109 1593 1262 1619; x_wconf 87' lang='lat' dir='ltr'>nouam</span> <span class='ocrx_word' id='word_1_205' title='bbox 1287 1581 1416 1619; x_wconf 89' lang='lat' dir='ltr'>seculi</span> <span class='ocrx_word' id='word_1_206' title='bbox 1442 1582 1731 1633; x_wconf 81' lang='lat' dir='ltr'>calamitatem,</span> <span class='ocrx_word' id='word_1_207' title='bbox 1752 1601 1790 1633; x_wconf 75' lang='lat'>75</span> 
     </span>
     <span class='ocr_line' id='line_1_23' title="bbox 139 1644 1733 1695; baseline 0.001 -11"><span class='ocrx_word' id='word_1_208' title='bbox 139 1659 234 1684; x_wconf 88' lang='lat' dir='ltr'>cum</span> <span class='ocrx_word' id='word_1_209' title='bbox 253 1645 328 1684; x_wconf 90' lang='lat' dir='ltr'>vni</span> <span class='ocrx_word' id='word_1_210' title='bbox 347 1645 523 1683; x_wconf 84' lang='lat' dir='ltr'>furiosae</span> <span class='ocrx_word' id='word_1_211' title='bbox 547 1644 703 1682; x_wconf 88' lang='lat' dir='ltr'>bestiae</span> <span class='ocrx_word' id='word_1_212' title='bbox 729 1646 842 1682; x_wconf 89' lang='lat' dir='ltr'>totus</span> <span class='ocrx_word' id='word_1_213' title='bbox 868 1644 1042 1682; x_wconf 86' lang='lat' dir='ltr'>seruiret</span> <span class='ocrx_word' id='word_1_214' title='bbox 1064 1645 1184 1694; x_wconf 88' lang='lat' dir='ltr'>orbis,</span> <span class='ocrx_word' id='word_1_215' title='bbox 1207 1648 1247 1684; x_wconf 90' lang='lat' dir='ltr'>et</span> <span class='ocrx_word' id='word_1_216' title='bbox 1266 1646 1542 1695; x_wconf 83' lang='lat' dir='ltr'>ingemiscens</span> <span class='ocrx_word' id='word_1_217' title='bbox 1561 1648 1733 1686; x_wconf 89' lang='lat' dir='ltr'>eandem</span> 
     </span>
     <span class='ocr_line' id='line_1_24' title="bbox 138 1708 1734 1761; baseline 0.003 -14"><span class='ocrx_word' id='word_1_218' title='bbox 138 1711 302 1749; x_wconf 80' lang='lat' dir='ltr'>caneret</span> <span class='ocrx_word' id='word_1_219' title='bbox 341 1709 576 1747; x_wconf 85' lang='lat' dir='ltr'>cantionem</span> <span class='ocrx_word' id='word_1_220' title='bbox 614 1721 741 1758; x_wconf 86' lang='lat' dir='ltr'>quam</span> <span class='ocrx_word' id='word_1_221' title='bbox 785 1721 930 1747; x_wconf 89' lang='lat' dir='ltr'>seruus</span> <span class='ocrx_word' id='word_1_222' title='bbox 967 1708 1115 1747; x_wconf 87' lang='lat' dir='ltr'>Carion</span> <span class='ocrx_word' id='word_1_223' title='bbox 1152 1710 1261 1759; x_wconf 84' lang='lat' dir='ltr'>apud</span> <span class='ocrx_word' id='word_1_224' title='bbox 1297 1710 1630 1761; x_wconf 86' lang='lat' dir='ltr'>Aristophanem,</span> <span class='ocrx_word' id='word_1_225' title='bbox 1670 1711 1734 1753; x_wconf 85' lang='grc' dir='ltr'>Ὡς</span> 
     </span>
     <span class='ocr_line' id='line_1_25' title="bbox 139 1773 1732 1826; baseline 0.002 -14"><span class='ocrx_word' id='word_1_226' title='bbox 139 1774 347 1826; x_wconf 71' lang='grc' dir='ltr'>ἀμγαλέονῐ</span> <span class='ocrx_word' id='word_1_227' title='bbox 403 1774 458 1811; x_wconf 87' lang='lat' dir='ltr'>Et</span> <span class='ocrx_word' id='word_1_228' title='bbox 488 1776 628 1812; x_wconf 88' lang='lat' dir='ltr'>tamen</span> <span class='ocrx_word' id='word_1_229' title='bbox 657 1773 901 1811; x_wconf 90' lang='lat' dir='ltr'>huiusmodi</span> <span class='ocrx_word' id='word_1_230' title='bbox 928 1775 1118 1823; x_wconf 84' lang='lat' dir='ltr'>portenta</span> <span class='ocrx_word' id='word_1_231' title='bbox 1144 1775 1383 1824; x_wconf 87' lang='lat' dir='ltr'>parricidiis,</span> <span class='ocrx_word' id='word_1_232' title='bbox 1412 1777 1646 1825; x_wconf 80' lang='lat' dir='ltr'>sacrilegiis,</span> <span class='ocrx_word' id='word_1_233' title='bbox 1673 1777 1732 1816; x_wconf 93' lang='lat' dir='ltr'>in-</span> 
     </span>
     <span class='ocr_line' id='line_1_26' title="bbox 139 1838 1730 1891; baseline 0.002 -13"><span class='ocrx_word' id='word_1_234' title='bbox 139 1839 272 1888; x_wconf 85' lang='lat' dir='ltr'>cestis,</span> <span class='ocrx_word' id='word_1_235' title='bbox 295 1838 477 1877; x_wconf 86' lang='lat' dir='ltr'>breuiter</span> <span class='ocrx_word' id='word_1_236' title='bbox 499 1838 616 1877; x_wconf 92' lang='lat' dir='ltr'>nullo</span> <span class='ocrx_word' id='word_1_237' title='bbox 646 1851 730 1876; x_wconf 91' lang='lat' dir='ltr'>non</span> <span class='ocrx_word' id='word_1_238' title='bbox 751 1838 996 1876; x_wconf 87' lang='lat' dir='ltr'>dedecorum</span> <span class='ocrx_word' id='word_1_239' title='bbox 1024 1851 1169 1888; x_wconf 86' lang='lat' dir='ltr'>genere</span> <span class='ocrx_word' id='word_1_240' title='bbox 1196 1840 1414 1889; x_wconf 87' lang='lat' dir='ltr'>impurata,</span> <span class='ocrx_word' id='word_1_241' title='bbox 1437 1842 1615 1891; x_wconf 84' lang='lat' dir='ltr'>templis,</span> <span class='ocrx_word' id='word_1_242' title='bbox 1639 1842 1730 1891; x_wconf 85' lang='lat' dir='ltr'>aris,</span> 
     </span>
     <span class='ocr_line' id='line_1_27' title="bbox 138 1903 1789 1956; baseline 0.001 -12"><span class='ocrx_word' id='word_1_243' title='bbox 138 1919 183 1944; x_wconf 84' lang='lat' dir='ltr'>ac</span> <span class='ocrx_word' id='word_1_244' title='bbox 203 1904 360 1943; x_wconf 86' lang='lat' dir='ltr'>diuinis</span> <span class='ocrx_word' id='word_1_245' title='bbox 378 1903 605 1942; x_wconf 89' lang='lat' dir='ltr'>honoribus</span> <span class='ocrx_word' id='word_1_246' title='bbox 630 1903 811 1941; x_wconf 89' lang='lat' dir='ltr'>donabat</span> <span class='ocrx_word' id='word_1_247' title='bbox 834 1903 1057 1941; x_wconf 89' lang='lat' dir='ltr'>hominum</span> <span class='ocrx_word' id='word_1_248' title='bbox 1083 1904 1276 1953; x_wconf 87' lang='lat' dir='ltr'>adulatio,</span> <span class='ocrx_word' id='word_1_249' title='bbox 1300 1905 1489 1944; x_wconf 85' lang='lat' dir='ltr'>fortunae</span> <span class='ocrx_word' id='word_1_250' title='bbox 1512 1907 1579 1944; x_wconf 89' lang='lat' dir='ltr'>vel</span> <span class='ocrx_word' id='word_1_251' title='bbox 1600 1906 1732 1956; x_wconf 88' lang='lat' dir='ltr'>magis</span> <span class='ocrx_word' id='word_1_252' title='bbox 1749 1917 1789 1946; x_wconf 84' lang='lat'>80</span> 
     </span>
     <span class='ocr_line' id='line_1_28' title="bbox 138 1968 1733 2022; baseline 0.001 -13"><span class='ocrx_word' id='word_1_253' title='bbox 138 1969 360 2009; x_wconf 83' lang='lat' dir='ltr'>sceleribus</span> <span class='ocrx_word' id='word_1_254' title='bbox 388 1969 576 2007; x_wconf 85' lang='lat' dir='ltr'>tribuens</span> <span class='ocrx_word' id='word_1_255' title='bbox 607 1968 714 2018; x_wconf 91' lang='lat' dir='ltr'>quod</span> <span class='ocrx_word' id='word_1_256' title='bbox 743 1968 915 2006; x_wconf 84' lang='lat' dir='ltr'>eximiae</span> <span class='ocrx_word' id='word_1_257' title='bbox 941 1968 1085 2006; x_wconf 86' lang='lat' dir='ltr'>virtuti</span> <span class='ocrx_word' id='word_1_258' title='bbox 1113 1968 1202 2006; x_wconf 87' lang='lat' dir='ltr'>dari</span> <span class='ocrx_word' id='word_1_259' title='bbox 1227 1970 1451 2009; x_wconf 87' lang='lat' dir='ltr'>consueuit.</span> <span class='ocrx_word' id='word_1_260' title='bbox 1512 1971 1612 2020; x_wconf 79' lang='lat' dir='ltr'>Quis</span> <span class='ocrx_word' id='word_1_261' title='bbox 1637 1974 1733 2022; x_wconf 88' lang='lat' dir='ltr'>post</span> 
     </span>
     <span class='ocr_line' id='line_1_29' title="bbox 138 2033 1730 2084; baseline 0.001 -11"><span class='ocrx_word' id='word_1_262' title='bbox 138 2036 213 2073; x_wconf 90' lang='lat' dir='ltr'>hec</span> <span class='ocrx_word' id='word_1_263' title='bbox 251 2036 358 2073; x_wconf 86' lang='lat' dir='ltr'>recte</span> <span class='ocrx_word' id='word_1_264' title='bbox 390 2033 510 2072; x_wconf 80' lang='lat' dir='ltr'>factis</span> <span class='ocrx_word' id='word_1_265' title='bbox 543 2035 752 2083; x_wconf 88' lang='lat' dir='ltr'>grassetur</span> <span class='ocrx_word' id='word_1_266' title='bbox 783 2033 834 2072; x_wconf 87' lang='lat' dir='ltr'>ad</span> <span class='ocrx_word' id='word_1_267' title='bbox 869 2034 1053 2071; x_wconf 89' lang='lat' dir='ltr'>nominis</span> <span class='ocrx_word' id='word_1_268' title='bbox 1087 2033 1458 2084; x_wconf 86' lang='lat' dir='ltr'>immortalitatem,</span> <span class='ocrx_word' id='word_1_269' title='bbox 1496 2036 1531 2074; x_wconf 91' lang='lat' dir='ltr'>si</span> <span class='ocrx_word' id='word_1_270' title='bbox 1569 2037 1730 2075; x_wconf 90' lang='lat' dir='ltr'>coelum</span> 
     </span>
     <span class='ocr_line' id='line_1_30' title="bbox 138 2099 1729 2151; baseline 0.001 -13"><span class='ocrx_word' id='word_1_271' title='bbox 138 2101 260 2139; x_wconf 85' lang='lat' dir='ltr'>datur</span> <span class='ocrx_word' id='word_1_272' title='bbox 293 2100 346 2137; x_wconf 91' lang='lat' dir='ltr'>iis</span> <span class='ocrx_word' id='word_1_273' title='bbox 379 2099 450 2148; x_wconf 89' lang='lat' dir='ltr'>qui</span> <span class='ocrx_word' id='word_1_274' title='bbox 483 2099 650 2148; x_wconf 89' lang='lat' dir='ltr'>indigni</span> <span class='ocrx_word' id='word_1_275' title='bbox 682 2101 800 2136; x_wconf 87' lang='lat' dir='ltr'>erant</span> <span class='ocrx_word' id='word_1_276' title='bbox 833 2100 879 2136; x_wconf 88' lang='lat' dir='ltr'>vt</span> <span class='ocrx_word' id='word_1_277' title='bbox 913 2100 1066 2136; x_wconf 88' lang='lat' dir='ltr'>terram</span> <span class='ocrx_word' id='word_1_278' title='bbox 1100 2099 1422 2149; x_wconf 79' lang='lat' dir='ltr'>contingerent?</span> <span class='ocrx_word' id='word_1_279' title='bbox 1477 2100 1585 2139; x_wconf 86' lang='lat' dir='ltr'>Nam</span> <span class='ocrx_word' id='word_1_280' title='bbox 1619 2102 1729 2151; x_wconf 90' lang='lat' dir='ltr'>quod</span> 
     </span>
     <span class='ocr_line' id='line_1_31' title="bbox 137 2163 1730 2216; baseline 0.001 -12"><span class='ocrx_word' id='word_1_281' title='bbox 137 2163 437 2216; x_wconf 57' lang='lat' dir='ltr'>Domiti&lt;gan&gt;us</span> <span class='ocrx_word' id='word_1_282' title='bbox 462 2166 503 2201; x_wconf 90' lang='lat' dir='ltr'>et</span> <span class='ocrx_word' id='word_1_283' title='bbox 528 2164 792 2211; x_wconf 78' lang='lat' dir='ltr'>Commodus,</span> <span class='ocrx_word' id='word_1_284' title='bbox 814 2165 984 2212; x_wconf 88' lang='lat' dir='ltr'>vterque</span> <span class='ocrx_word' id='word_1_285' title='bbox 1012 2163 1362 2213; x_wconf 86' lang='lat' dir='ltr'>sceleratissimus,</span> <span class='ocrx_word' id='word_1_286' title='bbox 1393 2165 1459 2203; x_wconf 89' lang='lat' dir='ltr'>dei</span> <span class='ocrx_word' id='word_1_287' title='bbox 1484 2166 1730 2205; x_wconf 88' lang='lat' dir='ltr'>vocabulum</span> 
     </span>
     <span class='ocr_line' id='line_1_32' title="bbox 137 2227 1785 2278; baseline 0.001 -9"><span class='ocrx_word' id='word_1_288' title='bbox 137 2230 226 2270; x_wconf 91' lang='lat' dir='ltr'>viui</span> <span class='ocrx_word' id='word_1_289' title='bbox 241 2229 367 2268; x_wconf 87' lang='lat' dir='ltr'>etiam</span> <span class='ocrx_word' id='word_1_290' title='bbox 381 2230 645 2278; x_wconf 85' lang='lat' dir='ltr'>vsurparunt,</span> <span class='ocrx_word' id='word_1_291' title='bbox 663 2227 755 2278; x_wconf 89' lang='lat' dir='ltr'>quis</span> <span class='ocrx_word' id='word_1_292' title='bbox 769 2241 854 2266; x_wconf 93' lang='lat' dir='ltr'>non</span> <span class='ocrx_word' id='word_1_293' title='bbox 866 2228 980 2266; x_wconf 89' lang='lat' dir='ltr'>videt</span> <span class='ocrx_word' id='word_1_294' title='bbox 995 2228 1296 2267; x_wconf 88' lang='lat' dir='ltr'>manifestariae</span> <span class='ocrx_word' id='word_1_295' title='bbox 1315 2230 1529 2268; x_wconf 87' lang='lat' dir='ltr'>cuiusdam</span> <span class='ocrx_word' id='word_1_296' title='bbox 1548 2231 1729 2270; x_wconf 88' lang='lat' dir='ltr'>insaniae</span> <span class='ocrx_word' id='word_1_297' title='bbox 1746 2243 1785 2282; x_wconf 73' lang='lat'>85</span> 
     </span>
     <span class='ocr_line' id='line_1_33' title="bbox 137 2293 1730 2344; baseline 0 -10"><span class='ocrx_word' id='word_1_298' title='bbox 137 2295 265 2334; x_wconf 89' lang='lat' dir='ltr'>fuisse</span> <span class='ocrx_word' id='word_1_299' title='bbox 292 2294 430 2332; x_wconf 88' lang='lat' dir='ltr'>verius</span> <span class='ocrx_word' id='word_1_300' title='bbox 456 2306 582 2344; x_wconf 88' lang='lat' dir='ltr'>quam</span> <span class='ocrx_word' id='word_1_301' title='bbox 610 2293 925 2342; x_wconf 80' lang='lat' dir='ltr'>impudentiae?</span> <span class='ocrx_word' id='word_1_302' title='bbox 994 2293 1123 2331; x_wconf 87' lang='lat' dir='ltr'>Porro</span> <span class='ocrx_word' id='word_1_303' title='bbox 1149 2293 1299 2343; x_wconf 86' lang='lat' dir='ltr'>quibus</span> <span class='ocrx_word' id='word_1_304' title='bbox 1328 2294 1378 2332; x_wconf 91' lang='lat' dir='ltr'>de</span> <span class='ocrx_word' id='word_1_305' title='bbox 1407 2295 1538 2333; x_wconf 84' lang='lat' dir='ltr'>causis</span> <span class='ocrx_word' id='word_1_306' title='bbox 1566 2295 1642 2333; x_wconf 89' lang='lat' dir='ltr'>hoc</span> <span class='ocrx_word' id='word_1_307' title='bbox 1671 2309 1730 2334; x_wconf 86' lang='lat' dir='ltr'>ac-</span> 
     </span>
     <span class='ocr_line' id='line_1_34' title="bbox 137 2357 1729 2408; baseline 0 -9"><span class='ocrx_word' id='word_1_308' title='bbox 137 2361 282 2399; x_wconf 89' lang='lat' dir='ltr'>ciderit</span> <span class='ocrx_word' id='word_1_309' title='bbox 314 2362 362 2397; x_wconf 87' lang='lat' dir='ltr'>vt</span> <span class='ocrx_word' id='word_1_310' title='bbox 394 2360 510 2396; x_wconf 83' lang='lat' dir='ltr'>tanta</span> <span class='ocrx_word' id='word_1_311' title='bbox 540 2358 663 2396; x_wconf 88' lang='lat' dir='ltr'>fuerit</span> <span class='ocrx_word' id='word_1_312' title='bbox 697 2357 899 2396; x_wconf 90' lang='lat' dir='ltr'>bonorum</span> <span class='ocrx_word' id='word_1_313' title='bbox 938 2358 1173 2407; x_wconf 87' lang='lat' dir='ltr'>principum</span> <span class='ocrx_word' id='word_1_314' title='bbox 1211 2359 1369 2408; x_wconf 85' lang='lat' dir='ltr'>raritas,</span> <span class='ocrx_word' id='word_1_315' title='bbox 1405 2360 1590 2398; x_wconf 89' lang='lat' dir='ltr'>nondum</span> <span class='ocrx_word' id='word_1_316' title='bbox 1622 2360 1729 2399; x_wconf 92' lang='lat' dir='ltr'>mihi</span> 
     </span>
    </p>
   </div>
   <div class='ocr_carea' id='block_1_3' title="bbox 137 2441 1727 2743">
    <p class='ocr_par' dir='ltr' id='par_1_3' title="bbox 137 2441 1727 2743">
     <span class='ocr_line' id='line_1_35' title="bbox 181 2441 1727 2482; baseline 0.001 -8"><span class='ocrx_word' id='word_1_317' title='bbox 181 2444 234 2482; x_wconf 88' lang='lat'>56.</span> <span class='ocrx_word' id='word_1_318' title='bbox 261 2451 369 2481; x_wconf 87' lang='lat' dir='ltr'>quem</span> <span class='ocrx_word' id='word_1_319' title='bbox 386 2444 460 2473; x_wconf 76' lang='lat' dir='ltr'>add.</span> <span class='ocrx_word' id='word_1_320' title='bbox 479 2441 523 2472; x_wconf 56' lang='grc' dir='ltr'>αἳ.</span> <span class='ocrx_word' id='word_1_321' title='bbox 687 2442 738 2480; x_wconf 87' lang='lat'>58.</span> <span class='ocrx_word' id='word_1_322' title='bbox 767 2441 872 2471; x_wconf 85' lang='lat' dir='ltr'>nobis</span> <span class='ocrx_word' id='word_1_323' title='bbox 890 2465 898 2472; x_wconf 91' lang='lat'><strong>.</strong></span> <span class='ocrx_word' id='word_1_324' title='bbox 916 2464 924 2472; x_wconf 92' lang='lat'><strong>.</strong></span> <span class='ocrx_word' id='word_1_325' title='bbox 944 2465 952 2472; x_wconf 91' lang='lat'>.</span> <span class='ocrx_word' id='word_1_326' title='bbox 971 2451 1023 2480; x_wconf 89' lang='lat'>59.</span> <span class='ocrx_word' id='word_1_327' title='bbox 1041 2441 1183 2481; x_wconf 82' lang='lat' dir='ltr'>gerebat</span> <span class='ocrx_word' id='word_1_328' title='bbox 1199 2444 1271 2473; x_wconf 80' lang='lat' dir='ltr'>add.</span> <span class='ocrx_word' id='word_1_329' title='bbox 1291 2441 1336 2472; x_wconf 56' lang='grc' dir='ltr'>αἳ.</span> <span class='ocrx_word' id='word_1_330' title='bbox 1490 2444 1544 2474; x_wconf 92' lang='lat'>60.</span> <span class='ocrx_word' id='word_1_331' title='bbox 1567 2442 1622 2475; x_wconf 72' lang='lat'>11²:</span> <span class='ocrx_word' id='word_1_332' title='bbox 1644 2445 1727 2474; x_wconf 90' lang='lat' dir='ltr'>sub—</span> 
     </span>
     <span class='ocr_line' id='line_1_36' title="bbox 138 2483 1726 2517; baseline 0 0"><span class='ocrx_word' id='word_1_333' title='bbox 138 2487 347 2517; x_wconf 86' lang='lat' dir='ltr'>leuebamur</span> <span class='ocrx_word' id='word_1_334' title='bbox 362 2484 406 2516; x_wconf 75' lang='lat' dir='ltr'>al.</span> <span class='ocrx_word' id='word_1_335' title='bbox 524 2485 576 2515; x_wconf 89' lang='lat'>61.</span> <span class='ocrx_word' id='word_1_336' title='bbox 602 2495 622 2514; x_wconf 86' lang='grc' dir='ltr'>α</span> <span class='ocrx_word' id='word_1_337' title='bbox 633 2484 681 2514; x_wconf 81' lang='grc' dir='ltr'>Ν2</span> <span class='ocrx_word' id='word_1_338' title='bbox 694 2494 700 2513; x_wconf 89' lang='lat'>:</span> <span class='ocrx_word' id='word_1_339' title='bbox 725 2486 823 2515; x_wconf 83' lang='lat' dir='ltr'>certo</span> <span class='ocrx_word' id='word_1_340' title='bbox 838 2483 890 2514; x_wconf 78' lang='grc' dir='ltr'>Νι</span> <span class='ocrx_word' id='word_1_341' title='bbox 901 2486 998 2515; x_wconf 77' lang='lat' dir='ltr'>Lcmd.</span> <span class='ocrx_word' id='word_1_342' title='bbox 1124 2485 1175 2515; x_wconf 87' lang='lat'>62.</span> <span class='ocrx_word' id='word_1_343' title='bbox 1200 2486 1312 2515; x_wconf 83' lang='lat' dir='ltr'>vestri</span> <span class='ocrx_word' id='word_1_344' title='bbox 1327 2485 1360 2514; x_wconf 75' lang='grc' dir='ltr'>α2</span> <span class='ocrx_word' id='word_1_345' title='bbox 1376 2497 1382 2515; x_wconf 91' lang='lat'>:</span> <span class='ocrx_word' id='word_1_346' title='bbox 1405 2487 1460 2516; x_wconf 86' lang='lat' dir='ltr'>tui</span> <span class='ocrx_word' id='word_1_347' title='bbox 1475 2487 1517 2517; x_wconf 83' lang='lat' dir='ltr'>a¹.</span> <span class='ocrx_word' id='word_1_348' title='bbox 1607 2488 1726 2517; x_wconf 84' lang='lat' dir='ltr'>visum</span> 
     </span>
     <span class='ocr_line' id='line_1_37' title="bbox 139 2526 1723 2569; baseline 0.001 -9"><span class='ocrx_word' id='word_1_349' title='bbox 139 2532 192 2561; x_wconf 76' lang='lat' dir='ltr'>est</span> <span class='ocrx_word' id='word_1_350' title='bbox 208 2541 229 2559; x_wconf 85' lang='grc' dir='ltr'><strong><em>α</em></strong></span> <span class='ocrx_word' id='word_1_351' title='bbox 244 2540 251 2559; x_wconf 90' lang='lat'>:</span> <span class='ocrx_word' id='word_1_352' title='bbox 275 2528 398 2559; x_wconf 82' lang='lat' dir='ltr'>studui</span> <span class='ocrx_word' id='word_1_353' title='bbox 414 2539 449 2567; x_wconf 82' lang='grc' dir='ltr'>γ.</span> <span class='ocrx_word' id='word_1_354' title='bbox 561 2529 680 2558; x_wconf 83' lang='lat' dir='ltr'>vestro</span> <span class='ocrx_word' id='word_1_355' title='bbox 695 2527 729 2557; x_wconf 51' lang='grc' dir='ltr'>αἳ</span> <span class='ocrx_word' id='word_1_356' title='bbox 743 2538 750 2557; x_wconf 77' lang='lat'>2</span> <span class='ocrx_word' id='word_1_357' title='bbox 774 2529 835 2558; x_wconf 80' lang='lat' dir='ltr'>tuo</span> <span class='ocrx_word' id='word_1_358' title='bbox 850 2526 893 2558; x_wconf 75' lang='lat' dir='ltr'>al.</span> <span class='ocrx_word' id='word_1_359' title='bbox 1041 2529 1094 2566; x_wconf 89' lang='lat'>63.</span> <span class='ocrx_word' id='word_1_360' title='bbox 1117 2528 1189 2559; x_wconf 88' lang='lat' dir='ltr'>mei</span> <span class='ocrx_word' id='word_1_361' title='bbox 1206 2530 1280 2559; x_wconf 87' lang='lat' dir='ltr'>add.</span> <span class='ocrx_word' id='word_1_362' title='bbox 1294 2530 1393 2569; x_wconf 73' lang='lat' dir='ltr'>7N²z</span> <span class='ocrx_word' id='word_1_363' title='bbox 1418 2530 1457 2560; x_wconf 89' lang='lat' dir='ltr'>in</span> <span class='ocrx_word' id='word_1_364' title='bbox 1473 2530 1545 2560; x_wconf 89' lang='lat' dir='ltr'>mei</span> <span class='ocrx_word' id='word_1_365' title='bbox 1561 2529 1611 2560; x_wconf 83' lang='lat' dir='ltr'>N1</span> <span class='ocrx_word' id='word_1_366' title='bbox 1625 2532 1723 2562; x_wconf 77' lang='lat' dir='ltr'><strong><em>Lond.</em></strong></span> 
     </span>
     <span class='ocr_line' id='line_1_38' title="bbox 137 2570 1726 2614; baseline 0.001 -11"><span class='ocrx_word' id='word_1_367' title='bbox 137 2575 190 2611; x_wconf 89' lang='lat'>64.</span> <span class='ocrx_word' id='word_1_368' title='bbox 216 2574 406 2613; x_wconf 78' lang='lat' dir='ltr'>prouocato</span> <span class='ocrx_word' id='word_1_369' title='bbox 421 2572 444 2605; x_wconf 85' lang='grc' dir='ltr'>β</span> <span class='ocrx_word' id='word_1_370' title='bbox 460 2582 468 2601; x_wconf 88' lang='lat'>:</span> <span class='ocrx_word' id='word_1_371' title='bbox 490 2572 700 2611; x_wconf 83' lang='lat' dir='ltr'>prouocatus</span> <span class='ocrx_word' id='word_1_372' title='bbox 716 2576 780 2610; x_wconf 82' lang='grc' dir='ltr'>αγ.·</span> <span class='ocrx_word' id='word_1_373' title='bbox 902 2572 956 2610; x_wconf 88' lang='lat'>65.</span> <span class='ocrx_word' id='word_1_374' title='bbox 981 2571 1039 2602; x_wconf 87' lang='lat' dir='ltr'>his</span> <span class='ocrx_word' id='word_1_375' title='bbox 1053 2582 1098 2611; x_wconf 81' lang='grc' dir='ltr'>αγ</span> <span class='ocrx_word' id='word_1_376' title='bbox 1112 2584 1119 2602; x_wconf 91' lang='lat'>:</span> <span class='ocrx_word' id='word_1_377' title='bbox 1145 2572 1190 2602; x_wconf 90' lang='lat' dir='ltr'>iis</span> <span class='ocrx_word' id='word_1_378' title='bbox 1204 2570 1254 2605; x_wconf 71' lang='lat'>132.</span> <span class='ocrx_word' id='word_1_379' title='bbox 1386 2573 1439 2603; x_wconf 91' lang='lat'>66.</span> <span class='ocrx_word' id='word_1_380' title='bbox 1464 2575 1642 2604; x_wconf 81' lang='lat' dir='ltr'>mutatum</span> <span class='ocrx_word' id='word_1_381' title='bbox 1658 2585 1702 2614; x_wconf 81' lang='grc' dir='ltr'>αγ</span> <span class='ocrx_word' id='word_1_382' title='bbox 1720 2586 1726 2604; x_wconf 91' lang='grc'>;</span> 
     </span>
     <span class='ocr_line' id='line_1_39' title="bbox 137 2612 1724 2655; baseline 0.001 -11"><span class='ocrx_word' id='word_1_383' title='bbox 137 2627 194 2647; x_wconf 68' lang='lat' dir='ltr'>nm.</span> <span class='ocrx_word' id='word_1_384' title='bbox 214 2615 251 2650; x_wconf 68' lang='grc' dir='ltr'>Β2</span> <span class='ocrx_word' id='word_1_385' title='bbox 268 2619 302 2646; x_wconf 80' lang='lat' dir='ltr'>in</span> <span class='ocrx_word' id='word_1_386' title='bbox 310 2618 376 2652; x_wconf 76' lang='lat' dir='ltr'>fine</span> <span class='ocrx_word' id='word_1_387' title='bbox 391 2617 498 2645; x_wconf 68' lang='lat' dir='ltr'>lineae.</span> <span class='ocrx_word' id='word_1_388' title='bbox 662 2615 716 2653; x_wconf 88' lang='lat'>69.</span> <span class='ocrx_word' id='word_1_389' title='bbox 741 2613 837 2644; x_wconf 83' lang='lat' dir='ltr'>velut</span> <span class='ocrx_word' id='word_1_390' title='bbox 853 2617 928 2645; x_wconf 82' lang='lat' dir='ltr'>add.</span> <span class='ocrx_word' id='word_1_391' title='bbox 943 2625 975 2653; x_wconf 81' lang='grc' dir='ltr'>γ.</span> <span class='ocrx_word' id='word_1_392' title='bbox 1097 2612 1152 2645; x_wconf 67' lang='lat'>12²:</span> <span class='ocrx_word' id='word_1_393' title='bbox 1178 2615 1278 2646; x_wconf 87' lang='lat' dir='ltr'>cuius</span> <span class='ocrx_word' id='word_1_394' title='bbox 1294 2616 1395 2655; x_wconf 89' lang='lat' dir='ltr'>pium</span> <span class='ocrx_word' id='word_1_395' title='bbox 1410 2615 1454 2647; x_wconf 83' lang='lat' dir='ltr'>a¹.</span> <span class='ocrx_word' id='word_1_396' title='bbox 1609 2626 1660 2654; x_wconf 92' lang='lat'>70.</span> <span class='ocrx_word' id='word_1_397' title='bbox 1685 2627 1724 2648; x_wconf 83' lang='lat' dir='ltr'>ae</span> 
     </span>
     <span class='ocr_line' id='line_1_40' title="bbox 138 2657 1722 2701; baseline 0.003 -14"><span class='ocrx_word' id='word_1_398' title='bbox 138 2670 195 2690; x_wconf 56' lang='lat' dir='ltr'>am.</span> <span class='ocrx_word' id='word_1_399' title='bbox 213 2671 246 2699; x_wconf 80' lang='grc' dir='ltr'>-γ,</span> <span class='ocrx_word' id='word_1_400' title='bbox 382 2659 432 2697; x_wconf 92' lang='lat'>76.</span> <span class='ocrx_word' id='word_1_401' title='bbox 458 2658 592 2688; x_wconf 86' lang='lat' dir='ltr'>bestiae</span> <span class='ocrx_word' id='word_1_402' title='bbox 608 2669 646 2689; x_wconf 82' lang='lat' dir='ltr'>a:</span> <span class='ocrx_word' id='word_1_403' title='bbox 673 2657 797 2687; x_wconf 87' lang='lat' dir='ltr'>beluae</span> <span class='ocrx_word' id='word_1_404' title='bbox 813 2669 846 2696; x_wconf 73' lang='grc' dir='ltr'>γ.</span> <span class='ocrx_word' id='word_1_405' title='bbox 949 2658 982 2687; x_wconf 74' lang='grc' dir='ltr'>α’-’</span> <span class='ocrx_word' id='word_1_406' title='bbox 997 2668 1004 2687; x_wconf 92' lang='lat'>:</span> <span class='ocrx_word' id='word_1_407' title='bbox 1026 2658 1158 2688; x_wconf 88' lang='lat' dir='ltr'>seruiet</span> <span class='ocrx_word' id='word_1_408' title='bbox 1174 2657 1219 2688; x_wconf 55' lang='grc' dir='ltr'>αἱ.</span> <span class='ocrx_word' id='word_1_409' title='bbox 1353 2658 1404 2690; x_wconf 88' lang='lat'>81.</span> <span class='ocrx_word' id='word_1_410' title='bbox 1431 2660 1582 2690; x_wconf 83' lang='lat' dir='ltr'>eximiae</span> <span class='ocrx_word' id='word_1_411' title='bbox 1597 2663 1673 2691; x_wconf 79' lang='lat' dir='ltr'>add.</span> <span class='ocrx_word' id='word_1_412' title='bbox 1688 2672 1722 2701; x_wconf 82' lang='grc' dir='ltr'>γ.</span> 
     </span>
     <span class='ocr_line' id='line_1_41' title="bbox 137 2700 1724 2743; baseline -0.001 -10"><span class='ocrx_word' id='word_1_413' title='bbox 137 2714 202 2743; x_wconf 72' lang='grc' dir='ltr'>α-γε</span> <span class='ocrx_word' id='word_1_414' title='bbox 226 2702 371 2742; x_wconf 82' lang='lat' dir='ltr'>posthac</span> <span class='ocrx_word' id='word_1_415' title='bbox 387 2701 435 2734; x_wconf 78' lang='lat'>13².</span> <span class='ocrx_word' id='word_1_416' title='bbox 577 2701 628 2739; x_wconf 87' lang='lat'>84.</span> <span class='ocrx_word' id='word_1_417' title='bbox 657 2700 885 2731; x_wconf 79' lang='lat' dir='ltr'>Domitianus</span> <span class='ocrx_word' id='word_1_418' title='bbox 901 2703 963 2731; x_wconf 86' lang='lat' dir='ltr'>LB.</span> <span class='ocrx_word' id='word_1_419' title='bbox 1052 2701 1096 2734; x_wconf 80' lang='lat' dir='ltr'>B:</span> <span class='ocrx_word' id='word_1_420' title='bbox 1121 2700 1349 2731; x_wconf 87' lang='lat' dir='ltr'>Commodius</span> <span class='ocrx_word' id='word_1_421' title='bbox 1365 2713 1393 2731; x_wconf 83' lang='lat' dir='ltr'>a.</span> <span class='ocrx_word' id='word_1_422' title='bbox 1529 2703 1582 2741; x_wconf 83' lang='lat'>87.</span> <span class='ocrx_word' id='word_1_423' title='bbox 1608 2706 1647 2734; x_wconf 82' lang='lat' dir='ltr'>vt</span> <span class='ocrx_word' id='word_1_424' title='bbox 1664 2727 1671 2734; x_wconf 82' lang='lat'>,</span> <span class='ocrx_word' id='word_1_425' title='bbox 1692 2728 1698 2734; x_wconf 85' lang='grc'>,</span> <span class='ocrx_word' id='word_1_426' title='bbox 1718 2727 1724 2733; x_wconf 90' lang='grc'><em>.</em></span> 
     </span>
    </p>
   </div>
   <div class='ocr_carea' id='block_1_4' title="bbox 138 2747 1724 3057">
    <p class='ocr_par' dir='ltr' id='par_1_4' title="bbox 141 2747 409 2782">
     <span class='ocr_line' id='line_1_42' title="bbox 141 2747 409 2782; baseline 0 -6"><span class='ocrx_word' id='word_1_427' title='bbox 141 2747 267 2777; x_wconf 80' lang='lat' dir='ltr'>raritas</span> <span class='ocrx_word' id='word_1_428' title='bbox 283 2748 356 2775; x_wconf 79' lang='lat' dir='ltr'>add.</span> <span class='ocrx_word' id='word_1_429' title='bbox 376 2756 409 2782; x_wconf 81' lang='lat'>7.</span> 
     </span>
    </p>

    <p class='ocr_par' dir='ltr' id='par_1_5' title="bbox 138 2841 1724 3057">
     <span class='ocr_line' id='line_1_43' title="bbox 181 2841 1723 2885; baseline 0.001 -10"><span class='ocrx_word' id='word_1_430' title='bbox 181 2843 381 2884; x_wconf 78' lang='lat' dir='ltr'>56.codice]</span> <span class='ocrx_word' id='word_1_431' title='bbox 394 2844 429 2873; x_wconf 85' lang='lat' dir='ltr'>It</span> <span class='ocrx_word' id='word_1_432' title='bbox 439 2852 586 2882; x_wconf 82' lang='lat' dir='ltr'>appears</span> <span class='ocrx_word' id='word_1_433' title='bbox 595 2841 898 2872; x_wconf 80' lang='lat' dir='ltr'>fromGlareauus’</span> <span class='ocrx_word' id='word_1_434' title='bbox 957 2842 1066 2873; x_wconf 84' lang='lat' dir='ltr'>death</span> <span class='ocrx_word' id='word_1_435' title='bbox 1090 2843 1126 2872; x_wconf 85' lang='lat' dir='ltr'>to</span> <span class='ocrx_word' id='word_1_436' title='bbox 1149 2841 1357 2873; x_wconf 85' lang='lat' dir='ltr'>Glareanus.</span> <span class='ocrx_word' id='word_1_437' title='bbox 1417 2843 1454 2874; x_wconf 86' lang='lat' dir='ltr'>C.</span> <span class='ocrx_word' id='word_1_438' title='bbox 1477 2843 1514 2875; x_wconf 86' lang='lat' dir='ltr'>L.</span> <span class='ocrx_word' id='word_1_439' title='bbox 1540 2844 1644 2885; x_wconf 81' lang='lat' dir='ltr'>Roth,</span> <span class='ocrx_word' id='word_1_440' title='bbox 1670 2846 1723 2877; x_wconf 88' lang='lat' dir='ltr'>ed.</span> 
     </span>
     <span class='ocr_line' id='line_1_44' title="bbox 138 2884 1724 2929; baseline 0.001 -10"><span class='ocrx_word' id='word_1_441' title='bbox 138 2889 276 2929; x_wconf 83' lang='lat' dir='ltr'>preface</span> <span class='ocrx_word' id='word_1_442' title='bbox 306 2889 343 2917; x_wconf 84' lang='lat' dir='ltr'>to</span> <span class='ocrx_word' id='word_1_443' title='bbox 373 2887 430 2916; x_wconf 79' lang='lat' dir='ltr'>his</span> <span class='ocrx_word' id='word_1_444' title='bbox 460 2886 598 2916; x_wconf 82' lang='lat' dir='ltr'>edition</span> <span class='ocrx_word' id='word_1_445' title='bbox 629 2885 666 2915; x_wconf 83' lang='lat' dir='ltr'>of</span> <span class='ocrx_word' id='word_1_446' title='bbox 694 2884 896 2924; x_wconf 86' lang='lat' dir='ltr'>Suetonius,</span> <span class='ocrx_word' id='word_1_447' title='bbox 960 2886 1054 2925; x_wconf 88' lang='lat'>1893,</span> <span class='ocrx_word' id='word_1_448' title='bbox 1072 2895 1105 2925; x_wconf 90' lang='lat' dir='ltr'>p.</span> <span class='ocrx_word' id='word_1_449' title='bbox 1124 2895 1207 2922; x_wconf 84' lang='lat' dir='ltr'>xxv,</span> <span class='ocrx_word' id='word_1_450' title='bbox 1227 2886 1336 2916; x_wconf 82' lang='lat' dir='ltr'>states</span> <span class='ocrx_word' id='word_1_451' title='bbox 1360 2886 1440 2917; x_wconf 84' lang='lat' dir='ltr'>that</span> <span class='ocrx_word' id='word_1_452' title='bbox 1463 2887 1492 2918; x_wconf 80' lang='lat' dir='ltr'>it</span> <span class='ocrx_word' id='word_1_453' title='bbox 1516 2888 1724 2921; x_wconf 83' lang='lat' dir='ltr'>afterwards</span> 
     </span>
     <span class='ocr_line' id='line_1_45' title="bbox 139 2928 1388 2971; baseline -0.002 -9"><span class='ocrx_word' id='word_1_454' title='bbox 139 2932 253 2971; x_wconf 87' lang='lat' dir='ltr'>Basle,</span> <span class='ocrx_word' id='word_1_455' title='bbox 284 2931 331 2962; x_wconf 86' lang='lat' dir='ltr'>H.</span> <span class='ocrx_word' id='word_1_456' title='bbox 361 2929 466 2968; x_wconf 85' lang='lat' dir='ltr'>Petri,</span> <span class='ocrx_word' id='word_1_457' title='bbox 500 2930 592 2967; x_wconf 87' lang='lat'>1560,</span> <span class='ocrx_word' id='word_1_458' title='bbox 621 2928 702 2959; x_wconf 84' lang='lat' dir='ltr'>that</span> <span class='ocrx_word' id='word_1_459' title='bbox 730 2929 793 2958; x_wconf 88' lang='lat' dir='ltr'>the</span> <span class='ocrx_word' id='word_1_460' title='bbox 826 2928 897 2959; x_wconf 83' lang='lat' dir='ltr'>MS.</span> <span class='ocrx_word' id='word_1_461' title='bbox 958 2929 1128 2959; x_wconf 82' lang='lat' dir='ltr'>returned</span> <span class='ocrx_word' id='word_1_462' title='bbox 1152 2931 1189 2959; x_wconf 82' lang='lat' dir='ltr'>to</span> <span class='ocrx_word' id='word_1_463' title='bbox 1212 2928 1388 2968; x_wconf 85' lang='lat' dir='ltr'>Tournay.</span> 
     </span>
     <span class='ocr_line' id='line_1_46' title="bbox 138 2971 1628 3015; baseline 0.001 -10"><span class='ocrx_word' id='word_1_464' title='bbox 138 2974 265 3015; x_wconf 76' lang='lat' dir='ltr'>passed</span> <span class='ocrx_word' id='word_1_465' title='bbox 288 2974 367 3004; x_wconf 86' lang='lat' dir='ltr'>into</span> <span class='ocrx_word' id='word_1_466' title='bbox 391 2971 566 3003; x_wconf 85' lang='lat' dir='ltr'>Erasmus&#39;</span> <span class='ocrx_word' id='word_1_467' title='bbox 589 2972 799 3011; x_wconf 87' lang='lat' dir='ltr'>possession,</span> <span class='ocrx_word' id='word_1_468' title='bbox 828 2971 899 3002; x_wconf 85' lang='lat' dir='ltr'>and</span> <span class='ocrx_word' id='word_1_469' title='bbox 999 2981 1052 3011; x_wconf 87' lang='lat'>59.</span> <span class='ocrx_word' id='word_1_470' title='bbox 1077 2972 1292 3012; x_wconf 88' lang='lat' dir='ltr'>Montioius]</span> <span class='ocrx_word' id='word_1_471' title='bbox 1316 2972 1366 3004; x_wconf 90' lang='lat' dir='ltr'>Cf.</span> <span class='ocrx_word' id='word_1_472' title='bbox 1383 2973 1446 3013; x_wconf 89' lang='lat' dir='ltr'>Ep.</span> <span class='ocrx_word' id='word_1_473' title='bbox 1465 2984 1539 3013; x_wconf 84' lang='lat'><strong>332.</strong></span> <span class='ocrx_word' id='word_1_474' title='bbox 1558 2984 1578 3014; x_wconf 86' lang='lat'><strong>3</strong></span> <span class='ocrx_word' id='word_1_475' title='bbox 1593 2985 1628 3006; x_wconf 90' lang='lat' dir='ltr'>n.</span> 
     </span>
     <span class='ocr_line' id='line_1_47' title="bbox 139 3014 1487 3057; baseline -0.001 -8"><span class='ocrx_word' id='word_1_476' title='bbox 139 3028 210 3049; x_wconf 87' lang='lat' dir='ltr'>was</span> <span class='ocrx_word' id='word_1_477' title='bbox 236 3017 342 3057; x_wconf 84' lang='lat' dir='ltr'>given</span> <span class='ocrx_word' id='word_1_478' title='bbox 369 3016 415 3056; x_wconf 87' lang='lat' dir='ltr'>by</span> <span class='ocrx_word' id='word_1_479' title='bbox 438 3016 516 3047; x_wconf 88' lang='lat' dir='ltr'>him</span> <span class='ocrx_word' id='word_1_480' title='bbox 541 3015 682 3054; x_wconf 79' lang='lat' dir='ltr'>shortly</span> <span class='ocrx_word' id='word_1_481' title='bbox 705 3014 819 3046; x_wconf 79' lang='lat' dir='ltr'>before</span> <span class='ocrx_word' id='word_1_482' title='bbox 843 3015 900 3045; x_wconf 90' lang='lat' dir='ltr'>his</span> <span class='ocrx_word' id='word_1_483' title='bbox 1001 3025 1054 3055; x_wconf 88' lang='lat'>77.</span> <span class='ocrx_word' id='word_1_484' title='bbox 1074 3015 1367 3056; x_wconf 80' lang='lat' dir='ltr'>Aristophanem]</span> <span class='ocrx_word' id='word_1_485' title='bbox 1392 3019 1438 3048; x_wconf 89' lang='lat' dir='ltr'>Pl.</span> <span class='ocrx_word' id='word_1_486' title='bbox 1461 3027 1487 3048; x_wconf 90' lang='lat'>1.</span> 
     </span>
    </p>
   </div>
  </div>
 </body>
</html>
