2010 3417
252 168 333 206 596
721 164 971 205 LETTERs
1011 164 1081 202 oF
1118 163 1384 204 ERAsMUs
1728 164 1850 219 [1517

253 276 493 326 rationeque
521 274 665 324 procul
694 272 933 325 aber<r>ant.
993 273 1087 311 Non
1113 286 1188 323 ego
1209 274 1346 312 Gnato
1368 286 1443 312 nec
1468 275 1515 312 tu
1535 273 1704 323 Thraso,
1726 277 1850 326 atque

253 355 327 391 ego
347 341 609 379 Iustinianus
629 339 701 390 qui
727 339 911 378 nesciam
935 338 1088 386 fallere,
1111 340 1154 377 et
1181 340 1228 377 tu
1252 339 1453 378 Erasmus
1481 338 1541 378 ita
1566 339 1758 379 amabilis
1778 342 1849 391 qui

195 419 234 451 70
250 419 274 445 a
293 419 360 443 me
378 406 546 444 amante
565 418 650 444 non
669 404 841 452 falleris,
866 417 940 442 nec
961 405 1008 442 tu
1029 403 1250 443 iudicando
1276 404 1489 454 deciperis,
1551 404 1623 443 Illi
1641 404 1849 455 siquidem

251 484 424 510 aureum
444 470 652 510 clarorum
670 471 858 509 virorum
885 469 1036 519 quibus
1057 471 1323 508 assentantur
1340 469 1454 508 vitae
1480 469 1683 520 fulgorem
1709 470 1850 510 obscu-

250 537 344 576 rant
363 536 501 575 verius
520 549 645 586 quam
665 536 826 574 ornant.

304 601 367 640 De
394 601 471 640 hoc
502 601 713 640 hactenus.
776 601 1023 650 Pergratum
1052 599 1159 638 mihi
1188 599 1324 647 fuerit,
1347 601 1383 638 si
1412 600 1664 650 Episcopum
1683 601 1848 640 Theati-

250 679 361 713 num,
384 667 524 705 virum
547 669 640 705 tum
666 666 854 705 doctrina
880 665 1090 715 insignem
1116 667 1210 704 tum
1236 665 1424 705 moribus
1449 665 1719 715 praeclarum,
1741 666 1850 706 forte

192 745 228 778 75
248 732 504 781 conueneris,
526 731 598 783 (si)
617 731 783 771 saluum
804 744 892 770 esse
912 731 1066 770 dixeris
1086 731 1192 769 meis
1210 731 1359 771 verbis.
1409 730 1506 769 Tibi
1524 731 1631 770 forte
1650 732 1848 782 rependet

248 797 426 837 officium
459 798 530 848 qui
560 811 628 836 me
657 811 742 836 non
771 797 915 845 audit;
955 796 1071 835 cuius
1094 795 1280 846 plurium
1310 798 1550 835 nostrarum
1575 796 1845 847 epistolarum

247 861 551 914 desyderat<u1·)
589 875 846 913 responsum,
883 861 1002 913 quasi
1040 864 1182 901 noster
1219 862 1264 900 in
1299 875 1396 901 eum
1428 875 1545 900 amor
1577 862 1848 913 studiumque

247 928 504 967 sordescant:
535 929 644 980 quod
659 929 730 967 vix
749 929 795 967 in
814 930 903 968 tam
923 928 1016 966 miti
1040 927 1209 977 ingenio
1230 927 1483 978 deprehendi
1502 941 1620 977 posse
1639 928 1842 967 videatur.

246 993 304 1031 At
338 1007 538 1043 quorsum
570 996 657 1032 tam
686 994 947 1041 diuturnum,
971 1007 1022 1032 ne
1044 993 1237 1044 pertinax
1269 993 1456 1041 dixerim,
1479 993 1705 1042 silentium,
1729 993 1841 1033 haud

188 1067 229 1097 So
245 1059 367 1108 plane
387 1059 544 1109 liquet:
573 1073 696 1110 quem
723 1060 825 1098 dum
855 1060 921 1098 hic
952 1061 1087 1098 orator
1116 1060 1256 1109 ageret
1283 1072 1368 1097 non
1395 1060 1540 1109 putem
1567 1059 1774 1098 offensum
1798 1059 1844 1098 in

245 1137 313 1162 me
341 1124 572 1175 quicquam.
633 1126 787 1164 Sumus
816 1125 980 1175 quippe,
1010 1126 1054 1163 vt
1084 1124 1207 1172 nosti,
1236 1124 1398 1162 innoxii
1426 1124 1611 1175 ingenii:
1653 1124 1846 1175 cupimus

243 1189 382 1239 potius
413 1191 569 1229 nostris
602 1191 802 1230 obnoxios
834 1204 954 1241 agere
988 1190 1131 1229 officiis
1160 1203 1285 1240 quam
1315 1203 1392 1229 nos
1418 1190 1514 1229 aliis
1539 1190 1657 1229 reddi
1685 1190 1843 1230 noxios.

243 1255 376 1305 Atqui
404 1256 512 1295 forte
540 1256 726 1306 publicae
755 1269 880 1307 quam
909 1255 1016 1307 gerit
1044 1268 1243 1306 personae
1270 1256 1475 1295 rationem
1494 1255 1697 1295 habuerit.
1756 1255 1846 1294 Nos

245 1334 409 1371 quoque
428 1323 594 1360 nostrae
613 1335 834 1372 personam
851 1321 1099 1372 reipublicae
1118 1321 1315 1372 gerimus,
1333 1321 1500 1372 iamque
1521 1321 1592 1360 diu
1612 1322 1818 1372 gessimus
1834 1336 1845 1360 :

183 1394 223 1433 85
243 1398 458 1436 nunquam
495 1390 710 1437 propterea
741 1387 999 1437 abrogandas
1032 1387 1238 1425 amicitiae
1276 1386 1389 1437 leges
1427 1387 1634 1426 duximus.
1689 1388 1845 1427 Vereor

243 1451 437 1501 equidem
471 1465 523 1490 ne
556 1453 835 1491 erinaceorum
869 1465 982 1491 more
1013 1452 1122 1502 quod
1152 1451 1255 1490 mite
1284 1454 1347 1490 est
1376 1465 1422 1491 ac
1445 1454 1712 1491 mansuetum
1740 1452 1842 1491 velit

242 1516 479 1555 aculeorum
505 1517 578 1567 qui
606 1519 689 1556 tuti
715 1517 953 1567 prominent
980 1517 1201 1567 asperitate
1228 1518 1489 1568 praetegere:
1522 1517 1843 1556 candidissimos

242 1582 446 1633 siquidem
483 1595 529 1620 ac
564 1583 892 1621 iucundissimos
932 1596 1068 1621 mores
1107 1582 1387 1631 dissimulans,
1411 1596 1599 1621 seueram
1633 1582 1842 1633 quandam

241 1647 510 1698 magistratus
530 1648 712 1686 frontem
735 1648 843 1699 gerit
869 1648 1205 1697 promissumque
1231 1647 1510 1697 supercilium.
1568 1647 1614 1686 Si
1639 1648 1745 1687 forte
1772 1661 1841 1686 me

182 1729 223 1761 90
240 1714 358 1763 putat
397 1726 538 1752 secum
576 1726 725 1763 parum
759 1712 916 1752 vrbane
948 1713 1092 1763 egisse,
1133 1726 1267 1763 neque
1306 1713 1455 1752 debitis
1492 1727 1588 1752 eum
1636 1713 1737 1752 dum
1773 1713 1843 1752 hic

240 1780 377 1828 ageret
396 1778 570 1817 coluisse
590 1778 745 1827 officiis,
770 1792 893 1829 porro
911 1792 1124 1828 perperam
1149 1791 1312 1817 mecum
1332 1778 1400 1828 agi
1419 1791 1593 1828 queror3
1623 1791 1708 1817 non
1727 1778 1841 1817 enim

240 1843 285 1882 in
305 1857 400 1882 eum
420 1844 503 1882 nisi
519 1845 625 1883 forte
640 1845 886 1895 imprudens
903 1845 1027 1894 (quod
1044 1857 1128 1882 non
1144 1842 1349 1895 suspicor)
1363 1844 1585 1894 quicquam
1600 1844 1839 1883 commerui.

241 1910 298 1948 At
319 1909 354 1948 si
380 1909 479 1960 quid
511 1910 555 1948 in
589 1923 656 1948 me
687 1909 873 1958 offendit,
898 1909 1231 1948 commonendus
1261 1922 1373 1948 eram
1403 1912 1444 1948 et
1464 1922 1549 1948 non
1568 1909 1841 1959 praecidenda

239 1974 431 2023 amicitia,
468 1976 585 2014 iuxta
622 1975 739 2025 illud,
780 1976 939 2014 Panem
973 1989 1023 2013 ne
1060 1974 1267 2024 frangit03
1312 1988 1397 2014 non
1434 1977 1578 2014 tamen
1609 1976 1686 2014 hoc
1715 1974 1839 2014 illum

179 2057 219 2088 95
240 2039 474 2079 existimem
494 2041 653 2080 causari
673 2041 789 2080 nulla
815 2041 986 2080 omnino
1018 2041 1219 2080 subeunte
1239 2054 1360 2080 causa
1380 2041 1581 2091 querelae.
1640 2041 1724 2080 Cur
1741 2053 1841 2080 vero

239 2105 306 2142 hic
327 2106 433 2144 mihi
453 2107 654 2157 squalleat
672 2121 768 2158 ager
787 2107 858 2158 qui
879 2107 974 2146 aliis
993 2109 1080 2146 tam
1096 2106 1241 2155 laetus,
1256 2108 1344 2146 tam
1364 2107 1478 2146 ferax
1492 2108 1658 2158 tamque
1673 2107 1840 2146 foecun-

240 2171 317 2209 dus
352 2172 549 2222 redditur,
572 2187 656 2212 non
679 2187 851 2223 possum
877 2173 1062 2223 profecto
1092 2186 1178 2211 non
1210 2172 1353 2211 mirari
1379 2174 1504 2223 atque
1530 2186 1658 2223 aeque
1685 2172 1834 2211 dolere.

240 2236 368 2275 Cuius
388 2237 423 2276 si
443 2238 550 2277 mihi
571 2241 718 2278 natura
738 2239 818 2278 soli
839 2238 978 2278 notior
997 2240 1114 2286 esset,
1131 2237 1306 2277 colerem
1321 2237 1513 2288 equidem
1531 2237 1773 2288 diligentius
1792 2239 1840 2276 vt

238 2301 485 2351 frugesceret
519 2304 682 2343 felicius
698 2318 708 2352 3
751 2303 948 2354 frugescit
982 2303 1189 2353 siquidem
1223 2303 1414 2351 amicitia,
1437 2303 1473 2342 si
1504 2305 1673 2342 mutuos
1705 2303 1838 2353 pariat

159 2384 220 2406 100
239 2379 473 2417 consensus,
504 2383 623 2419 pares
654 2369 837 2418 affectus,
871 2370 1035 2408 animos
1066 2369 1116 2407 ad
1151 2368 1281 2407 officia
1312 2371 1485 2418 paratos.
1546 2369 1710 2408 Colitur
1736 2381 1836 2407 vero

238 2432 444 2472 scribendi
464 2434 759 2485 vicissitudine,
782 2435 924 2483 libera,
949 2434 984 2472 si
1004 2436 1132 2481 vacet,
1157 2433 1420 2483 colloquendi
1444 2434 1651 2482 facultate,
1675 2433 1837 2472 mutuis

238 2498 429 2547 consiliis,
461 2500 752 2539 communibus
779 2499 953 2547 studiis;
993 2501 1035 2538 et
1069 2499 1105 2537 si
1138 2499 1193 2537 sit
1226 2499 1401 2550 denique
1435 2499 1573 2538 omnis
1603 2499 1653 2538 de
1682 2499 1838 2538 virtute

238 2562 390 2613 absque
429 2564 560 2603 liuore
598 2566 821 2605 contentio.
879 2566 988 2604 Nam
1028 2564 1150 2614 quale
1189 2565 1338 2614 solum,
1366 2565 1462 2604 talis
1499 2564 1734 2604 moliendus
1771 2567 1835 2603 est

239 2628 383 2667 cultus.
428 2630 480 2669 In
501 2631 787 2680 comparandis
806 2631 950 2670 amicis
969 2630 1183 2669 habendus
1202 2632 1265 2668 est
1283 2630 1466 2668 delectus
1482 2644 1491 2678 ;
1520 2630 1661 2669 habito
1681 2629 1836 2668 amicos

162 2707 218 2739 ¹05
239 2694 486 2741 servandos:
520 2696 760 2744 amiciciam,
783 2696 817 2735 si
838 2698 1007 2746 perstat,
1033 2695 1237 2743 alendam,
1260 2695 1482 2734 fouendam
1502 2697 1624 2746 atque
1652 2695 1835 2734 excolen-

281 2800 333 2831 68.
359 2801 527 2831 aberrant
545 2812 617 2832 coo-r.
638 2804 700 2832 LB.
805 2812 855 2840 71.
880 2801 1070 2832 obscurant
1085 2804 1197 2838 scripsi
1209 2814 1214 2832 :
1239 2801 1387 2843 oberant
1404 2804 1472 2833 MS.
1570 2802 1624 2842 85.
1648 2803 1833 2842 propterea

238 2846 348 2879 scripsi
360 2855 366 2874 ς
392 2845 511 2882 pterea
527 2847 594 2875 MS.
729 2846 781 2883 87.
808 2846 1002 2885 asperitate
1018 2847 1072 2875 LB
1089 2856 1095 2875 z
1119 2845 1272 2885 aspirate
1288 2848 1355 2876 MS.

281 2982 334 3020 69.
361 2982 535 3022 nesciam]
554 2982 605 3013 Cf.
623 2983 726 3023 Verg.
747 2986 781 3014 G.
801 2993 831 3014 2.
850 2984 925 3022 467.
1114 2993 1167 3022 94.
1195 2982 1344 3024 Panem]
1365 2983 1440 3014 One
1457 2983 1494 3014 of
1506 2983 1568 3015 the
1584 2983 1831 3024 Pythagorean

284 3034 335 3063 73.
360 3024 592 3066 Theatinum]
618 3027 668 3058 Of.
690 3027 753 3067 Ep.
772 3036 847 3067 590.
871 3037 910 3066 74
925 3037 959 3058 n.
1069 3026 1249 3065 symbols;
1274 3026 1320 3058 cf.
1341 3027 1439 3067 Diog.
1459 3027 1576 3059 Laert.
1595 3028 1626 3059 8.
1648 3037 1675 3058 1.
1694 3036 1747 3067 35.
