2010 3417
189 843 250 873 350

272 197 352 233 570
739 194 988 233 LETTERS
1026 195 1096 233 OF
1133 195 1399 235 ERASMUS
1745 196 1869 250 [1517

271 304 378 343 nihil
409 304 549 342 minus
578 303 780 353 cogitem:
810 304 881 342 sed
912 304 1037 342 velim
1061 306 1110 344 vt
1131 305 1305 344 Erasmo
1333 306 1577 355 persuadeas
1604 319 1671 345 me
1701 307 1752 345 ob
1781 319 1872 344 eam

270 369 548 418 suspicionem
577 382 662 407 non
691 369 914 408 rescribere
941 370 1151 408 volumini
1178 371 1242 409 illi
1269 371 1490 421 epistolari,
1522 385 1604 422 quo
1640 372 1769 411 aciem
1803 371 1874 408 ille

270 434 563 473 inuentionum
581 448 771 473 mearum
790 435 899 474 fudit
921 435 1124 486 fregitque
1145 450 1231 475 non
1249 450 1418 487 prorsus
1437 437 1705 476 inconditam.
1762 436 1874 475 Malo

190 515 207 544 3
235 516 249 545 5
270 500 383 538 enim
403 498 475 537 ille
493 499 705 538 existimet
730 499 949 539 victoriam
976 514 1043 539 me
1068 501 1294 540 indulsisse
1320 514 1364 540 ac
1391 502 1644 541 condonasse
1661 501 1874 541 autoritati

270 578 365 603 suae
398 565 570 614 integris
613 565 745 604 adhuc
776 566 946 614 viribus,
983 580 1107 616 quam
1140 567 1314 606 herbam
1345 569 1437 606 tum
1474 567 1706 618 porrexisse
1741 579 1871 617 quum

269 632 377 670 vltra
396 630 600 669 sustinere
618 631 823 680 impetum
845 631 932 670 eius
959 633 1187 682 nequirem.
1266 633 1422 683 Scripsi
1446 634 1497 672 ad
1523 647 1620 672 eum
1639 633 1809 681 dudum,
1831 635 1872 670 et

270 697 434 744 iterum,
476 698 524 734 vt
562 709 690 746 spero,
732 696 909 735 scribam
926 712 936 745 ;
981 698 1052 736 sed
1090 698 1205 737 aliud
1244 700 1539 749 argumentum
1576 698 1726 749 eligam
1762 697 1871 736 mihi

269 760 537 811 tractabilius,
578 763 617 799 et
656 761 693 800 si
725 762 881 800 occasio
917 775 961 801 se
995 763 1165 812 dederit,
1208 764 1253 802 in
1286 764 1460 803 articulo
1491 777 1588 802 eum
1623 763 1868 814 opprimam.

268 827 387 866 Certe
420 826 497 865 hoc
527 840 611 865 non
641 827 915 873 committam,
951 829 998 867 vt
1031 828 1134 867 alias
1163 842 1288 879 quam
1322 829 1539 868 incautum
1567 831 1607 868 et
1635 829 1792 867 lassum
1819 828 1870 866 ab

269 905 389 942 opere
409 892 515 931 serio
536 893 723 941 adoriar3
752 893 921 932 tametsi
940 907 1072 944 nuper
1095 907 1162 933 me
1182 895 1454 946 ἀναμαχεῖσθαι
1473 896 1540 944 τὴν
1558 895 1739 945 προτέραν
1756 893 1871 943 ἧτταν

269 959 465 1006 φάσκοντα
512 957 638 996 homo
675 971 760 996 non
798 958 1015 1008 imperitus
1053 960 1272 999 admonuit
1308 960 1711 1011 existimationisque
1755 971 1879 997 meae*

270 1023 491 1071 studiosus,
516 1023 582 1062 his
604 1023 741 1062 verbis
760 1024 1015 1074 corripiens:

566 1112 629 1151 Τίς
647 1112 762 1150 πόθεν
783 1113 831 1152 εἷς
851 1112 1000 1162 ἀνδρῶν,
1024 1112 1043 1151 ὃ
1065 1113 1102 1151 εὖ
1123 1114 1233 1163 ἔτλης
1253 1115 1373 1155 ἀντίος
1393 1114 1541 1157 ἐλθεῖν;

209 1217 246 1247 :5
269 1199 455 1250 Cumque
474 1212 549 1249 ego
568 1198 672 1238 illud
692 1213 741 1237 ex
761 1200 970 1239 comoedia
988 1200 1166 1239 ferocule
1187 1202 1504 1251 respondissem,

673 1285 717 1324 ‘O
739 1290 802 1326 νῦν
821 1289 889 1337 μὲν
909 1288 1026 1329 οὐδεὶς
1045 1290 1171 1338 αὔριον
1190 1288 1221 1327 δ’
1240 1290 1459 1342 ὑπέρμεγας,

266 1354 360 1391 tum
378 1352 461 1401 ille,

613 1418 815 1467 Δυστήνων
836 1417 875 1456 δέ
894 1435 932 1456 τε
952 1418 1079 1459 παῖδες
1098 1421 1145 1469 ἑῷ
1162 1420 1263 1469 μένει
1282 1419 1490 1458 ἀντιόωσιν.

321 1504 550 1543 Enimuero
568 1506 749 1554 gratum,
769 1519 844 1555 per
863 1505 1063 1556 (inquam)
1083 1507 1249 1556 gratum
1270 1508 1332 1545 est
1350 1506 1467 1556 mihi,
1490 1506 1597 1556 quod
1612 1505 1875 1555 simplicitati⁸

268 1583 434 1609 morum
454 1583 642 1608 meorum
662 1570 805 1620 credis,
820 1570 862 1608 id
882 1571 991 1621 quod
1011 1572 1062 1610 ad
1082 1572 1307 1611 Erasmum
1327 1572 1512 1611 scribens
1530 1571 1663 1610 obiter
1682 1570 1868 1621 deplora-

268 1648 421 1683 ueram,
445 1634 552 1673 mihi
579 1648 647 1673 me
673 1638 979 1685 praeceptorem
1006 1637 1383 1687 praelectoremque
1408 1636 1559 1676 fuisse:
1589 1636 1673 1675 nisi
1697 1635 1871 1674 interim

267 1700 496 1751 suspicarer
531 1700 650 1739 facile
687 1701 731 1738 id
768 1702 809 1739 te
848 1701 1023 1749 credere,
1066 1703 1345 1741 coniecturam
1383 1716 1434 1741 ex
1478 1702 1578 1741 stilo
1617 1701 1868 1751 scriptorum

268 1779 458 1805 meorum
474 1766 698 1804 facientem
715 1782 724 1814 ;
744 1766 789 1804 in
807 1766 958 1816 quibus
971 1766 1196 1806 subuereor
1207 1781 1258 1806 ne
1273 1767 1429 1818 aliquid
1442 1768 1618 1806 fortasse
1637 1768 1868 1806 structurae

266 1831 566 1870 refractariolae
579 1831 898 1882 deprehenderis
913 1834 986 1871 aut
999 1832 1230 1871 rudiusculi
1245 1833 1475 1882 schematis,
1493 1833 1603 1884 quod
1617 1845 1692 1871 nec
1710 1832 1867 1879 limam,

186 1914 201 1943 ς
234 1914 244 1920 -
267 1900 313 1937 vt
347 1897 509 1946 dicitur,
544 1910 620 1935 nec
650 1896 862 1937 scobinam
897 1898 1154 1937 officinarum
1186 1901 1406 1949 expertum
1444 1911 1531 1937 esse
1568 1897 1758 1937 videatur
1794 1909 1874 1935 nec*

185 2238 247 2271 370

266 1962 542 2013 praeceptoris
562 1975 791 2001 censuram.
888 1963 969 2002 Sed
994 1977 1139 2002 rursus
1156 1963 1199 2002 id
1219 1964 1394 2002 minime
1413 1963 1566 2003 sentire
1585 1963 1693 2002 mihi
1712 1962 1863 2011 videre,

267 2042 397 2078 quum
426 2029 553 2067 etiam
581 2042 628 2067 eo
658 2029 828 2067 nomine
854 2029 1017 2079 placere
1044 2043 1112 2068 me
1131 2029 1239 2068 mihi
1257 2043 1302 2068 ac
1331 2029 1532 2080 gratulari
1560 2029 1713 2078 iubeas,
1743 2027 1871 2078 idque

264 2095 405 2143 ipsum
424 2096 639 2143 acceptum
654 2094 812 2132 summi
831 2094 921 2132 loco
935 2095 1124 2133 beneficii
1143 2096 1296 2133 referre
1307 2095 1603 2145 prouidentiae.
1662 2095 1696 2133 Ο
1715 2093 1871 2132 festum

265 2161 308 2198 te
345 2160 612 2208 hortatorem,
653 2161 696 2198 et
732 2159 962 2198 iucundum
1000 2173 1046 2199 ac
1074 2160 1281 2209 solertem,
1312 2160 1383 2211 qui
1415 2162 1518 2210 τάμὰ
1547 2160 1791 2210 ἐλαττώματα
1819 2160 1870 2198 εἰς

265 2226 571 2275 πλεονεκτήματα
598 2226 753 2274 τρέπεις,
783 2226 825 2263 et
853 2226 964 2276 quod
992 2238 1156 2264 summe
1181 2226 1424 2276 pudendum
1447 2238 1536 2265 esse
1561 2225 1778 2264 censebam
1797 2225 1871 2262 aut

267 2292 373 2329 certe
399 2291 635 2340 tegendum,
658 2291 694 2328 si
716 2290 863 2329 coelari
884 2291 1098 2341 potuisset,
1122 2291 1165 2330 id
1192 2293 1233 2330 et
1256 2291 1359 2330 vtile
1387 2293 1428 2330 et
1451 2291 1674 2330 honestum
1699 2291 1742 2329 et
1763 2288 1872 2328 mihi

264 2356 589 2406 praedicandum
607 2369 695 2395 esse
716 2357 848 2396 doces.

318 2422 543 2461 Manedum
563 2423 782 2473 paulisper,
806 2423 946 2462 omnia
965 2423 1044 2462 tibi
1070 2422 1253 2462 indicare
1272 2436 1316 2463 ac
1344 2423 1560 2463 denarrare
1585 2422 1798 2473 loquacius
1824 2421 1871 2458 in

308 2552 384 2582 344.
408 2542 583 2583 fregitque
600 2545 673 2574 add.
693 2544 726 2577 β.
922 2552 996 2582 345.
1021 2546 1051 2573 F
1063 2554 1071 2574 ε
1098 2543 1246 2574 victoria
1263 2545 1305 2572 D.
1437 2552 1475 2573 ac
1498 2543 1716 2574 condonasse
1736 2543 1811 2572 add.
1832 2542 1867 2575 β.

265 2588 342 2625 346.
363 2588 442 2617 tum
458 2589 533 2618 add.
548 2588 581 2621 β.
738 2596 813 2625 350.
841 2586 944 2618 Certe
962 2588 1027 2617 hoc
1048 2589 1099 2617 D:
1131 2587 1210 2618 Hoc
1231 2585 1378 2626 quidem
1397 2589 1492 2617 certe
1507 2588 1541 2621 β.
1675 2594 1750 2625 351.
1776 2587 1866 2615 tam-

266 2630 333 2660 etsi
358 2653 365 2662 .
391 2654 400 2662 .
423 2653 431 2660 .
455 2630 531 2669 358.
555 2629 725 2660 ἀντιόωσιν
740 2633 812 2661 add.
832 2632 867 2664 β.
1029 2632 1105 2670 364.
1130 2630 1358 2661 refractariae
1372 2631 1406 2665 β.
1579 2631 1653 2669 365.
1677 2631 1717 2660 vt
1732 2627 1870 2659 dicitur

266 2676 340 2704 add.
365 2675 400 2707 β.
532 2683 598 2704 nec
621 2674 860 2713 praeceptoris
883 2683 1072 2705 censuram
1095 2676 1169 2705 add.
1196 2675 1230 2708 β.
1451 2676 1526 2714 369.
1559 2675 1622 2712 qui
1644 2675 1692 2704 D:
1725 2671 1806 2711 ὅσγε
1829 2673 1866 2705 β.

266 2726 340 2755 370.
374 2715 567 2756 περιτρέπεις
590 2719 622 2750 β.
796 2727 871 2757 372.
905 2717 1011 2748 doces
1034 2720 1081 2750 D:
1113 2717 1301 2748 contendis
1323 2719 1357 2752 β.
1506 2727 1580 2757 373.
1612 2726 1651 2748 ac
1675 2716 1868 2747 denarrare

267 2760 451 2799 loquacius
466 2763 539 2791 add.
557 2763 589 2794 β.

310 2887 385 2916 351.
409 2878 658 2920 ἀναμαχεῖσθαι]
696 2879 748 2912 Cf.
768 2880 865 2912 Plut.
884 2882 1038 2918 Apopmh.
1141 2881 1216 2920 361.
1234 2879 1512 2920 praeceptorem]
1532 2880 1583 2911 Cf.
1598 2880 1662 2919 Ep.
1675 2888 1750 2919 493.
1765 2887 1818 2918 25,
1830 2877 1862 2907 6.

267 2930 298 2959 P·
319 2931 381 2960 223
398 2931 426 2951 F·
1142 2933 1218 2963 373.
1245 2923 1456 2964 Manedum]
1469 2924 1555 2954 This
1568 2923 1640 2954 and
1652 2923 1714 2953 the
1727 2921 1865 2953 follow-

313 2973 386 3002 354.
413 2963 463 2996 Τίς
478 2964 590 3006 πόθεν]
616 2966 668 2997 Cf.
687 2966 795 2997 Hom.
814 2969 854 2997 Il.
875 2976 927 2998 21.
950 2976 1020 3006 150.
1098 2968 1161 3008 ing
1173 2968 1390 3008 paragraphs
1402 2977 1462 2998 are
1478 2967 1539 2998 the
1552 2968 1667 3006 prime
1683 2964 1868 3003 authority

310 3009 386 3045 356.
411 3007 448 3038 ‘O
465 3008 536 3048 νῦν]
561 3008 613 3041 Cf.
631 3010 693 3041 Ar.
711 3012 766 3047 Eq.
789 3011 861 3049 158.
1097 3011 1151 3041 for
1181 3011 1358 3042 Budaeus'
1388 3010 1489 3050 early
1518 3011 1589 3041 life.
1651 3009 1720 3040 For
1747 3018 1769 3039 a
1798 3007 1867 3038 full

310 3051 383 3088 358.
409 3049 601 3091 Δυστήνων]
626 3052 734 3083 Hom.
752 3056 792 3084 Il.
812 3063 863 3086 21.
887 3062 959 3092 151.
1097 3054 1342 3085 examination
1359 3055 1396 3085 of
1408 3054 1509 3085 them
1526 3064 1582 3084 see
1600 3051 1812 3084 Delaruelle.
