2010 3417
173 1097 213 1119 10

170 1754 209 1775 20

235 169 315 208 284
700 167 953 206 LETTERS
991 167 1061 206 OF
1100 167 1368 206 ERASMUS
1706 165 1832 221 [1516

235 275 394 317 prebend
419 284 511 305 were
537 275 592 305 sar
618 275 710 305 from
738 274 965 313 unclouded;
997 274 1053 304 for
1081 274 1251 305 Erasmus
1278 274 1487 315 frequently
1514 275 1724 307 considered
1751 276 1831 308 that

235 320 383 351 Barbier
398 318 470 348 and
486 318 544 348 his
561 319 686 358 agents
701 328 794 349 were
812 318 1054 358 intercepting
1070 327 1218 358 moneys
1233 318 1302 349 due
1318 319 1355 349 to
1372 318 1461 349 him.
1509 318 1573 349 See
1589 318 1677 360 ER]

297 416 466 445 PETRVS
498 415 744 446 BARBIRIVS
776 415 1047 447 DOCTISSIMO
1078 415 1259 447 DOMINO
1289 415 1470 446 ERASMO
1500 415 1572 447 Ro.
1599 415 1633 446 S.
1661 416 1700 446 P.
1727 417 1768 447 D.

288 497 513 543 Pos'rQVAM
541 497 821 536 dominationi
850 499 955 546 tuae,
979 497 1219 536 doctissime
1248 497 1415 535 domine
1439 497 1499 535 mi
1528 497 1716 545 Erasme,
1737 496 1834 535 hinc

233 563 424 601 dederam
444 563 617 610 litteras,
641 564 861 613 postquam
888 563 989 601 item
1016 563 1278 602 doctissimas
1302 564 1396 601 tuas
1422 562 1471 601 de
1495 562 1715 601 vndecima
1733 561 1834 600 Iulii

231 628 381 678 recepi,
405 628 595 666 intellexi
621 628 818 667 iuuenem
844 628 980 677 illum,
1005 629 1075 679 qui
1102 628 1287 678 primum
1310 628 1589 667 sacerdotium
1615 627 1710 678 (scis
1733 627 1832 678 quid

232 691 376 740 velim)
396 693 569 743 petierat
597 695 640 732 et
668 694 745 742 cui,
775 695 822 733 vt
845 693 1050 742 videbam,
1078 696 1171 744 post
1197 695 1238 732 te
1267 693 1464 733 dominus
1492 706 1610 732 meus
1638 691 1833 732 nonnihil

230 758 561 803 fauebat—eum,
608 758 793 809 inquam,
841 759 1032 797 intellexi
1076 759 1126 797 ad
1171 759 1250 797 hoc
1294 759 1568 797 sacerdotium
1612 772 1697 797 non
1744 771 1832 797 esse

231 824 440 862 idoneum.
509 824 609 863 Tale
641 824 753 862 enim
785 826 848 863 est
881 826 926 863 vt
958 837 1237 874 possessorem
1264 824 1311 863 in
1339 824 1465 863 sacris
1494 824 1710 863 ordinibus
1739 836 1832 862 con·

231 889 429 928 stitutum
453 889 669 937 desideret,
695 889 929 928 cuiusmodi
947 903 1023 928 nec
1046 891 1109 928 est
1137 890 1315 928 necdum
1339 902 1427 928 esse
1455 891 1605 939 potest,
1626 890 1831 940 quantum

231 955 365 1002 audio,
401 954 636 1005 praedictus
675 955 864 1003 iuuenis3
907 954 947 994 id
987 956 1096 1006 quod
1133 954 1177 994 in
1211 969 1300 994 rem
1337 956 1455 994 tuam
1493 955 1624 1004 faciet,
1660 953 1712 992 ab
1750 953 1831 992 alio

230 1020 438 1070 siquidem
452 1020 573 1070 longe
589 1020 683 1071 plus
699 1021 971 1070 consequeris.
1016 1021 1084 1058 Ad
1104 1021 1276 1070 triginta
1290 1022 1433 1058 tamen
1448 1020 1576 1059 libras
1590 1019 1830 1059 Flandricae

230 1087 419 1124 monetae
444 1085 515 1124 vix
541 1099 662 1135 posse
688 1086 902 1135 peruenire
927 1087 1055 1135 put03
1086 1086 1230 1125 dicunt
1259 1086 1374 1124 enim
1401 1086 1570 1136 dignam
1597 1098 1683 1124 esse
1703 1084 1833 1123 huius

229 1151 448 1189 sacerdotii
485 1164 811 1201 recompensam,
843 1153 1047 1201 quotquot
1078 1151 1277 1198 consului,
1308 1153 1475 1190 centum
1511 1151 1831 1202 philippeorum.

228 1216 348 1256 Vnus
386 1219 450 1255 est
486 1219 628 1255 tamen
667 1217 738 1267 qui
777 1218 883 1255 mihi
921 1217 1075 1256 obtulit
1110 1217 1266 1267 viginti
1307 1218 1492 1268 quinque
1530 1217 1657 1255 libras
1696 1215 1828 1254 dictae

229 1283 418 1320 monetae
461 1294 584 1332 super
625 1282 855 1320 Abbatiam
899 1283 1033 1321 sancti
1073 1282 1288 1321 Michaelis
1329 1283 1693 1333 Antwerpiensem
1731 1280 1829 1319 assi-

227 1347 437 1395 gnandas3
468 1361 606 1397 quem,
627 1348 708 1385 nisi
728 1347 860 1386 alium
880 1347 1002 1399 longe
1022 1348 1117 1398 plus
1137 1349 1378 1387 offerentem
1397 1347 1622 1395 inueneris,
1647 1345 1829 1385 domina-

227 1411 334 1450 tioni
345 1414 441 1450 tuae
453 1413 685 1462 plurimum
697 1413 954 1462 commendo,
971 1416 1063 1452 tum
1075 1416 1244 1464 propter
1257 1413 1552 1463 assignationis
1566 1412 1828 1451 securitatem

228 1478 319 1516 tum
358 1481 525 1528 propter
561 1479 746 1528 aliquam
785 1479 872 1517 iam
906 1480 978 1517 diu
1011 1479 1121 1518 inter
1153 1492 1249 1517 eum
1283 1480 1324 1517 et
1356 1492 1423 1517 me
1462 1480 1703 1529 conceptam
1736 1489 1828 1515 con·

228 1543 506 1582 suetudinem.

285 1607 453 1646 Certum
487 1610 550 1647 est
584 1607 990 1659 cesa-augustanum
1023 1609 1396 1659 Archiepiscopum
1427 1608 1616 1647 nondum
1649 1607 1828 1654 obiisse;

227 1685 344 1722 spero
373 1674 514 1712 tamen
546 1671 694 1726 [quod]
722 1675 796 1713 vbi
824 1674 962 1724 aliqua
990 1674 1212 1724 contigerit
1239 1675 1409 1722 vacatio,
1438 1674 1577 1724 ipsum
1605 1673 1826 1712 dominum

227 1751 369 1776 meum
401 1739 464 1777 tui
498 1752 583 1778 non
615 1740 702 1778 fore
735 1740 1038 1778 immemorem.
1112 1740 1320 1779 Animum
1353 1743 1475 1778 tuum
1514 1740 1563 1778 de
1601 1737 1827 1777 sacerdotio

225 1803 343 1852 mihi,
380 1804 416 1842 si
454 1804 599 1854 placet,
635 1805 901 1855 significabis,
940 1807 980 1843 et
1014 1805 1211 1855 quicquid
1250 1805 1418 1844 iusseris
1455 1804 1640 1854 explebo.
1712 1803 1826 1853 Opus

226 1869 303 1907 erit
323 1870 614 1908 acceleratione
630 1885 639 1918 ;
669 1870 750 1908 scis
769 1870 1001 1920 fugientem
1021 1871 1203 1921 sinciput
1228 1871 1400 1918 caluam,
1424 1884 1477 1909 ne
1496 1871 1602 1908 forte
1621 1871 1822 1915 teneatur,

226 1934 480 1973 occasionem
499 1948 596 1974 esse.
656 1936 768 1983 Vale,
793 1936 961 1974 domine
982 1937 1164 1985 Erasme,
1187 1935 1316 1986 patris
1335 1935 1424 1975 loco
1444 1935 1600 1974 dilecte.

280 1999 501 2039 Bruxellae
527 2003 571 2037 18
595 2000 695 2039 Iulii
721 2004 835 2049 1516.

635 2123 772 2175 444528
833 2119 965 2161 FROM
996 2120 1148 2161 PETER
1180 2121 1418 2161 VITERIUS.

272 2208 459 2243 Deventer
478 2208 555 2243 MS.
577 2219 634 2254 91,
655 2210 678 2244 f.
703 2221 766 2255 132
785 2215 836 2245 v0.
1565 2209 1680 2244 Paris.

272 2266 343 2301 LB.
362 2266 456 2311 App.
478 2277 532 2311 71.
1468 2279 1488 2303 2
1507 2268 1652 2314 August
1671 2266 1771 2312 1516.

358 2358 526 2389 PETRVS
556 2359 771 2389 VITERIVS
802 2360 1073 2391 DOCTISSIMO
1105 2361 1284 2391 ERASMO
1314 2359 1622 2391 PRAECEPTORI
1653 2359 1686 2390 S.

278 2432 381 2473 Em
419 2436 539 2473 antea
577 2434 709 2473 rarius
750 2437 801 2474 ad
843 2438 883 2474 te
921 2436 1078 2486 scripsi,
1118 2437 1409 2475 candidissime
1447 2438 1694 2487 praeceptor,
1735 2449 1820 2474 non

224 2499 402 2537 conabor
433 2502 585 2547 tamen,
618 2500 660 2538 id
695 2501 803 2550 quod
833 2501 1020 2551 plerique
1053 2501 1123 2540 alii
1157 2502 1327 2550 faciunt,
1363 2503 1638 2542 excusationis
1667 2503 1818 2541 rimam

222 2563 406 2614 aliquam
443 2566 700 2615 excogitare3
743 2567 845 2617 quin
883 2568 991 2617 quod
1030 2581 1094 2607 res
1138 2571 1199 2606 est
1241 2568 1379 2617 potius
1421 2569 1601 2618 ingenue
1643 2569 1814 2607 fatebor.

223 2630 504 2678 Sepenumero
537 2632 697 2670 tentaui
731 2634 855 2683 atque
887 2646 1104 2684 aggressus
1137 2648 1231 2673 sum
1268 2633 1411 2673 literas
1443 2635 1494 2673 ad
1527 2637 1583 2682 te,
1616 2634 1688 2672 sed
1722 2647 1817 2672 cum

484 2712 558 2743 443.
583 2723 613 2743 2.
639 2712 683 2743 de
699 2716 786 2745 MS.:
813 2713 872 2744 die
888 2716 953 2746 LB.
1087 2725 1120 2754 5.
1141 2724 1224 2746 eum
1241 2718 1368 2752 scripsi:
1395 2725 1475 2746 cum
1488 2719 1555 2747 MS.

266 2809 340 2839 443.
359 2818 391 2847 3.
416 2810 670 2851 sacerdotium]
685 2812 759 2842 The
775 2813 933 2853 prebend
949 2815 985 2844 at
1102 2815 1150 2845 18.
1177 2814 1539 2855 Cesaraugustanum]
1582 2813 1733 2845 Alfonso
1771 2813 1814 2842 de

226 2850 420 2892 Courtray3
445 2854 487 2884 cf.
504 2853 569 2893 Ep.
585 2856 658 2893 436.
678 2864 698 2893 5
714 2865 751 2887 n.
1053 2856 1208 2897 Aragon,
1248 2858 1340 2897 Abp.
1383 2858 1421 2888 of
1463 2858 1648 2897 Saragossa
1689 2857 1814 2895 1478—

266 2904 296 2931 9.
324 2895 532 2927 Flandricae
554 2898 736 2939 monetae]
760 2900 806 2931 081
825 2899 985 2930 Flemish
1054 2901 1076 2938 †
1088 2911 1130 2939 24
1144 2902 1227 2932 Feb.
1246 2910 1346 2940 1520;
1362 2911 1445 2932 now
1457 2902 1593 2940 Regent
1607 2901 1646 2932 of
1655 2900 1810 2938 Aragon.

223 2945 297 2967 was
312 2940 517 2976 equivalent
527 2943 564 2971 to
575 2942 595 2970 6
608 2941 787 2982 philippei
805 2943 961 2983 (florius)
976 2954 984 2982 ;
1101 2955 1148 2983 19.
1174 2944 1327 2984 vacatio]
1341 2945 1544 2984 Seemingly
1559 2945 1727 2974 Erasmus
1739 2951 1813 2972 was

223 2989 260 3009 so
276 2980 355 3010 that
368 2982 558 3013 Barbirius
575 2985 604 3014 is
622 2985 755 3025 clearly
773 2987 985 3027 bargaining
1052 2988 1162 3026 ready
1172 2989 1208 3018 to
1222 2989 1342 3028 accept
1353 2988 1417 3018 the
1428 2998 1483 3018 see
1498 2999 1506 3026 3
1522 2987 1565 3018 cf.
1581 2988 1641 3026 Ep.
1655 2995 1729 3024 475.
1742 2995 1762 3023 4
1775 2995 1809 3014 n.

224 3032 269 3053 on
286 3023 410 3054 behalf
423 3026 460 3055 of
472 3026 531 3057 his
547 3029 725 3059 nominee.
1096 3041 1150 3070 23,
1176 3031 1413 3071 occasionem]
1439 3030 1490 3062 Cf.
1510 3031 1596 3061 Cato
1612 3032 1689 3060 Dist.
1709 3039 1738 3060 2.
1756 3029 1808 3059 26.
