2010 3417
322 131 402 169 272
787 131 1038 170 LETTERS
1077 131 1147 170 OF
1185 131 1452 171 ERASMUS
1788 131 1827 186 [1
1837 145 1858 183 5
1867 147 1881 171 1
1891 136 1914 170 6

321 253 406 278 non
419 238 592 277 minoris
604 251 648 276 ac
662 238 872 288 philippeo
887 239 1165 278 vendiderunt
1181 239 1356 289 singula,
1376 240 1675 290 sesquiannum
1691 243 1914 292 antequam

264 318 303 339 10
320 316 450 342 vnum
482 302 685 351 (nondum
717 303 832 341 enim
863 303 1005 342 omnia
1043 303 1193 354 recepi)
1225 305 1463 355 reciperem,
1496 304 1720 354 redempta.
1779 307 1914 355 Quam

319 368 517 406 iniuriam
537 369 829 407 constitueram
850 369 1128 419 imprimendo
1158 369 1277 409 Nouo
1307 370 1574 409 Testamento
1593 369 1743 409 iisdem
1761 372 1913 411 formu-

318 434 371 472 lis
391 433 497 472 nihil
518 433 568 472 ad
587 434 666 472 hoc
687 435 945 484 comparatis,
974 435 1116 473 vlcisci
1134 449 1143 483 ;
1173 436 1243 474 sed
1260 448 1437 483 omnem,
1461 435 1635 474 Erasme
1658 436 1912 484 suauissima,

318 499 525 538 amiciciae
551 501 648 538 tuae
666 500 706 537 et
731 500 910 550 hospitis
929 500 1060 539 nostri
1079 500 1247 539 remitto
1267 503 1393 550 atque
1421 500 1622 539 condono.
1683 501 1800 540 Nihil
1830 502 1914 540 sint

318 565 586 615 impressores
605 564 669 603 tui
688 578 811 615 super
830 565 966 615 priore
994 565 1163 615 quidem
1193 566 1465 615 impressione
1493 565 1672 615 solliciti,
1695 566 1805 605 nihil
1830 567 1916 606 illis

264 644 299 675 15
320 643 493 668 nocuero
517 643 526 677 ;
554 630 795 669 humaniter
814 633 953 670 tamen
970 631 1141 680 egerint,
1165 631 1200 670 si
1218 631 1405 671 vicissim
1425 631 1532 670 mihi
1551 633 1734 681 parcant.

373 695 453 734 Sed
485 695 586 734 haec
612 695 826 735 hactenus.
884 697 1045 735 Pei-tuli
1073 697 1236 735 litteras
1264 699 1357 736 tuas
1385 697 1436 736 ad
1464 697 1681 736 Budaeum
1710 700 1912 746 nostrum,

319 761 392 811 qui
411 761 487 800 has
507 761 660 800 nostris
687 775 869 800 annexas
895 763 946 800 ad
975 764 1016 800 te
1039 762 1180 810 dedit;
1211 762 1313 801 item
1332 763 1383 801 ad
1413 763 1605 811 Fabrum,
1630 762 1703 813 qui
1722 766 1763 802 te
1788 763 1915 813 pluri-

319 840 437 865 mum
457 826 555 865 colit
574 829 614 864 et
635 827 791 865 saluere
811 827 937 877 cupit.
1012 828 1254 877 Assurgunt
1279 827 1357 866 tibi
1385 827 1484 866 boni
1510 840 1657 867 omnes
1685 829 1726 866 et
1752 828 1824 866 vix
1853 829 1916 867 de·

319 892 482 930 trahere
496 893 649 931 audent
661 892 762 931 mali
783 907 791 939 ;
820 893 953 931 malos
970 892 1059 931 dico
1072 892 1277 931 bonarum
1293 893 1630 932 lucubrationum
1646 893 1914 933 calumniato-

261 971 302 992 20
320 972 395 998 res.
430 958 542 1005 Iube,
564 971 718 1008 precor,
743 958 927 1008 hospites
946 960 1110 997 nostros
1126 958 1326 997 Iacobum
1339 961 1379 997 et
1400 959 1576 998 Petrum
1597 973 1692 998 cum
1706 961 1916 999 vxorculis

320 1024 586 1075 lepidissimis
607 1024 732 1063 etiam
754 1024 894 1062 verbis
913 1024 1067 1062 nostris
1096 1024 1268 1072 saluere,
1301 1037 1346 1062 ac
1367 1024 1470 1063 vale.
1535 1025 1593 1061 όῢΟ
1615 1024 1714 1063 Iulii
1741 1027 1854 1072 1516.

665 1132 861 1188 421435430
916 1132 1047 1173 FROM
1080 1132 1298 1173 WILLIAM
1330 1133 1567 1174 BUDAEUS.

367 1217 537 1264 Epistole
555 1218 746 1263 elegantes
764 1219 806 1253 f0.
826 1218 869 1254 c‘2.
1657 1217 1773 1253 Paris.

367 1276 419 1312 Οἳ.
439 1290 473 1322 p.
495 1288 560 1322 34:
591 1276 629 1311 F.
649 1289 685 1321 p.
707 1287 769 1312 11:
798 1276 890 1311 HN:
918 1276 1032 1312 Lond.
1051 1275 1075 1310 i.
1093 1287 1135 1320 9:
1163 1276 1234 1311 LB.
1256 1285 1333 1321 257.
1569 1287 1587 1321 7
1604 1276 1692 1322 July
1713 1275 1866 1323 (1516).

367 1334 511 1370 Budaei
531 1333 724 1380 Epistolae
745 1335 868 1380 (1531)
889 1334 913 1368 f.
939 1336 1004 1370 118
1023 1339 1062 1369 v0
1081 1334 1148 1378 (β).

364 1405 468 1446 [This
484 1405 590 1435 letter
607 1414 678 1435 was
701 1403 866 1444 polished
890 1414 937 1443 up
962 1403 1033 1434 like
1052 1404 1115 1443 Ep.
1136 1413 1209 1443 403,
1230 1404 1337 1434 when
1362 1403 1528 1434 Budaeus
1549 1403 1696 1443 printed
1720 1404 1750 1435 it
1772 1404 1812 1434 in
1829 1403 1911 1434 BE³.

320 1450 388 1479 For
412 1449 650 1479 convenience
674 1448 713 1478 of
740 1448 962 1487 comparison
987 1448 1078 1478 with
1110 1447 1215 1478 other
1248 1447 1370 1478 letters
1397 1446 1567 1477 included
1599 1448 1638 1478 in
1666 1446 1747 1478 that
1770 1447 1914 1478 volume

321 1494 339 1524 I
356 1493 446 1523 have
462 1491 625 1522 retained
641 1492 703 1522 the
719 1492 850 1529 sigluni
866 1493 900 1530 β,
920 1491 1092 1530 although
1110 1491 1212 1521 there
1230 1491 1260 1521 is
1276 1501 1323 1521 no
1339 1502 1360 1520 α
1376 1491 1472 1521 here.

365 1537 533 1567 Erasmus
550 1535 613 1566 did
630 1538 691 1566 not
710 1536 845 1565 receive
863 1535 937 1566 this
953 1534 1024 1565 and
1041 1535 1105 1574 Ep.
1124 1544 1186 1573 434
1204 1535 1302 1565 until
1319 1535 1491 1572 October3
1516 1534 1558 1565 cf.
1578 1534 1641 1574 Ep.
1658 1545 1732 1574 477.
1752 1534 1803 1575 9.]

526 1644 783 1675 GVLIELMVS
814 1643 1021 1673 BVDAEVS
1052 1643 1232 1674 ERASMO
1263 1644 1569 1674 ROTERODAMO
1602 1644 1635 1674 S.
1663 1645 1705 1674 D.

373 1722 532 1760 Accm>1
551 1720 691 1759 Hteras
712 1722 804 1758 tuas
825 1720 911 1758 dies
929 1719 1080 1758 abhinc
1102 1719 1283 1769 quinque
1303 1722 1375 1757 aut
1394 1732 1475 1758 sex.
1537 1719 1648 1768 Quas
1673 1719 1913 1758 auidissime

324 1785 620 1836 legissen],nisi
636 1785 742 1823 mihi
756 1786 957 1836 πράγματα
969 1785 1172 1836 παρεῖχενὴ
1185 1784 1367 1835 δυσχερὴς
1380 1785 1595 1835 ἀνάγνωσις,
1608 1784 1708 1823 adeo
1722 1786 1768 1822 tu
1785 1786 1912 1835 ὀλιγώ-

318 1869 389 1902 ρως
409 1853 472 1889 καὶ
491 1851 815 1900 παρημελημένως
843 1849 1061 1900 epistolam
1090 1849 1337 1900 expedieras,
1359 1849 1573 1889 tabellario
1600 1851 1785 1899 petasato
1814 1849 1908 1897 iam,

318 1919 365 1957 vt
396 1916 580 1964 coniicio,
613 1918 654 1954 et
685 1916 909 1965 flagitante.
981 1915 1075 1954 Iam
1105 1915 1184 1954 hoc
1218 1929 1349 1954 vnum
1378 1915 1509 1954 habeo
1541 1915 1838 1954 familiaritatis
1871 1916 1912 1957 et

281 1999 299 2030 5
320 1982 524 2021 amicitiae
559 1982 762 2030 σύμβολον
782 1982 824 2018 οὗ
858 1981 1029 2030 σμικρὸν,
1063 1984 1105 2020 te
1134 1981 1185 2019 ad
1216 1994 1284 2019 me
1316 1982 1568 2033 ταχυγράφως
1596 1998 1635 2019 τε
1664 1981 1726 2019 καὶ
1754 1983 1912 2032 ἀπεσχε-

319 2048 526 2097 διασμένως
552 2047 730 2085 scribere
758 2046 1047 2095 longissimam
1072 2046 1301 2095 epistolam.
1360 2045 1503 2096 Neque
1530 2046 1643 2084 enim
1672 2047 1715 2085 id
1740 2046 1912 2085 fiduciae

318 2112 466 2158 tribuo,
499 2124 624 2161 quam
651 2112 730 2149 tibi
756 2111 826 2149 ille
857 2110 1064 2150 scribendi
1094 2111 1338 2161 dicendique
1368 2111 1566 2160 magister
1593 2111 1714 2149 stilus
1747 2110 1910 2159 ingene-

318 2190 428 2217 rasse
448 2177 582 2227 potuit
595 2179 636 2215 et
649 2176 803 2225 debuit,
823 2176 894 2215 sed
906 2178 953 2226 τῇ
974 2177 1131 2227 ἀφελείᾳ
1149 2179 1214 2214 τοῦ
1226 2177 1364 2226 τρόπου
1377 2179 1447 2214 σοῦ
1463 2178 1503 2214 et
1518 2175 1685 2214 candori
1700 2175 1833 2213 animi
1847 2176 1910 2213 tui

319 2241 426 2281 nihil
451 2242 643 2280 sinistrae
668 2240 1025 2291 interpretationis
1048 2241 1099 2279 ab
1126 2241 1258 2279 amico
1281 2240 1539 2290 suspicantis,
1567 2240 1609 2278 id
1638 2242 1699 2278 est
1722 2240 1910 2278 animum

261 2326 300 2348 10
318 2308 500 2348 alienum
520 2320 569 2345 ex
589 2319 676 2345 sese
699 2306 969 2345 aestimantis.
1020 2306 1133 2344 Illud
1164 2308 1304 2344 tamen
1335 2308 1377 2344 οὐ
1407 2306 1658 2358 συγγνωστὸν,
1683 2306 1792 2355 quod
1820 2305 1910 2344 sine

319 2375 385 2413 die
404 2387 449 2412 ac
469 2372 635 2411 consule
654 2371 867 2422 scripsisti.
928 2371 1032 2411 Vide
1052 2373 1098 2410 vt
1123 2372 1292 2421 posthae
1321 2371 1462 2410 minus
1489 2384 1556 2409 me
1576 2373 1777 2421 torqueas,
1799 2371 1911 2420 ἡδέως

361 2462 435 2492 435.
460 2471 488 2492 2.
515 2459 599 2494 Οῑβι
625 2459 758 2499 παρεῖχε
777 2458 821 2489 0².
910 2459 930 2497 ἡ
945 2461 1020 2489 add.
1037 2460 1070 2493 β.
1162 2468 1192 2497 3.
1208 2458 1263 2489 0²:
1287 2457 1470 2497 expedires
1489 2457 1531 2489 0¹.
1621 2469 1651 2497 4.
1676 2458 1855 2498 flagitanti
1871 2460 1904 2492 β.

317 2516 347 2545 9.
374 2503 686 2544 interpretationis
702 2502 736 2532 0²
751 2515 756 2534 :
783 2503 879 2534 inter
895 2502 1133 2542 praefationes
1151 2502 1203 2533 Ol:
1230 2502 1542 2541 interprecationis
1557 2503 1592 2536 B.

362 2605 434 2635 434.
447 2614 478 2642 9.
498 2602 755 2643 vendiderunt]
766 2602 839 2633 The
852 2601 975 2641 injury
987 2611 1076 2633 com·
1148 2601 1282 2640 Gilles;
1305 2601 1349 2633 cf.
1368 2601 1392 2633 l.
1411 2612 1461 2632 20.

318 2648 464 2689 plained
493 2647 531 2678 of
557 2647 640 2677 here
666 2656 780 2677 seems
806 2648 842 2676 to
870 2646 960 2676 have
988 2646 1077 2676 been
1194 2647 1245 2676 16.
1271 2645 1429 2685 litteras]
1464 2644 1526 2684 Ep.
1551 2654 1624 2683 421,
1651 2643 1835 2674 answered
1863 2643 1907 2682 by
1959 2639 1962 2641 ’

318 2692 399 2723 that
415 2692 507 2722 after
523 2690 667 2730 Badius,
688 2699 725 2720 as
742 2699 761 2719 a
778 2688 986 2729 bookseller,
1006 2689 1077 2719 had
1148 2689 1209 2729 Ep.
1230 2698 1304 2728 435.

318 2735 451 2775 bought
468 2745 487 2765 a
511 2734 606 2773 large
628 2734 780 2764 number
802 2733 841 2763 of
859 2733 975 2773 copies
999 2733 1078 2772 (Ep.
1193 2742 1240 2771 17.
1278 2734 1342 2763 has
1369 2732 1501 2763 nostris
1531 2729 1707 2771 annexas]
1740 2729 1804 2770 Ep.
1829 2739 1904 2769 435.

319 2789 392 2817 472.
416 2779 446 2817 8,
472 2778 508 2817 9)
537 2777 575 2807 of
606 2775 772 2807 Froben's
803 2777 951 2816 reprint,
986 2777 1076 2816 Aug.
1278 2775 1449 2816 Fabrum]
1474 2774 1748 2815 Stapulensem;
1771 2782 1828 2804 see
1838 2773 1906 2812 Ep..

324 2832 415 2861 1513,
429 2822 466 2852 of
478 2821 539 2851 the
555 2820 690 2851 Aldine
706 2822 902 2858 Adayz'ormn
916 2822 1079 2858 Chiliacles,
1150 2828 1225 2859 315.

320 2864 458 2895 Froben
487 2864 651 2903 disposed
673 2863 711 2894 of
734 2864 792 2894 his
817 2863 959 2903 surplus
982 2863 1079 2894 stock
1192 2873 1243 2894 20.
1280 2861 1466 2902 Iacobum]
1500 2861 1659 2900 Perhaps
1692 2860 1821 2897 Tut0r;
1862 2858 1905 2889 cf.

321 2909 358 2938 at
375 2917 394 2937 a
411 2908 520 2946 cheap
546 2910 630 2947 rate,
650 2907 689 2937 in
708 2907 811 2938 order
830 2909 865 2938 to
883 2907 985 2938 make
1000 2916 1080 2946 way
1149 2907 1210 2946 Ep.
1241 2916 1311 2945 152.

320 2950 376 2981 for
393 2950 449 2980 his
465 2951 603 2981 edition
621 2950 658 2981 of
673 2959 755 2990 1515
774 2950 852 2990 (Ep.
874 2950 963 2990 269).
1192 2950 1265 2981 435.
1286 2951 1316 2980 8.
1343 2949 1417 2990 σοῦ]
1433 2948 1501 2980 For
1513 2948 1588 2979 this
1602 2945 1847 2978 construction
1860 2945 1904 2976 cf.

367 3003 415 3031 13.
442 2993 593 3031 hospitis
616 2993 746 3034 nostri]
776 2993 953 3032 Probably
975 2993 1080 3024 Peter
1150 2993 1214 3033 Ep.
1234 3003 1308 3032 493.
1328 2994 1358 3023 6.
