2010 3417
84 157 183 212 335]
735 161 805 200 To
842 161 951 201 LEO
990 161 1030 200 x
1624 164 1677 201 85

83 269 229 309 Turcis
248 269 499 320 suscipiendi
525 283 599 309 nec
623 273 742 310 autor
767 272 830 310 est
854 271 1046 310 Christus
1072 283 1147 310 nec
1170 270 1450 310 adhortatores
1469 270 1673 321 Apostoli.

82 334 141 373 Vt
160 335 306 374 demus
324 336 546 385 vtrumque
569 336 806 386 gerendum,
828 338 936 375 certe
954 336 1107 375 maiore
1127 336 1267 375 studio
1286 335 1547 375 moliendum
1567 335 1676 387 quod

83 399 240 438 indixit
260 399 441 449 Spiritus
460 400 533 439 ille
559 400 748 440 coelestis
773 414 897 451 quam
925 401 1032 450 quod
1059 401 1335 440 instituerunt
1359 401 1562 440 homines.
1621 400 1678 440 Et

83 464 193 503 haud
222 464 306 503 scio
332 478 396 513 an,
422 465 770 515 quemadmodum
795 466 883 516 ipse
909 466 1101 506 Christus
1119 479 1203 505 vna
1230 480 1325 505 cum
1351 466 1438 505 suis
1464 466 1678 516 Apostolis

82 543 127 569 ac
165 530 418 580 Martyribus
454 530 736 578 beneficentia,
757 531 967 581 patientia,
995 533 1135 570 sancta
1173 531 1360 570 doctrina
1397 531 1477 570 sibi
1513 531 1677 582 subegit

82 594 328 634 Vniuersum
357 594 508 642 orbem,
537 594 596 633 ita
624 595 775 633 rectius
804 595 956 634 Turcas
984 595 1095 634 vitae
1124 595 1277 646 pietate
1305 596 1517 635 subacturi
1544 596 1676 635 simus

82 672 206 710 quam
225 658 352 698 armis
369 673 378 707 3
407 661 454 697 vt
473 659 619 697 iisdem
638 658 870 698 rationibus
887 659 1124 698 vindicetur
1147 660 1434 699 Christianum
1453 661 1677 710 imperium

82 724 233 775 quibus
261 723 361 762 olim
390 725 580 773 paratum
610 735 698 762 esse
724 725 895 762 constat.
956 724 1073 773 Quod
1100 724 1136 762 si
1163 727 1386 774 Vtrumque
1414 725 1677 775 probandum

84 791 146 828 est
174 788 449 839 (probandum
476 789 619 826 autem
647 788 791 838 procul
820 788 946 827 dubio
973 789 1169 839 quicquid
1193 789 1407 828 Romanus
1439 790 1678 840 approbarit

81 853 277 903 senatus),
291 854 439 892 neutra
457 855 566 891 certe
580 852 626 891 in
645 866 689 892 re
704 855 833 892 cessat
848 853 1034 892 inaudita
1048 856 1120 892 tua
1138 855 1278 903 pietas,
1293 856 1406 904 pater
1425 854 1672 904 beatissime,

82 932 182 970 quae
197 919 324 958 simul
340 920 382 957 et
397 918 656 958 Christianae
670 918 803 968 plebis
818 918 1061 969 religionem
1079 919 1163 957 iam
1178 919 1280 958 olim
1294 919 1439 957 multis
1455 919 1677 969 collapsam

81 985 217 1024 modis
235 987 278 1023 et
295 985 341 1023 in
361 983 448 1022 dies
472 984 605 1034 magis
630 997 675 1023 ac
699 985 834 1035 magis
859 983 1134 1023 collabentem
1160 984 1455 1032 saluberrimis,
1476 987 1522 1023 vt
1541 984 1674 1036 audio,

80 1050 230 1101 synodi
244 1049 612 1089 constitutionibus
627 1050 749 1088 sarcit
768 1063 814 1088 ac
829 1050 1012 1088 restituit
1028 1063 1037 1097 3
1067 1052 1107 1089 et
1119 1049 1359 1088 huiusmodi
1374 1049 1677 1088 constitutioni·

81 1114 168 1163 bus,
192 1129 277 1154 non
304 1128 407 1164 quae
432 1117 652 1165 quaestum
680 1118 752 1154 aut
785 1115 1031 1154 dominandi
1058 1115 1280 1154 libidinem
1310 1117 1381 1153 aut
1410 1114 1677 1165 tyrannidem

83 1181 229 1229 oleant,
253 1181 324 1219 sed
351 1193 452 1231 quae
478 1193 572 1218 vere
599 1180 793 1230 spiritum
818 1181 1002 1219 referant
1026 1180 1342 1230 Apostolicum3
1373 1193 1474 1230 quas
1497 1180 1635 1230 quiuis
1654 1194 1678 1219 a

81 1246 267 1295 patribus
299 1259 384 1284 non
413 1259 437 1284 a
470 1245 650 1284 dominis
683 1246 885 1296 profectas
918 1246 1050 1295 possit
1082 1258 1311 1295 agnoscere,
1333 1244 1378 1283 in
1407 1245 1558 1295 quibus
1585 1246 1676 1295 piae

81 1312 243 1350 mentes
261 1311 399 1361 ipsum
420 1310 634 1349 Christum
654 1310 787 1349 veluti
806 1310 1048 1361 loquentem
1067 1313 1328 1349 venerentur.

135 1376 226 1415 Hac
244 1376 373 1426 igitur
386 1376 455 1415 via
473 1376 645 1414 molitur
664 1376 861 1415 sanctitas
879 1378 950 1415 tua
964 1378 1011 1415 vt
1026 1376 1183 1415 Christi
1196 1375 1379 1415 Ecclesia
1397 1376 1507 1414 veris
1526 1388 1572 1413 ac
1591 1375 1678 1414 suis

78 1441 227 1491 opibus
244 1440 530 1491 locupletetur,
555 1444 602 1480 vt
621 1454 695 1480 sua
716 1441 973 1491 praemineat
992 1441 1132 1490 gloria,
1154 1443 1200 1480 vt
1226 1454 1301 1479 sua
1319 1440 1475 1491 polleat
1494 1440 1651 1479 ditione
1667 1456 1677 1488 ;

79 1506 259 1545 breuiter
290 1506 342 1545 iis
380 1506 624 1545 coelestibus
660 1506 780 1545 donis
817 1506 1061 1554 cumuletur,
1102 1519 1205 1556 quae
1242 1518 1546 1555 nonnunquam
1584 1507 1677 1544 tum

78 1571 345 1621 potissimum
393 1572 629 1618 exuberant,
680 1584 776 1611 cum
826 1571 997 1610 caeteris
1039 1571 1126 1610 illis
1171 1571 1438 1610 destituimur
1482 1571 1674 1610 maxime.

82 1637 329 1688 Quanquam
354 1650 428 1675 nec
454 1637 629 1676 alteram
655 1637 773 1675 illam
792 1637 963 1675 virtutis
990 1637 1251 1675 functionem
1277 1637 1432 1675 videris
1458 1636 1674 1685 negligere,

81 1705 128 1741 vt
147 1703 220 1752 qui
239 1701 507 1741 conciliandis
527 1702 719 1740 omnium
738 1702 848 1740 inter
872 1716 916 1740 se
935 1702 1172 1752 principum
1192 1701 1344 1740 animis
1364 1701 1676 1750 componendis-

81 1780 160 1817 que
179 1766 511 1806 Christianorum
530 1767 652 1806 rebus
672 1767 994 1817 pulcherrimam
1021 1767 1175 1817 pariter
1200 1780 1246 1805 ac
1272 1767 1527 1805 tutissimam
1547 1766 1678 1804 struis

81 1833 193 1871 viam
213 1832 264 1870 ad
285 1831 458 1880 impiam
478 1832 705 1870 Turcarum
720 1834 887 1881 gentem
902 1832 970 1870 vel
989 1831 1261 1881 subigendam
1274 1832 1340 1870 vel
1359 1831 1672 1881 profligandam.

85 1898 181 1937 Non
200 1897 333 1935 ferent
352 1896 575 1946 aliquando
601 1896 755 1935 Leonis
780 1896 912 1935 nostri
938 1897 1126 1946 rugitum
1150 1898 1358 1934 immanes
1383 1895 1478 1934 illae
1504 1895 1646 1933 beluae
1666 1909 1675 1943 ;

82 1963 276 2010 sentient,
298 1962 480 2001 sentient
507 1962 713 2000 inuictum
737 1961 843 2000 illud
870 1962 1023 2000 Leonis
1047 1960 1378 2000 mansuetissimi
1404 1960 1532 1999 robur
1551 1973 1676 2010 quan-

81 2027 240 2066 tumuis
277 2026 535 2065 truculentae
572 2027 706 2075 ferae3
753 2027 931 2077 impares
969 2028 1093 2065 erunt
1127 2025 1323 2064 Pontifici
1360 2026 1492 2075 magis
1523 2025 1677 2075 pietate

81 2105 204 2142 quam
242 2091 369 2142 copiis
405 2094 565 2130 armato
602 2105 648 2130 ac
689 2104 847 2130 numen
885 2091 1010 2130 etiam
1046 2091 1283 2129 immortale
1315 2103 1456 2129 secum
1488 2090 1534 2128 in
1566 2089 1676 2128 bella

79 2157 274 2196 trahenti.
332 2156 463 2195 Video
493 2157 749 2205 iamdudum,
771 2156 1008 2195 beatissime
1031 2159 1158 2206 pater,
1181 2169 1305 2206 quam
1330 2156 1478 2205 ingens
1500 2155 1675 2193 laudum

80 2224 248 2261 tuarum
268 2234 436 2271 campus
454 2235 498 2261 se
518 2222 639 2261 nobis
658 2222 822 2272 aperiat,
843 2222 914 2260 sed
941 2221 1062 2271 longe
1081 2222 1216 2271 impar
1242 2222 1304 2259 est
1329 2221 1455 2259 huius
1473 2220 1676 2270 ingenioli

80 2287 146 2326 vis
177 2287 300 2326 rebus
331 2287 460 2326 tantis
494 2287 773 2337 explicandis3
816 2287 867 2325 ad
898 2289 986 2325 tam
1025 2287 1168 2325 diuina
1200 2286 1382 2325 facinora
1415 2287 1556 2324 nostra
1589 2298 1674 2323 non

79 2352 231 2402 aspirat
259 2352 495 2402 eloquentia
522 2353 588 2391 vel
613 2352 752 2402 potius
779 2352 967 2391 infantia.
1025 2353 1165 2402 Atque
1193 2351 1356 2389 vtinam
1382 2351 1459 2389 hoc
1487 2350 1674 2389 studium

80 2419 202 2457 detur
221 2418 396 2458 eruditis
415 2419 610 2458 omnibus
629 2421 676 2458 vt
694 2418 836 2467 velint,
859 2420 951 2457 tum
971 2431 1016 2456 ea
1035 2418 1210 2456 facultas
1228 2419 1273 2455 vt
1292 2416 1463 2466 possint,
1486 2415 1673 2453 omnium

80 2483 339 2522 saeculorum
367 2485 568 2523 memoria
596 2485 742 2533 dignas
772 2483 923 2522 Leonis
953 2483 1102 2521 decimi
1127 2482 1304 2522 virtutes
1332 2480 1497 2520 dicendi
1513 2479 1674 2518 viribus

81 2560 316 2597 exaequare.
375 2548 440 2586 Me
469 2549 639 2599 quidem
665 2548 810 2599 procul
835 2548 1037 2587 absterret
1064 2549 1137 2585 tua
1164 2546 1388 2593 celsitudo;
1418 2557 1540 2595 quem
1560 2543 1673 2582 enim

82 2612 154 2651 illa
182 2625 267 2650 non
289 2611 548 2653 absterreat?
604 2614 659 2653 Et
688 2616 831 2652 tamen
859 2613 995 2651 nescio
1026 2625 1106 2661 quo
1134 2613 1250 2661 pacto
1279 2611 1386 2648 mihi
1404 2609 1674 2649 vehementer

129 2709 200 2747 184.
227 2709 321 2738 certe
336 2710 366 2738 A
386 2719 393 2738 :
417 2718 500 2740 vero
515 2720 544 2740 α.
693 2710 763 2748 185.
790 2718 879 2748 quae
896 2713 926 2740 A
943 2719 949 2738 z
974 2718 1043 2746 quo
1059 2720 1089 2739 α.
1191 2707 1417 2738 Christianae
1433 2729 1440 2736 .
1461 2729 1469 2737 .
1490 2729 1497 2736 .
1515 2704 1602 2736 olim
1618 2708 1648 2736 A
1665 2716 1672 2736 ε

80 2751 369 2783 Christianorum
386 2751 559 2791 pietatem
574 2763 603 2783 α.
742 2753 813 2783 186.
838 2754 873 2782 et
890 2775 898 2783 .
916 2775 923 2782 .
944 2775 951 2782 .
971 2751 1207 2782 collabentem
1224 2753 1296 2780 aad.
1317 2753 1358 2780 A.
1488 2749 1561 2786 186,
1579 2758 1607 2787 7.
1633 2755 1672 2779 vt

83 2795 199 2833 audio.
218 2794 344 2834 synodi
360 2797 431 2825 add.
450 2798 492 2826 A.
645 2796 716 2833 187.
743 2795 873 2826 cotidie
887 2799 957 2825 ante
972 2795 1081 2825 sarcit
1095 2805 1125 2824 α.
1288 2794 1358 2832 187.
1383 2791 1591 2823 huiusmodi
1607 2815 1615 2823 .
1634 2816 1641 2823 .
1660 2816 1667 2823 .

87 2849 156 2878 197.
175 2840 215 2869 vt
231 2838 293 2878 qui
309 2841 381 2869 aad.
395 2841 436 2870 A.
546 2847 616 2877 197.
641 2838 983 2878 componendisque.
1000 2860 1008 2868 .
1021 2861 1030 2869 .
1052 2838 1125 2877 198.
1143 2837 1248 2867 rebus
1260 2839 1331 2867 adel.
1344 2839 1386 2866 A.
1440 2836 1511 2876 198.
1537 2836 1673 2875 pariter

81 2905 92 2913 .
111 2905 119 2913 .
141 2907 149 2913 .
165 2883 276 2913 struis
291 2884 322 2912 A
338 2893 345 2912 ε
368 2881 606 2912 certissimam
623 2882 730 2912 struit
745 2892 775 2912 α.
932 2891 1005 2912 201.
1031 2880 1190 2911 sentient
1205 2882 1278 2910 add.
1296 2883 1338 2910 A.
1505 2888 1578 2910 202.
1605 2880 1672 2909 im—

83 2934 185 2964 pares
200 2948 208 2956 .
228 2949 235 2956 .
256 2949 263 2956 .
284 2935 358 2963 204.
385 2924 545 2956 trahenti
561 2927 636 2956 adcl.
652 2927 692 2955 A.
828 2934 902 2962 204.
927 2923 1132 2955 beatissime
1147 2924 1249 2964 pater
1264 2925 1334 2954 add.
1351 2925 1393 2954 A.
1515 2924 1588 2953 206.
1613 2932 1671 2953 ex-

84 2968 262 3008 plicandis
277 2971 349 2999 add.
367 2971 408 2999 A.
565 2978 638 3007 207.
661 2967 718 2998 vel
734 2967 854 3007 potius
870 2967 1027 2998 infantia
1044 2969 1115 2997 add.
1134 2970 1176 2997 A.
1343 2967 1417 2998 208.
1440 2967 1519 2997 tum
1535 2968 1607 2997 (ald.
1626 2968 1668 2996 A.

83 3021 161 3051 209.
187 3012 316 3043 decimi
333 3014 403 3042 aad.
424 3014 465 3043 A.
556 3021 630 3043 210.
658 3021 763 3050 quem
780 3035 788 3043 .
809 3035 815 3042 .
835 3035 842 3042 .
863 3021 933 3042 211.
960 3011 1155 3042 absterreat
1171 3012 1244 3041 add.
1260 3013 1302 3041 A.

1702 282 1761 315 175

1698 601 1759 631 180

1697 926 1758 965 185

1698 1260 1759 1294 190

1698 1585 1759 1618 Ι95

1697 1910 1758 1933 200

1696 2232 1756 2264 205

1694 2557 1755 2580 210
