2010 3417
258 150 308 188 78
721 148 970 186 LETTERS
1010 148 1078 186 OF
1117 147 1383 187 ERASMUS
1721 144 1759 197 [1
1769 156 1790 193 5
1799 158 1813 182 1
1823 155 1844 191 5

256 259 451 297 Pontifici
475 269 662 296 cessurus
691 259 765 304 est,
793 259 855 295 sat
885 256 996 303 scio;
1025 268 1071 294 eo
1101 257 1164 293 est
1190 256 1233 293 in
1260 256 1385 294 istam
1411 255 1554 293 sedem
1580 255 1731 293 animo.
1792 255 1845 293 Et

178 327 238 359 160
256 336 332 362 nos
357 323 482 361 huius
511 320 754 360 memoriam
783 321 841 358 ita
873 333 968 358 cum
989 319 1140 357 Leonis
1161 319 1355 357 laudibus
1375 319 1675 368 copulabimus,
1699 319 1846 368 optimi

255 400 349 426 cum
365 387 531 436 optimo,
555 385 745 435 primatis
764 397 859 422 cum
878 384 1024 434 primo,
1043 385 1089 422 vt
1109 384 1186 423 hac
1205 383 1275 422 via
1293 384 1443 422 rectius
1462 384 1587 422 etiam
1607 383 1846 422 consultum

255 451 380 490 fuerit
397 453 439 489 et
460 450 720 499 Hieronymo
741 451 781 487 et
801 448 1050 488 Moecenatis
1069 448 1154 486 mei
1176 448 1351 488 nomini.

308 515 526 554 Edidimus
554 517 714 564 praeter
736 514 817 553 alia
842 514 1047 564 permulta
1070 513 1311 552 Chiliadum
1335 526 1438 564 opus
1461 526 1484 552 a
1514 513 1634 552 nobis
1659 513 1847 552 emenda-

254 583 345 620 tum
365 583 406 619 et
426 580 486 618 ita
504 580 803 630 locupletatum
817 581 864 618 vt
879 581 1023 630 quarta
1035 579 1265 618 voluminis
1277 592 1368 629 pars
1383 579 1606 618 accreuerit
1622 593 1631 626 3
1659 580 1850 629 proxima

175 651 234 693 ¹65
253 647 406 685 aestate
444 645 635 684 emissuri
672 645 809 684 varias
846 658 919 683 nec
958 644 1235 695 infrugiferas,
1276 647 1323 683 vt
1361 644 1517 694 opinor,
1557 643 1850 683 annotationes

253 712 415 750 nostras
441 711 487 749 in
519 710 687 749 Nouum
719 710 1044 758 Testamentum,
1072 723 1155 748 vna
1180 723 1275 748 cum
1299 709 1554 759 Apostolicis
1579 708 1764 759 epistolis
1790 708 1848 746 sic

255 789 277 814 a
296 775 416 814 nobis
435 776 567 816 versis
587 778 634 815 vt
653 775 834 826 intelligi
856 775 1040 825 possint3
1069 774 1114 813 in
1144 788 1225 825 quo
1253 775 1390 813 labore
1415 775 1473 813 ita
1501 776 1603 825 puto
1627 788 1694 813 me
1714 787 1848 813 versa—

254 843 361 889 tum,
393 844 440 880 vt
478 854 562 879 non
599 840 690 879 sine
723 854 842 880 causa
874 841 967 890 post
1003 839 1273 880 Laurentium
1311 839 1488 887 Vallam,
1526 841 1619 890 post
1649 838 1848 878 Iacobum

255 905 444 954 Fabrum,
485 906 622 945 virum
660 907 775 945 iuxta
813 906 981 944 doctum
1017 918 1062 944 ac
1103 905 1357 955 diligentem,
1399 905 1543 944 videar
1580 905 1657 944 hoc
1691 905 1849 955 negocii

177 985 236 1020 170
254 973 489 1022 suscepisse.
549 972 626 1010 Est
652 972 695 1009 in
721 971 917 1010 manibus
945 970 1113 1009 libellus
1140 970 1188 1009 de
1215 970 1471 1009 instituendo
1499 969 1702 1020 Principe,
1725 983 1847 1020 quem

254 1037 539 1076 illustrissimo
588 1036 732 1076 Oarolo
778 1035 988 1074 archiduci
1038 1035 1317 1085 Burgundiae,
1368 1035 1643 1074 Maximiliani
1694 1036 1847 1084 nepoti,

255 1102 567 1142 destinauimus.
625 1101 706 1141 His
741 1100 925 1140 defuncti
955 1102 1078 1140 rebus
1107 1101 1425 1139 commentarios
1457 1100 1559 1139 olim
1592 1099 1636 1138 in
1667 1100 1848 1138 Paulum

255 1168 438 1218 inceptos
457 1167 501 1205 in
523 1180 670 1206 manus
695 1166 1004 1214 reuocabimus3
1034 1166 1245 1205 decretum
1269 1166 1381 1205 enim
1405 1168 1468 1205 est
1496 1165 1691 1216 quicquid
1711 1178 1850 1215 super-

254 1234 443 1272 futurum
461 1235 523 1271 est
542 1232 644 1281 aeui,
668 1232 711 1271 id
730 1234 867 1271 totum
887 1232 1045 1270 arcanis
1069 1232 1256 1270 dedicare
1275 1232 1439 1270 litteris.
1500 1231 1584 1270 Nec
1604 1231 1715 1270 vllus
1734 1231 1850 1270 labor

178 1307 235 1341 Ι75
254 1298 304 1337 ab
323 1298 517 1338 instituto
536 1297 771 1346 deterrebit,
795 1297 831 1336 si
850 1299 921 1336 tuo
942 1297 1085 1347 tuique
1111 1297 1315 1336 similium
1334 1297 1475 1336 fauore
1494 1296 1716 1335 fulciemur
1731 1311 1740 1344 3
1771 1296 1850 1335 scis

254 1364 366 1402 enim
386 1364 472 1402 iam
491 1363 825 1402 vetustissimum
851 1362 957 1401 illud
985 1375 1083 1411 esse,
1106 1364 1152 1401 vt
1171 1362 1331 1401 inuidia
1352 1362 1496 1412 quauis
1523 1364 1686 1401 excetra
1704 1375 1849 1400 nocen-

254 1429 337 1468 tior
355 1428 527 1480 egregiis
547 1427 765 1467 conatibus
785 1441 945 1478 semper
965 1427 1170 1466 obsibilet.

310 1493 359 1533 Id
390 1494 499 1544 quod
528 1507 660 1544 nuper
688 1494 733 1531 in
763 1506 928 1532 summo
957 1493 1029 1532 illo
1057 1494 1148 1532 viro
1177 1493 1368 1532 Iohanne
1395 1492 1626 1531 Reuchlino
1651 1505 1735 1531 non
1762 1492 1849 1531 sine

255 1572 420 1598 summo
440 1558 571 1596 animi
596 1557 736 1597 dolore
766 1558 1067 1608 conspeximus.
1128 1558 1219 1596 Iam
1245 1571 1318 1607 par
1337 1560 1434 1606 erat,
1457 1558 1542 1596 iam
1562 1559 1725 1607 tempus
1749 1560 1846 1605 erat,

174 1627 237 1658 180
254 1626 300 1663 vt
320 1624 444 1662 homo
464 1624 719 1662 venerandae
739 1623 967 1662 senectutis
992 1623 1078 1662 suis
1099 1622 1391 1673 pulcherrimis
1412 1623 1562 1661 studiis
1581 1622 1790 1661 frueretur
1809 1624 1850 1661 et

255 1702 304 1727 ex
332 1688 625 1727 honestissima
653 1688 902 1727 iuuenilium
931 1690 1115 1726 semente
1149 1688 1338 1726 laborum
1368 1687 1660 1726 suauissimam
1691 1690 1851 1737 caperet

255 1766 442 1792 messem.
501 1753 781 1792 Conueniebat
813 1755 859 1792 vt
892 1753 956 1792 vir
985 1755 1046 1791 tot
1073 1752 1240 1803 linguis,
1273 1754 1334 1791 tot
1363 1752 1591 1802 disciplinis
1620 1751 1850 1791 instructus

254 1820 330 1858 hoc
349 1819 466 1859 velut
484 1819 632 1858 aetatis
658 1820 859 1857 autumno
883 1818 1058 1857 diuitem
1088 1817 1246 1867 ingenii
1270 1820 1522 1868 prouentum
1542 1817 1587 1855 in
1606 1817 1849 1857 vniuersum

256 1885 396 1924 orbem
433 1884 675 1923 effunderet.
749 1884 817 1922 Ad
846 1883 923 1922 hoc
952 1885 1039 1922 erat
1073 1883 1267 1922 laudibus
1297 1883 1622 1932 extimulandus,
1653 1883 1850 1933 praemiis

177 1952 234 1992 185
254 1950 509 1998 inuitandus,
525 1949 662 1988 studio
681 1948 1019 1987 inflammandus.
1079 1948 1134 1987 Et
1154 1950 1320 1987 exortos
1339 1948 1463 1987 audio
1482 1949 1620 1987 nescio
1641 1961 1744 1998 quos
1763 1949 1846 1998 qui,

255 2028 351 2053 cum
370 2015 450 2064 ipsi
469 2014 579 2053 nihil
598 2014 855 2064 praeclarum
881 2014 1038 2052 efficere
1057 2014 1230 2063 possint,
1254 2013 1568 2064 peruersissima
1586 2014 1654 2052 via
1671 2013 1849 2064 gloriam

255 2080 458 2118 affectent.
531 2080 667 2118 Deum
710 2079 1005 2127 immortalem,
1048 2091 1172 2128 quam
1214 2078 1379 2116 friuolis
1425 2092 1474 2117 ex
1515 2079 1639 2128 nugis
1675 2081 1850 2128 quantas

255 2144 483 2193 tragoedias
503 2143 787 2182 concitarunt!
842 2144 907 2182 Ex
926 2143 1123 2192 libellulo,
1144 2144 1227 2182 imo
1249 2143 1436 2193 epistola,
1456 2156 1584 2193 eaque
1605 2142 1849 2181 Germanice

255 2210 415 2259 scripta,
440 2222 563 2259 quam
584 2222 657 2247 nec
676 2209 851 2248 ediderit
871 2209 959 2259 ipse
982 2222 1058 2247 nec
1081 2209 1281 2247 edendam
1306 2209 1473 2258 putarit,
1494 2210 1660 2247 tantum
1680 2207 1849 2246 excitari

178 2288 238 2320 190
255 2275 491 2313 tumultus!
549 2274 650 2323 Quis
668 2287 853 2324 vnquam
877 2274 944 2313 vel
970 2274 1174 2323 scriptum
1207 2274 1391 2312 uouisset
1415 2287 1509 2312 eum
1537 2273 1737 2320 libellum,
1767 2273 1849 2311 nisi

256 2340 326 2379 isti
346 2340 503 2378 mundo
522 2339 802 2389 publicassent
814 2340 834 2378 ἵ)
891 2339 1053 2387 Quanto
1072 2339 1315 2389 placabilius
1335 2342 1430 2387 erat,
1454 2340 1489 2378 si
1509 2339 1605 2389 quid
1625 2338 1684 2377 ibi
1703 2339 1848 2378 fuisset

256 2408 437 2444 erratum
457 2405 518 2454 (vt
547 2406 686 2443 errant
712 2404 903 2443 homines
929 2405 1100 2453 omnes),
1125 2405 1167 2443 id
1193 2405 1260 2443 vel
1288 2418 1475 2454 premere
1501 2404 1568 2443 vel
1591 2404 1762 2442 candide
1791 2404 1848 2442 in-

256 2470 484 2521 terpretari,
502 2472 573 2509 aut
593 2472 700 2509 certe
716 2471 802 2508 tam
822 2469 986 2508 eximiis
1005 2469 1190 2508 hominis
1202 2469 1428 2508 virtutibus
1448 2470 1680 2508 condonare
1697 2471 1705 2508 1
1754 2470 1847 2508 Non

257 2536 332 2575 hoc
371 2535 547 2574 dixerim
585 2535 694 2586 quod
732 2534 817 2573 illic
856 2535 990 2574 vllum
1020 2535 1184 2574 videam
1218 2537 1417 2583 erratum,
1460 2548 1540 2586 qua
1579 2536 1628 2574 de
1666 2549 1709 2574 re
1747 2548 1846 2574 sane

858 2615 927 2644 174.
962 2607 990 2635 B
1007 2616 1014 2635 :
1037 2605 1193 2637 dedicari
1208 2609 1250 2637 A.

303 2664 374 2720 165.
401 2664 669 2723 annotationes]
693 2682 765 2713 The
791 2682 876 2712 New
899 2683 1016 2713 Testa·
1084 2683 1179 2714 cient
1205 2683 1284 2723 (Ep.
1303 2683 1395 2723 304).
1444 2684 1517 2715 But
1539 2685 1569 2715 it
1591 2684 1621 2714 is
1643 2686 1707 2715 not
1729 2693 1846 2715 neces-

259 2727 357 2755 ment
369 2725 399 2755 is
410 2727 473 2755 not
483 2725 693 2756 mentioned
704 2727 743 2756 in
755 2725 890 2765 Ep.333
901 2735 967 2756 nor
978 2726 1015 2756 in
1085 2736 1166 2766 sary
1211 2728 1247 2757 to
1296 2727 1463 2766 question
1512 2728 1573 2758 the
1616 2728 1775 2766 veracity
1813 2730 1850 2758 of

258 2768 320 2806 Ep.
336 2776 399 2807 335
413 2778 419 2805 ;
437 2768 478 2799 cf.
497 2769 558 2808 Ep.
575 2770 649 2808 338.
669 2779 709 2808 25
725 2778 761 2801 n.
1085 2769 1266 2801 Erasmus’
1280 2772 1475 2801 statement
1488 2771 1526 2801 in
1540 2771 1601 2811 Ep.
1615 2780 1687 2810 337.
1705 2781 1734 2809 1,
1748 2770 1845 2801 since

304 2812 373 2840 166.
412 2811 588 2853 epistolis]
637 2812 711 2843 The
753 2813 896 2843 earliest
935 2815 1014 2852 part
1084 2814 1147 2844 the
1188 2816 1353 2845 sentence
1392 2815 1476 2845 here
1510 2823 1583 2845 was
1612 2824 1699 2853 very
1735 2813 1844 2853 likely

260 2853 454 2884 translated
472 2855 517 2894 by
533 2856 721 2894 Erasmus;
745 2866 802 2887 see
819 2866 851 2896 p.
875 2857 945 2887 182.
1085 2856 1200 2887 added
1224 2860 1260 2887 at
1284 2857 1346 2888 the
1370 2858 1458 2888 time
1483 2857 1520 2888 of
1540 2857 1771 2898 publication.

304 2897 534 2939 168.Vallan1]
542 2899 627 2929 This
637 2908 778 2939 passage
789 2901 819 2930 is
829 2899 1014 2939 evidently
1131 2910 1201 2939 170.
1220 2900 1380 2940 libellus]
1406 2901 1457 2932 Cf.
1477 2901 1541 2941 Ep.
1559 2910 1633 2940 393.

258 2949 304 2970 an
331 2949 469 2970 answer
494 2943 529 2971 to
555 2941 680 2981 Dorp’s
705 2943 908 2983 suggestion
936 2943 1015 2974 that
1130 2953 1200 2982 172.
1221 2943 1510 2984 commentarios]
1528 2944 1579 2974 Cf.
1599 2944 1662 2982 Ep.
1686 2944 1760 2981 164.
1775 2953 1826 2982 39.

259 2983 320 3013 the
335 2983 429 3013 work
447 2982 485 3014 of
507 2984 606 3015 Valla
622 2985 693 3015 and
711 2986 821 3017 Faber
838 2996 908 3017 was
925 2986 1016 3017 suffi—
1131 2988 1201 3019 188.
1226 2987 1404 3028 libellulo]
1431 2987 1482 3018 Cf.
1500 2987 1561 3026 Ep.
1582 2996 1655 3026 290.
1678 2996 1692 3016 1
1707 2996 1740 3016 n.
