2010 3417
125 164 222 219 357]
592 166 746 206 FROM
783 166 1002 207 ULRICH
1040 166 1244 207 ZASIUS
1639 167 1715 206 147

123 279 194 316 tua
218 275 468 324 humanitas,
495 277 542 316 vt
565 276 685 315 donis
711 277 796 315 tam
822 277 981 326 optatis
1011 278 1097 315 tam
1124 275 1382 327 elegantibus
1407 289 1475 315 me
1499 277 1715 326 tantopere

121 354 377 392 prosequare,
401 354 495 380 cum
520 343 661 381 tamen
691 341 871 380 inuicem
897 341 1013 380 nulla
1038 341 1116 380 tibi
1141 355 1192 380 ne
1212 341 1360 381 vmbra
1386 341 1556 392 quidem
1580 341 1713 390 officii,

121 407 277 446 nedum
296 406 438 454 officio,
453 407 736 457 respondeam.
797 407 877 446 Sed
896 406 1099 445 immensa
1117 409 1211 446 tuae
1229 406 1494 446 admirandae
1509 407 1715 446 doctrinae
1735 418 1752 449 5

122 472 298 512 latitudo
331 474 453 522 negat
486 474 527 510 et
559 471 818 510 liberalitatis
852 484 945 522 erga
980 472 1101 522 (me)
1135 474 1206 511 tue
1239 471 1494 522 opulentiam
1527 471 1716 511 concludi

121 537 260 588 septis,
293 539 350 586 vt,
386 537 491 575 sicut
528 537 574 575 in
612 536 782 586 optimis
819 537 1018 575 doctrinis
1055 537 1120 575 tui
1152 536 1333 576 similem
1365 538 1598 577 Germanus
1630 550 1715 576 non

120 602 245 642 habet
279 602 400 650 orbis,
437 603 478 640 et
510 602 616 640 forte
647 615 722 640 nec
754 601 898 650 Italus,
932 602 989 640 ita
1023 604 1063 640 et
1096 602 1369 641 humanitatis
1406 602 1563 653 primas
1599 602 1716 642 sedes

120 667 331 707 insederis.
351 701 357 708 ,
390 666 451 705 Ea
474 666 585 704 enim
614 667 783 704 demum
805 666 913 704 iusta
937 669 999 704 est
1025 666 1262 705 humanitas
1286 681 1410 718 quam
1436 667 1715 718 complurium

120 733 354 774 studiorum
382 731 492 769 iusta
515 730 713 780 professio
740 730 922 770 instruit.
983 731 1188 781 Equidem
1214 732 1377 781 quando
1406 732 1513 770 nihil
1540 732 1715 771 habeam
1735 744 1774 766 10

121 812 201 848 quo
226 798 310 837 tuis
332 795 518 846 repetitis
540 795 830 845 pulcherrimis
848 795 969 834 donis
987 796 1199 846 gratificer,
1220 798 1396 846 vtroque
1417 810 1484 835 me
1510 798 1551 835 et
1573 796 1715 836 animo

119 865 159 903 et
178 864 317 901 mente
336 861 484 910 obligo,
507 862 553 900 vt
572 860 649 899 sub
669 862 786 899 tuam
805 873 980 900 manum
1004 860 1214 900 subiectus
1239 862 1324 900 tuis
1349 861 1430 901 sim
1456 861 1582 902 iussis
1604 875 1715 912 prae-

119 928 227 967 senti
245 940 406 976 semper
425 925 659 965 obedientia
677 926 896 976 pariturus,

169 992 386 1033 Caeterum
407 992 503 1041 quia
520 991 726 1041 nuptiales
743 991 853 1030 filiae
873 1004 1047 1041 pompas
1062 991 1186 1042 (quod
1206 991 1363 1031 bonum
1383 992 1424 1030 et
1442 991 1626 1030 faustum
1646 992 1714 1042 sit)

116 1058 171 1098 vi.
209 1057 352 1096 Nonas
385 1056 528 1096 Octob.
563 1056 649 1096 iam
681 1056 820 1095 futuro
853 1070 946 1095 sum
977 1056 1267 1105 celebraturus,
1305 1058 1356 1105 te,
1393 1058 1439 1096 vt
1471 1057 1508 1095 ei
1540 1069 1714 1106 pompae
1731 1071 1772 1103 15

114 1135 311 1174 praesens
330 1122 502 1171 adesses,
524 1121 559 1161 si
586 1122 627 1160 id
653 1121 731 1160 tibi
756 1134 842 1160 non
866 1122 971 1160 foret
994 1122 1229 1171 molestum,
1251 1122 1432 1161 maximo
1453 1135 1533 1171 quo
1552 1134 1715 1172 possem

115 1189 219 1227 nixu
251 1200 523 1238 perprecarer.
577 1187 752 1226 Venires
785 1188 899 1226 enim
931 1189 974 1226 et
1006 1189 1242 1237 expectatus
1279 1187 1427 1226 multis
1464 1186 1583 1226 bonis
1611 1187 1712 1227 viris

116 1254 190 1303 qui
213 1253 258 1292 in
285 1254 326 1291 te
351 1253 506 1301 ardent,
529 1254 569 1290 et
594 1265 679 1291 non
704 1252 855 1291 modici
882 1253 1116 1291 ornamenti
1141 1252 1369 1291 accessione
1395 1265 1463 1290 me
1489 1252 1709 1291 decorares.

117 1318 277 1357 Domus
304 1331 396 1357 mea
427 1320 514 1356 tam
542 1319 716 1367 augusto
749 1317 905 1367 hospiti
937 1317 1077 1356 effusis
1107 1319 1266 1368 pateret
1297 1317 1465 1366 foribus,
1503 1320 1543 1356 et
1576 1319 1714 1356 totum

114 1383 380 1435 gymnasium
408 1385 481 1421 tua
507 1383 741 1433 praesentia
768 1382 1057 1422 illustraretur.
1137 1383 1216 1422 Sed
1246 1396 1293 1421 eo
1321 1385 1363 1420 te
1393 1382 1513 1421 officii
1540 1395 1713 1432 grauare
1734 1397 1773 1418 20

116 1463 200 1488 non
230 1449 369 1497 audeo,
406 1447 506 1486 dum
535 1448 702 1487 noueris
729 1450 819 1486 toto
846 1461 915 1486 me
943 1448 1158 1498 desyderio
1192 1447 1476 1498 Desyderium,
1509 1447 1545 1485 si
1572 1448 1712 1486 venire

115 1514 362 1565 dignaberis,
392 1515 670 1564 excepturum,
701 1513 1051 1564 prouisurumque
1080 1528 1132 1553 ne
1161 1513 1260 1564 quid
1290 1515 1330 1552 te
1358 1513 1499 1552 viatici
1526 1513 1715 1563 impensa

114 1581 285 1630 premat.
342 1576 583 1629 'Philippus
620 1580 769 1627 noster,
805 1579 901 1618 licet
939 1592 1055 1629 spem
1094 1579 1255 1618 fecisset
1293 1592 1379 1617 non
1416 1578 1595 1617 abeundi
1632 1578 1714 1617 nisi

114 1645 266 1685 litteris
293 1644 398 1684 meis
427 1644 659 1694 comitibus,
681 1644 813 1684 abiuit
832 1646 985 1694 tamen,
1006 1645 1123 1684 credo
1142 1645 1210 1684 vel
1238 1642 1549 1694 opportunitate
1577 1643 1715 1694 aliqua

114 1711 183 1750 vel
210 1710 451 1749 necessitate
479 1712 701 1760 permotus.
761 1710 838 1749 Est
865 1710 978 1749 enim
1007 1710 1130 1758 (quod
1159 1708 1390 1757 abominor)
1419 1721 1585 1758 corpore
1613 1708 1714 1747 satis
1733 1723 1771 1755 25

115 1775 272 1824 affecto,
290 1775 424 1814 bonus
438 1774 593 1824 alioqui
606 1774 670 1814 vir
682 1776 723 1813 et
737 1774 956 1814 humanus.
1016 1775 1166 1824 Itaque
1180 1773 1459 1824 praesentium
1478 1772 1711 1821 exhibitori,

115 1853 267 1890 genero
295 1853 401 1891 meo,
431 1839 592 1879 litteras
620 1839 729 1878 dedi.
795 1840 907 1888 Vale,
940 1840 1064 1879 decus
1091 1840 1325 1879 litterarum
1358 1840 1399 1877 et
1431 1838 1714 1877 litteratorum

118 1905 319 1956 princeps.

171 1971 233 2009 Ex
253 1969 498 2020 Fryburgho
518 1969 561 2007 xi
581 1969 674 2009 Kal.
699 1969 837 2009 Octob.

1365 2033 1479 2071 Tuus
1500 2031 1655 2072 Zasius.
1731 2050 1772 2082 30

169 2101 297 2140 Beato
334 2100 545 2149 Rhenano,
581 2113 694 2139 rarae
731 2100 984 2150 integritatis
1020 2102 1062 2139 et
1099 2098 1345 2138 eruditionis
1377 2098 1480 2146 viro,
1517 2097 1713 2148 quicquid

114 2166 267 2217 poteris
287 2165 520 2216 pulchrum,
543 2166 736 2214 amicum,
759 2165 1035 2204 honorificum
1060 2165 1212 2213 dieito;
1241 2176 1363 2215 quem
1382 2165 1422 2201 et
1441 2162 1520 2201 tibi
1538 2162 1710 2211 itineris,

115 2232 151 2271 si
182 2232 224 2270 id
257 2231 316 2270 sis
347 2230 620 2281 ingressurus,
653 2232 694 2269 et
723 2231 961 2270 ornamenti
990 2231 1097 2281 quod
1130 2243 1241 2269 meae
1274 2228 1457 2268 familiae
1486 2227 1710 2278 affulgebit,

116 2297 313 2336 comitem
331 2309 382 2334 ex
402 2295 598 2335 medullis
619 2295 749 2347 cupio.

561 2399 713 2440 357358.
775 2398 839 2440 To
870 2398 1056 2441 ULRICH
1088 2398 1268 2439 ZAsms.

163 2477 274 2513 Basle
291 2476 368 2513 Ms.
387 2478 428 2513 D.
449 2477 512 2512 IV.
535 2479 588 2520 18,
607 2478 632 2514 f.
655 2488 723 2523 339
739 2482 779 2512 v0
799 2478 862 2523 (a).
1381 2473 1556 2521 <Basle.>

166 2535 207 2570 E.
222 2547 256 2580 p.
269 2536 333 2580 385
348 2548 356 2570 :
374 2535 413 2570 F.
426 2548 463 2580 p.
477 2545 564 2580 471:
584 2535 674 2574 HN:
694 2536 809 2571 Lond.
822 2536 884 2571 xii.
902 2545 937 2582 5:
961 2535 1124 2577 LB.164.
1231 2533 1480 2580 (September
1497 2533 1558 2567 fin.
1582 2529 1708 2577 1515.)

162 2606 250 2648 [The
265 2606 488 2645 manuscript
504 2606 534 2636 is
552 2615 572 2637 a
586 2616 676 2646 copy
690 2606 738 2646 by
754 2606 925 2637 Boniface
941 2604 1147 2637 Amor-bach
1164 2614 1210 2635 on
1226 2603 1289 2634 the
1309 2604 1378 2634 last
1395 2601 1470 2632 leaf
1490 2601 1528 2632 of
1547 2611 1567 2632 a
1586 2610 1711 2631 manu-

116 2651 228 2690 script
243 2648 461 2680 translation
477 2648 516 2680 of
528 2649 663 2680 Lucian
678 2649 782 2680 made
797 2650 846 2690 by
860 2649 940 2680 him
957 2650 996 2679 in
1012 2649 1074 2679 the
1091 2657 1250 2678 summer
1267 2647 1306 2677 of
1327 2655 1409 2685 1515
1431 2644 1503 2676 and
1524 2643 1711 2676 dedicated

160 2727 193 2758 6.
216 2735 273 2756 me
289 2727 401 2755 addidi
415 2735 423 2755 ε
445 2726 467 2764 g
481 2726 542 2755 tue
554 2727 622 2756 MS.
637 2736 645 2755 ε
669 2725 758 2764 quin
774 2726 855 2755 tuae
871 2726 935 2756 LB.
1028 2723 1214 2763 opulentia
1229 2724 1294 2763 ΖΒ,
1308 2730 1483 2759 perperam,
1600 2730 1630 2760 9.
1656 2721 1710 2752 est

117 2772 171 2801 ΕΒ
183 2781 190 2800 :
215 2769 242 2800 St
258 2770 326 2799 MS.
464 2778 512 2801 10.
538 2767 709 2807 professio
724 2770 797 2799 LB:
822 2768 1023 2807 professum
1039 2769 1110 2799 MS.

181 2856 229 2885 14.
293 2844 405 2886 filiae]
465 2843 679 2884 Clementia,
741 2842 874 2875 Zasius’
944 2851 1150 2874 announces
1185 2842 1250 2872 her
1282 2840 1474 2872 betrothal.
1541 2841 1610 2872 For
1645 2840 1709 2872 the

117 2898 277 2930 younger
305 2888 481 2928 daughter
510 2888 558 2927 by
586 2887 645 2918 his
674 2886 754 2918 first
784 2896 877 2917 mar·
944 2887 1165 2924 subsequent
1189 2885 1260 2916 loss
1284 2885 1322 2916 of
1351 2885 1520 2916 affection
1545 2885 1709 2915 between

117 2935 222 2974 riage.
261 2933 331 2964 She
355 2930 510 2963 married
539 2940 559 2961 a
585 2931 755 2969 Freiburg
785 2939 879 2961 mer-
945 2930 1010 2960 her
1026 2928 1097 2960 and
1116 2928 1180 2959 her
1196 2928 1316 2959 father
1334 2939 1391 2959 see
1407 2928 1474 2959 ZE.
1496 2928 1534 2958 18
1550 2928 1623 2959 and
1639 2938 1692 2965 24.

118 2976 248 3015 chant3
278 2976 320 3007 cf.
355 2975 546 3013 Stintzing,
577 2977 702 3013 Zasz'zcs,
736 2983 768 3013 p.
804 2982 875 3012 177.
989 2982 1040 3012 23.
1080 2971 1286 3013 Philippus]
1341 2971 1604 3012 Engelbrecht3
1652 2981 1709 3003 see

117 3019 165 3050 In
180 3020 246 3052 ZE.
267 3020 339 3060 166,
357 3018 463 3050 dated
479 3028 520 3049 22
536 3017 626 3058 Aug.
649 3026 741 3058 1515,
755 3017 878 3048 Zasius
945 3016 1009 3056 Ep.
1029 3026 1102 3055 344.
1122 3024 1164 3055 52
1179 3025 1215 3047 n.

883 3084 950 3110 L2
