2010 3417
257 334 295 365 45

247 1303 290 1334 60

317 146 398 184 516
781 146 1030 185 LETTERS
1069 146 1138 185 oF
1176 147 1444 187 ERAsMUs
1790 147 1912 202 [1517

314 256 430 303 facio,
453 255 599 305 quanti
614 255 705 294 fieri
720 255 868 294 debere
887 256 1126 295 existimaui
1147 270 1156 304 ;
1186 256 1307 295 debet
1327 256 1536 306 siquidem
1557 257 1739 307 plurimi.
1795 258 1916 297 Nunc

314 322 397 359 tuis
415 321 638 358 formatum
658 321 807 359 studiis
825 321 980 360 mirum
1000 324 1064 360 est
1079 334 1203 371 quam
1216 321 1321 359 mihi
1336 322 1455 360 corde
1474 322 1743 372 impresseris,
1767 336 1851 361 non
1870 326 1916 362 vt

313 387 356 422 iu
390 398 457 423 aes
487 385 666 423 incisum
696 386 960 435 sculptumue
997 399 1203 425 marmore
1241 386 1522 433 simulacrum,
1555 387 1600 425 in
1634 401 1715 437 quo
1748 388 1809 426 nil
1835 389 1918 427 nisi

315 450 470 499 opificis
499 450 694 499 probatur
723 464 896 500 manus;
939 453 1010 490 tua
1040 465 1139 490 vero
1170 452 1247 490 hac
1281 451 1494 501 sculptura
1527 453 1687 502 opificis
1717 467 1846 503 aeque
1876 457 1918 493 et

313 515 447 564 operis
472 515 733 565 depromitur
751 516 898 565 virtus,
921 530 1008 555 non
1032 518 1123 556 sine
1146 518 1326 567 quodam
1353 517 1599 556 mirantium
1621 519 1664 557 in
1692 521 1916 569 vtrumque

313 583 498 619 vestrum
517 581 678 629 affectu,
701 583 748 619 vt
766 582 887 620 illum
906 583 965 621 ita
984 596 1097 621 nunc
1116 596 1252 621 amem
1273 584 1314 621 et
1334 583 1468 621 colam
1489 596 1616 632 quem
1644 583 1751 635 (vix)
1776 585 1916 623 videar

254 661 270 691 5
312 647 433 684 antea
461 646 666 685 dilexisse.
726 648 783 686 Te
811 662 907 686 vero
935 649 993 686 ita
1031 648 1224 695 admiror,
1258 661 1383 698 quem
1412 649 1484 686 vix
1513 649 1730 688 hominem
1758 652 1913 699 putem.

314 711 396 749 Nec
411 724 478 750 me
500 713 582 750 mei
607 713 718 763 piget
748 717 857 752 certe
885 713 1041 761 iudicii,
1067 713 1139 763 qui
1166 713 1279 752 viros
1308 713 1551 752 huiusmodi
1572 714 1762 753 duxerim
1783 715 1915 754 obser-

312 777 497 825 uandos;
529 792 706 828 quorum
731 779 912 818 alterum
937 779 989 818 ob
1016 779 1203 829 insignes
1221 779 1312 817 eius
1330 780 1520 828 virtutes,
1543 779 1914 831 admirabilemque

310 842 542 881 doctrinam
588 846 629 882 et
676 845 926 894 sapientiam
965 846 1189 883 veneratur
1225 846 1266 882 et
1309 843 1482 893 suspicit
1522 845 1634 883 orbis
1670 846 1765 884 tuae
1801 847 1914 885 vocis

308 908 524 956 preconi03
563 909 742 948 alterum
779 924 888 957 vero,
925 910 996 960 qui
1035 910 1236 949 bonarum
1276 909 1431 948 artium
1465 909 1713 959 disciplinis,
1746 925 1914 950 morum

251 1009 265 1017 υ
277 985 289 992 ·
308 973 555 1022 integritate,
573 975 888 1024 incomparabili
909 975 1073 1014 dicendi
1093 974 1290 1014 facultate
1310 974 1417 1013 nulli
1437 976 1611 1013 omnino
1631 975 1686 1014 sit
1706 977 1914 1016 conferen-

309 1038 397 1086 dus,
417 1040 458 1076 et
478 1052 550 1088 pro
570 1053 677 1078 nouo
698 1041 877 1090 quodam
889 1041 965 1079 hac
977 1041 1225 1090 tempestate
1245 1040 1447 1079 miraculo
1466 1040 1695 1081 habendus.

363 1103 417 1141 Et
454 1106 500 1142 vt
538 1105 588 1142 ad
620 1118 708 1143 rem
747 1106 858 1144 vnde
896 1106 1104 1156 digressus
1140 1119 1236 1144 sum
1266 1105 1442 1153 redeam,
1483 1105 1549 1144 his
1585 1106 1670 1144 tuis
1706 1107 1912 1156 pascimur

307 1168 515 1216 analectis,
556 1170 890 1221 quandoquidem
929 1171 1183 1221 quotidianis
1220 1183 1296 1209 nos
1333 1172 1429 1209 tuae
1474 1184 1641 1210 mensae
1695 1172 1912 1211 defraudas

308 1234 514 1272 obsoniis:
543 1248 668 1284 puros
685 1236 960 1275 delibabimus
979 1237 1133 1284 latices,
1157 1236 1242 1275 nisi
1271 1235 1437 1275 Falerni
1456 1236 1678 1286 quicquam
1699 1237 1772 1284 tui,
1794 1237 1912 1276 cuius

307 1298 383 1336 tibi
402 1300 547 1349 pocula
567 1314 718 1346 seruas,
739 1302 861 1341 nobis
881 1302 1095 1352 impartire
1109 1302 1303 1340 volueris.
1360 1301 1454 1340 Hoc
1473 1302 1626 1351 poterit
1647 1302 1911 1352 desyderatae

307 1366 401 1402 tuae
419 1367 732 1406 consuetudinis
747 1368 899 1407 damna
913 1367 1119 1415 resarcire,
1139 1367 1249 1405 vnde
1268 1368 1435 1404 tantum
1451 1366 1693 1406 hauriemus
1706 1369 1911 1417 quantum

306 1429 356 1467 ab
387 1429 593 1472 huiusce-t-
625 1431 680 1470 sit
707 1445 782 1471 nos
802 1433 932 1482 possit
957 1432 1110 1470 iniuria
1138 1431 1359 1470 vindicare.
1421 1432 1625 1482 Quicquid
1658 1433 1830 1472 interim
1858 1448 1910 1473 ex

306 1493 512 1533 ditissima
540 1496 642 1535 istae
662 1499 755 1536 tuae
784 1498 1059 1536 bibliothecae
1087 1496 1336 1546 supellectili
1365 1497 1474 1546 apud
1503 1510 1579 1536 nos
1607 1511 1695 1536 esse
1723 1499 1905 1547 voluisti,

305 1560 572 1610 perlegemus,
605 1563 901 1612 amplectemur
930 1562 1196 1612 studioseque
1228 1562 1497 1610 seruabimus,
1534 1575 1587 1601 ne
1617 1564 1654 1601 ei
1684 1577 1809 1613 quam
1843 1566 1909 1603 tui

269 1637 284 1667 ,-
305 1625 477 1664 fecimus
504 1626 693 1675 iacturae,
720 1629 796 1666 hoc
823 1642 986 1678 quoque
1012 1629 1214 1666 damnum
1244 1627 1564 1675 accumulemus,
1587 1630 1633 1666 vt
1659 1629 1908 1679 scriptorum

304 1703 471 1739 prorsus
496 1693 666 1730 tuorum
690 1693 868 1732 lectione
898 1706 1121 1732 careamus.
1181 1692 1276 1731 Non
1302 1694 1344 1730 te
1374 1692 1616 1742 expetimus,
1647 1694 1730 1732 nisi
1759 1708 1809 1733 ex
1834 1697 1906 1735 tuo

304 1758 552 1806 tuarumque
579 1771 718 1796 rerum
738 1772 816 1797 vsu
842 1759 897 1797 sit
924 1759 1005 1797 huc
1029 1758 1401 1808 proficiscendum3
1434 1771 1520 1796 non
1545 1760 1640 1797 tuas
1665 1773 1906 1812 quecunque

304 1822 390 1859 sint
418 1822 635 1861 facultates
663 1824 887 1874 querimus,
919 1824 1071 1874 quibus
1100 1836 1186 1862 non
1216 1823 1477 1872 indigemus:
1516 1823 1676 1863 litteras
1705 1825 1907 1865 duntaxat

305 1889 397 1925 tuas
416 1887 700 1938 efflagitamus,
726 1890 837 1928 vnde
866 1889 1137 1928 suauissimos
1160 1888 1263 1927 istos
1286 1890 1381 1926 tuos
1407 1887 1567 1938 lepores
1589 1885 1724 1942 [quos]
1755 1904 1830 1930 ceu
1855 1905 1905 1930 ex

304 1953 609 1992 amoenissimis
637 1956 767 2004 pratis
795 1955 1122 1994 iucundissimos
1160 1954 1284 1992 flores
1315 1954 1478 2003 excerpi
1506 1954 1640 2001 liceat,
1675 1955 1905 2007 quibusque

305 2018 477 2056 corollas
497 2020 617 2067 nacti,
640 2020 857 2059 doctarum
883 2020 1088 2058 frontium
1112 2019 1277 2070 premia,
1308 2032 1472 2069 pascere
1501 2019 1690 2059 animum
1715 2023 1758 2060 et
1780 2023 1904 2073 aegri-

305 2082 442 2120 tudini
471 2084 567 2122 huic
597 2087 762 2125 nostrae
791 2086 950 2124 mederi
978 2085 1203 2124 valeamus.
1261 2084 1374 2133 Quos
1403 2098 1534 2134 quum
1562 2087 1702 2124 nostro
1731 2087 1904 2127 fortasse

304 2147 493 2197 languori
512 2150 696 2189 conferre
714 2151 892 2190 minime
911 2164 1030 2201 posse
1048 2153 1181 2200 putas,
1204 2149 1355 2199 quibus
1374 2149 1538 2188 nullam
1557 2150 1728 2189 omnino
1746 2151 1833 2190 vim
1852 2153 1903 2192 ad

304 2211 508 2250 curandos
533 2214 682 2252 natura
713 2214 904 2253 conciliat
933 2214 1112 2261 morbos,
1146 2211 1486 2263 quandoquidem
1509 2212 1658 2262 primis
1681 2213 1766 2252 illis
1791 2215 1901 2253 vnde

307 2275 367 2314 vis
403 2277 606 2316 medicine
644 2281 812 2328 paratur
850 2279 1121 2329 qualitatibus
1158 2280 1317 2325 vacent,
1359 2290 1509 2316 vanam
1546 2291 1569 2316 a
1606 2278 1727 2316 nobis
1764 2280 1902 2330 expeti

303 2341 549 2381 medicinam
562 2343 840 2383 arbitraberis.
893 2345 1007 2393 Quod
1022 2358 1108 2383 non
1121 2344 1229 2382 esset
1243 2342 1394 2381 rationi
1409 2342 1623 2390 absonum,
1641 2344 1700 2382 nii
1714 2344 1897 2393 Erasme,

303 2407 337 2444 si
358 2407 501 2457 capitis
527 2421 593 2446 me
613 2411 686 2447 aut
712 2410 916 2448 stomachi
934 2409 1022 2460 pati
1051 2409 1234 2448 dolorem
1253 2407 1518 2446 anhelitusue
1538 2408 1670 2458 premi
1695 2410 1897 2460 angustia,

305 2474 486 2523 torqueri
513 2474 773 2523 torminibus,
807 2489 877 2514 seu
908 2476 1034 2514 citam
1063 2475 1225 2513 effluere
1253 2473 1408 2523 aluum,
1434 2487 1558 2524 quam
1584 2474 1675 2512 sisti
1701 2477 1897 2525 oporteat.

350 2561 402 2598 46.
427 2569 485 2591 aes
501 2563 524 2595 β
539 2573 546 2591 :
570 2571 609 2592 eo
625 2573 656 2593 a.
819 2572 871 2601 49.
894 2563 917 2596 β
933 2573 941 2592 :
964 2562 1093 2593 effectu
1108 2573 1138 2593 α.
1251 2570 1357 2600 quem
1373 2572 1394 2590 α
1411 2560 1463 2602 (ξι)
1480 2571 1488 2591 :
1510 2570 1622 2600 quum
1639 2562 1662 2594 B
1676 2571 1683 2592 :
1708 2570 1816 2600 quam
1834 2564 1897 2593 LB.

306 2604 357 2641 58.
386 2605 571 2635 ancilectis
586 2606 619 2638 β.
724 2606 777 2636 62.
802 2606 952 2636 huiusce
968 2605 1026 2639 ‹1ss²
1042 2616 1048 2635 :
1072 2605 1181 2635 huius
1197 2615 1235 2636 ce
1251 2604 1298 2638 1:³¹.
1369 2604 1416 2635 sit
1432 2606 1476 2637 αβ
1491 2615 1499 2635 :
1523 2605 1574 2635 sic
1590 2607 1653 2635 LB.
1753 2605 1805 2644 63.
1832 2607 1896 2639 afi:

306 2648 374 2677 ista
388 2650 452 2679 LB.
541 2647 623 2682 015²:
648 2658 735 2688 apus
751 2648 798 2683 13¹.
901 2651 953 2687 64.
980 2650 1204 2680 seruabimus
1219 2659 1257 2680 a:
1283 2648 1521 2679 scrutabimus
1536 2649 1569 2682 β.
1669 2657 1722 2686 71.
1747 2648 1897 2679 corollas

307 2693 356 2720 ΕΒ
374 2702 380 2721 z
403 2691 538 2722 coi-olas
553 2691 611 2726 ιιιβι
629 2703 635 2722 z
659 2692 802 2723 corollis
818 2692 866 2727 6².
959 2694 1056 2723 nacti
1073 2695 1187 2729 scripsi
1201 2703 1208 2722 :
1232 2692 1329 2723 necti
1346 2692 1390 2725 αβ
1405 2703 1412 2722 :
1434 2693 1599 2731 nisiforte,
1613 2694 1693 2722 sicut
1708 2695 1751 2722 ad
1767 2694 1897 2722 initium
1944 2708 1947 2710 ·

305 2737 361 2769 Ep.
376 2736 440 2773 398
457 2739 635 2772 suspicatus
650 2746 730 2773 sum,
742 2739 832 2767 ‘verba
849 2739 1001 2774 quaedam
1011 2747 1047 2767 ecc
1059 2738 1232 2775 νηανῃίηαῐί
1246 2737 1345 2772 spatio
1358 2738 1400 2765 ad
1416 2738 1552 2766 Iocaozon
1564 2745 1623 2765 sua
1636 2739 1711 2766 sunt
1719 2738 1872 2766 translata
1886 2747 1894 2774 3

303 2780 375 2807 adeo
391 2782 420 2807 vt
436 2781 479 2808 ita
493 2782 535 2809 sit
548 2782 743 2810 scribemlmn
758 2791 765 2810 ε
796 2782 848 2819 69.
874 2780 1011 2819 lepores
1028 2790 1092 2811 ceu
1117 2803 1124 2810 .
1145 2803 1152 2811 .
1173 2804 1180 2810 .
1206 2789 1256 2818 70.
1284 2779 1387 2809 liceat
1403 2781 1440 2810 et
1456 2780 1557 2817 quasi
1575 2779 1614 2809 in
1631 2779 1780 2810 corollas
1795 2780 1893 2810 necti

331 2844 337 2850 .
361 2845 366 2851 .
395 2831 440 2859 71.
466 2824 614 2861 premia,
634 2823 834 2863 quibusque
850 2833 1004 2863 pascere.
1149 2833 1200 2862 71.
1238 2822 1377 2853 frontisl
1392 2820 1452 2857 [3²2
1476 2821 1594 2853 fontisl
1610 2821 1646 2856 13¹
1663 2833 1670 2853 :
1693 2823 1856 2863 foeinian,
1873 2833 1893 2853 a

306 2866 403 2893 nescio
419 2868 636 2903 q›‹o‚s0rsitan
652 2877 669 2896 α
686 2870 793 2904 prima
808 2877 918 2905 manu,
936 2877 1063 2898 erasum
1085 2878 1116 2897 α.
1202 2875 1252 2905 73.
1280 2867 1386 2905 putas
1400 2877 1420 2895 α
1435 2877 1441 2896 :
1466 2868 1571 2905 putes
1586 2866 1619 2900 β.
1704 2875 1754 2907 75.
1782 2866 1894 2897 medi-

305 2906 383 2936 cine
400 2908 421 2939 Β
437 2919 443 2937 ;
470 2909 624 2939 mediate
641 2921 671 2941 α.
779 2921 829 2950 77.
853 2913 907 2940 LB
922 2922 930 2941 ι
953 2910 1138 2941 hanelitus
1153 2920 1195 2940 ve
1211 2922 1230 2940 α
1246 2921 1253 2940 :
1277 2909 1506 2940 hanelitusue
1522 2911 1556 2944 β.
1671 2910 1723 2948 78.
1747 2919 1844 2949 quan
1859 2911 1894 2944 β.

754 3019 804 3046 71.
831 3009 1032 3050 doctarum]
1059 3008 1110 3040 Cf.
1132 3009 1218 3040 Hor.
1237 3010 1268 3039 C.
1290 3017 1318 3039 1.
1342 3017 1367 3039 1.
1386 3018 1437 3047 29.
