2010 3417
340 161 417 199 130
799 160 1052 199 LETTERS
1087 160 1158 200 OF
1193 160 1461 201 ERASMUS
1800 157 1838 212 [1
1848 170 1869 207 5
1878 170 1924 207 15

256 287 268 308 1
278 287 316 308 20
339 271 552 310 Terentius
567 269 778 307 induceret
793 281 972 319 nequam
987 268 1291 307 adolescentem
1306 270 1608 319 proponentem
1621 268 1701 308 sibi
1714 269 1861 309 Iouem
1872 271 1925 309 ad

336 334 569 385 exemplum
589 333 734 384 stupri,
757 333 858 372 dum
877 334 1034 384 spectat
1053 332 1252 372 tabellam
1271 334 1480 383 quandam
1499 333 1652 383 pictam
1671 334 1718 372 in
1736 334 1889 384 pariete
1905 349 1914 383 3

1247 398 1310 438 ibi
1329 398 1463 437 inerat
1483 398 1645 448 pictura
1663 399 1755 447 hec,
1775 398 1923 438 Iouem

337 464 425 513 Quo
436 465 555 514 pacto
568 463 734 502 Danaae
747 462 910 502 misisse
923 462 1042 502 aiunt
1055 463 1099 501 in
1112 463 1317 513 gremium
1330 464 1539 514 quondam
1551 463 1730 503 imbrem
1742 477 1924 512 aureum,

334 559 340 567 .
366 558 375 567 .
399 558 408 567 .
431 529 572 567 fucum
591 529 750 567 factum
768 527 948 567 mulieri.
1053 528 1109 567 Et
1127 528 1223 568 vide
1242 528 1593 580 quemadmodum
1611 542 1655 568 se
1675 528 1855 568 concitat
1875 530 1926 568 ad

255 609 312 640 125
335 593 563 641 libidinem,
587 592 703 643 quasi
722 593 862 632 celesti
881 593 1117 643 magisterio
1135 608 1144 632 :

385 660 446 698 At
466 671 590 709 quem
609 658 759 697 deum!
789 658 937 708 inquit,
960 658 1033 709 qui
1050 658 1208 709 templa
1227 658 1306 697 celi
1324 672 1488 698 summa
1507 659 1648 698 sonitu
1667 657 1861 697 concutit.

387 724 474 775 Ego
493 723 714 763 homuntio
733 723 776 762 id
796 737 882 762 non
904 724 1082 763 facerem
1094 726 1114 764 ‘?
1161 724 1250 775 Ego
1269 738 1367 765 vero
1386 725 1429 764 id
1445 726 1590 775 sponte
1605 724 1681 763 feci
1699 737 1744 763 ac
1763 723 1924 764 lubens.

334 790 430 829 Non
450 789 621 829 omnino
639 802 712 840 per
738 788 844 828 hanc
869 789 1174 840 turpitudinem
1192 790 1318 829 verba
1345 790 1426 829 ista
1454 790 1666 829 comodius
1685 790 1927 838 discuntur;

332 856 403 895 sed
441 869 514 905 per
550 855 625 894 hec
657 854 782 894 verba
819 855 1034 905 turpitudo
1071 855 1153 894 ista
1190 856 1466 895 confidentius
1504 857 1772 907 perpetratur.
1832 854 1929 894 Non

255 934 313 966 130
332 934 476 961 accuso
513 921 646 969 verba,
679 919 797 970 quasi
830 933 926 959 vasa
962 920 1089 960 electa
1122 923 1244 971 atque
1276 921 1468 972 pretiosa,
1495 921 1566 960 sed
1599 922 1747 960 vinum
1776 921 1928 960 erroris

335 987 443 1038 quod
463 987 508 1025 in
530 987 591 1025 eis
617 985 735 1024 nobis
760 985 1057 1036 propinabatur
1078 986 1130 1025 ab
1156 987 1279 1026 ebriis
1305 986 1569 1034 doctoribus3
1599 989 1641 1025 et
1666 986 1749 1025 nisi
1774 985 1928 1025 bibere-

333 1065 439 1100 mus,
463 1050 718 1099 cedebamur,
741 1063 815 1088 nec
834 1050 1038 1101 appellare
1057 1050 1109 1089 ad
1131 1051 1312 1102 aliquem
1331 1051 1511 1090 iudicem
1531 1050 1717 1090 sobrium
1735 1049 1912 1089 licebat.'

388 1117 602 1156 Hactenus
620 1116 910 1165 Augustinus3
940 1116 1109 1155 tametsi
1135 1117 1177 1155 id
1203 1117 1250 1155 in
1277 1130 1367 1156 meo
1387 1117 1523 1156 codice
1542 1128 1756 1167 perperam
1775 1114 1930 1166 legitur

334 1195 419 1221 non
437 1182 607 1221 Danaae
632 1181 705 1220 sed
723 1182 892 1220 Dianae.
951 1181 1116 1221 Danaae
1144 1182 1259 1221 enim
1287 1182 1493 1233 theologis
1519 1182 1706 1221 insolens
1734 1183 1797 1221 est
1815 1194 1931 1220 voca-

255 1260 312 1293 135
335 1247 494 1296 bulum,
518 1246 696 1286 Dianam
715 1246 820 1285 forte
840 1246 1003 1297 vspiam
1028 1248 1247 1286 audierint.
1309 1247 1408 1287 Ideo
1429 1247 1506 1287 hoc
1524 1260 1600 1298 pro
1618 1247 1691 1285 illo
1711 1247 1926 1294 corrector,

336 1312 522 1364 quisquis
548 1312 640 1361 fuit,
662 1311 858 1351 restituit.
918 1312 997 1352 Sed
1025 1312 1071 1351 in
1100 1327 1196 1352 eum
1221 1313 1360 1352 locum
1390 1313 1425 1352 si
1451 1312 1543 1364 quis
1565 1312 1722 1351 incidat
1740 1312 1930 1352 literator

333 1391 537 1429 arrogans,
561 1390 660 1416 mox
693 1377 938 1416 exclamabit
967 1380 1085 1417 vasta
1117 1392 1239 1419 voce:
1274 1380 1439 1429 ‘Apage
1472 1378 1687 1428 theologos
1721 1377 1822 1417 istos
1855 1378 1929 1428 qui

332 1456 406 1482 sua
424 1442 587 1481 inscitia
605 1442 735 1481 bonos
754 1442 913 1481 codices
932 1446 1214 1493 corrumpunt,
1236 1443 1345 1494 quod
1364 1443 1470 1482 nihil
1490 1443 1692 1482 bonarum
1710 1442 1929 1481 literarum

334 1509 618 1558 degustarunt,
637 1507 767 1547 immo
786 1521 863 1546 nec
882 1507 1125 1547 Terentium
1143 1508 1346 1558 legerunt.
1401 1508 1538 1548 Viden
1557 1521 1626 1547 eos
1645 1507 1756 1547 nihil
1776 1507 1928 1546 intelli-

252 1594 314 1626 140
333 1587 427 1625 gere
457 1573 529 1622 qui
562 1572 740 1612 Dianam
773 1572 1027 1612 arbitrentur
1059 1587 1083 1612 a
1112 1573 1212 1612 Ioue
1242 1575 1486 1624 corruptam,
1505 1587 1583 1624 que
1603 1574 1720 1624 virgo
1749 1585 1929 1623 perseue-

332 1637 539 1677 rauerit‘?'
594 1638 742 1689 Atqui,
768 1638 951 1686 Erasme,
988 1637 1085 1688 quid
1115 1638 1290 1678 interest
1321 1638 1430 1689 legat
1457 1639 1676 1689 theologus
1696 1638 1853 1678 Dianae
1873 1651 1928 1677 an

333 1703 497 1742 Danaae
511 1705 531 1743 ‘?
578 1704 686 1753 Quid
707 1704 743 1742 si
761 1704 872 1754 legat
892 1703 1057 1742 cuidam
1070 1704 1090 1742 e?
1139 1704 1247 1753 Quid
1267 1704 1302 1743 si
1322 1704 1640 1743 meretriculae?
1688 1705 1759 1743 An
1787 1716 1928 1742 rerum

332 1782 478 1808 sensus
511 1782 607 1808 eum
645 1769 808 1819 fugiet?
864 1768 1049 1816 Minime,
1091 1769 1247 1819 opinor,
1287 1769 1369 1808 nisi
1406 1770 1640 1819 periculum
1677 1769 1781 1807 forte
1820 1781 1931 1818 prae-

332 1837 576 1874 sentaneum
597 1835 650 1874 sit
676 1847 818 1873 eorum
843 1834 1052 1884 imperitia
1071 1834 1308 1874 Vniuersam
1327 1835 1443 1875 Iouis
1463 1835 1750 1885 genealogiam
1769 1834 1930 1884 ignora-

253 1914 311 1947 145
331 1902 424 1939 tum
443 1901 506 1948 iri,
528 1900 630 1939 dum
649 1899 806 1938 Christi
825 1899 1066 1949 progeniem
1087 1899 1315 1939 studiosius
1334 1902 1585 1939 scrutantur.
1643 1899 1736 1938 Iam
1757 1899 1855 1950 quid
1875 1899 1927 1938 de

333 1965 514 2005 Martiali
534 1966 678 2014 dicam,
703 1965 802 2016 quid
823 1965 872 2003 de
892 1964 1068 2013 Nasone,
1090 1965 1220 2005 immo
1245 1966 1345 2016 quid
1371 1966 1420 2005 de
1450 1964 1627 2004 Horatio
1648 1967 1689 2004 et
1709 1964 1924 2014 quenale,

333 2044 427 2069 cum
454 2030 674 2069 Terentius
703 2031 905 2079 omnium,
927 2031 973 2068 vt
1000 2030 1188 2079 arbitror,
1220 2031 1476 2070 castissimus
1504 2031 1571 2071 vel
1603 2030 1654 2069 ab
1687 2030 1927 2081 Augustino

334 2096 491 2135 dicatur
524 2095 672 2134 vinum
704 2095 852 2134 erroris
883 2094 1130 2145 propinare?
1196 2096 1303 2144 Quid
1332 2096 1396 2134 ini
1426 2096 1511 2134 nisi
1540 2109 1653 2134 mera
1687 2096 1926 2134 animarum

332 2160 478 2209 toxica,
512 2161 594 2199 nisi
631 2160 852 2199 infernales
889 2160 1120 2210 potationes
1156 2161 1419 2211 politioribus
1451 2161 1544 2200 istis
1574 2159 1708 2199 literis
1745 2159 1927 2198 inclusas

255 2240 266 2261 1
276 2240 316 2272 50
331 2227 583 2277 propinant?

388 2291 468 2330 Sed
503 2303 730 2342 pergamus,
772 2304 1008 2342 quanquam
1045 2293 1160 2331 lento
1199 2292 1338 2341 gradu.
1401 2295 1410 2309 ⁶
1424 2290 1503 2339 Qui
1541 2289 1738 2329 Moriam³
1782 2289 1926 2340 inquis

338 2357 569 2405 ‘damnant,
620 2369 695 2395 nec
749 2355 1125 2407 Hieronymianam
1184 2356 1436 2396 aeditionem
1490 2356 1522 2394 ii
1570 2354 1927 2406 comprobabunt-⁹

334 2423 455 2461 Noua
485 2421 625 2472 gloria,
647 2421 683 2460 si
711 2422 832 2460 aedas
861 2423 969 2472 quod
998 2423 1117 2473 pauci
1145 2422 1388 2473 probabunt.
1445 2422 1549 2471 Age,
1578 2434 1663 2460 non
1691 2419 1926 2471 probabunt

334 2487 538 2537 theologi3
582 2487 661 2537 qui,
693 2500 830 2537 queSO,
862 2488 1096 2538 probabunt
1125 2489 1254 2538 ergo?
1310 2486 1635 2526 Iurisconsulti?
1679 2499 1732 2525 an
1761 2485 1923 2533 medici,

256 2566 313 2598 155
334 2568 385 2592 an
419 2552 655 2603 philosophi
687 2552 873 2603 denique,
902 2555 948 2592 vt
986 2553 1135 2592 falcem
1173 2553 1406 2591 immittant
1439 2551 1595 2591 alienae
1628 2551 1790 2590 messi?
1843 2550 1926 2590 Sed

334 2618 566 2669 gramaticis
594 2630 685 2656 eam
713 2631 841 2667 paras.
899 2618 1077 2659 Sedeant
1106 2619 1244 2668 itaque
1272 2617 1492 2667 gramatici
1519 2618 1564 2656 in
1592 2617 1705 2665 solio,
1739 2606 1926 2656 censores

380 2736 451 2766 123.
477 2726 657 2766 quondam
675 2729 739 2758 Ter.
755 2731 783 2758 et
796 2730 930 2766 August.
945 2739 951 2759 :
976 2727 1157 2767 quendam
1172 2738 1203 2758 α.
1386 2727 1456 2757 126.
1482 2736 1622 2757 summa
1639 2728 1702 2757 Ter.
1721 2729 1748 2756 et
1761 2728 1900 2764 August.
1915 2735 1924 2755 ε

336 2780 475 2801 summo
491 2782 521 2802 a.
680 2780 751 2809 127.
775 2780 860 2801 vero
879 2795 885 2803 .
905 2795 912 2803 .
933 2795 940 2802 .
959 2771 1026 2802 feci
1041 2783 1062 2801 α
1078 2781 1085 2801 :
1109 2770 1202 2801 illud
1218 2780 1301 2802 vero
1317 2771 1368 2801 ita
1385 2770 1453 2800 feci
1470 2772 1532 2800 Ter.
1551 2781 1559 2808 ς.
1581 2779 1664 2800 vero
1681 2769 1748 2800 feci
1763 2768 1856 2799 illud
1871 2768 1924 2799 ita

336 2817 471 2851 August.
586 2813 657 2845 128.
684 2813 873 2845 discuntur
887 2817 1046 2853 Amynan:
1070 2814 1242 2846 dicuntur
1257 2826 1287 2845 a.
1395 2823 1466 2852 130.
1491 2823 1575 2845 vasa
1589 2816 1746 2851 Anqust.:
1770 2812 1877 2842 verba
1890 2822 1922 2842 a.

339 2865 408 2894 133.
435 2857 473 2887 id
489 2857 527 2887 in
542 2860 654 2894 scripsi
669 2868 676 2887 z
699 2857 763 2888 diu
778 2869 807 2889 α.
964 2868 1034 2897 154.
1058 2868 1139 2898 ergo
1155 2861 1229 2890 add.
1247 2859 1270 2892 β
1289 2858 1368 2899 (LB.
1388 2859 1468 2897 1895
1485 2856 1536 2897 E).
1700 2864 1771 2894 155.
1796 2855 1924 2886 falcem

336 2900 536 2931 immittant
551 2900 609 2934 αβ1
624 2911 632 2932 :
656 2900 784 2932 saltem
799 2902 1000 2933 immittant
1015 2901 1143 2933 falcem
1158 2901 1206 2937 βα.
1344 2902 1415 2940 156.
1441 2910 1601 2932 censores
1617 2897 1709 2935 αβῑ3ε
1733 2908 1790 2929 om.
1807 2898 1854 2933 5².

383 3017 451 3039 120.
470 3008 670 3050 Terentius]
694 3011 781 3042 Eun.
801 3011 938 3052 584—91.
1207 3021 1278 3051 151.
1295 3009 1435 3052 inquis]
1460 3010 1522 3051 Ep.
1538 3019 1613 3049 337.
1629 3009 1702 3049 665,
1721 3008 1751 3039 6.
