2010 3417
178 1883 216 1904 10

227 160 307 197 314
692 156 945 194 LETTERS
983 156 1052 193 OF
1089 155 1356 194 ER-ASMUS
1694 153 1731 208 [1
1742 166 1763 204 5
1773 169 1786 193 1
1795 157 1819 192 6

228 268 355 307 suasit
397 281 438 305 se
476 267 664 304 futurum
703 265 877 312 felicem,
910 265 945 303 si
975 265 1104 313 possit
1141 264 1267 314 recipi
1304 266 1350 303 111
1387 268 1509 304 tuum
1545 266 1815 304 famulicium.

228 334 364 383 Igitur
390 332 426 370 si
454 329 709 381 rescripseris
728 343 781 368 an
808 342 903 367 eum
929 329 1046 378 velis,
1068 331 1110 368 et
1132 329 1340 380 significes
1363 329 1461 368 licet
1483 330 1727 370 breuissime
1752 343 1821 368 me

228 398 350 435 illum
379 396 457 434 tibi
486 395 797 434 commendasse
818 394 929 443 (quia
957 394 1057 433 alias
1086 407 1171 433 non
1200 395 1335 433 credet
1363 408 1431 433 me
1459 395 1682 446 scripsisse,
1714 395 1822 434 sicut

170 484 184 504 2
227 462 388 512 saepius
407 474 501 499 sum
520 460 585 498 illi
603 460 840 510 pollicitus),
868 459 1012 497 feceris
1030 473 1119 498 rem
1137 462 1178 498 te
1198 460 1370 509 dignam
1389 462 1430 498 et
1450 460 1556 498 mihi
1575 461 1824 511 pergratam.

227 527 338 575 Vale,
358 526 483 565 huius
503 525 633 564 nostri
653 525 780 564 seculi
800 524 933 563 decus.
991 524 1055 563 Ex
1076 525 1340 575 Cantebrigia
1360 524 1499 564 idibus
1519 526 1709 576 Augusti.

660 671 800 722 4505¹12
860 667 992 707 FROM
1024 666 1150 707 ‹Jonx
1184 666 1394 708 WATsoN.

277 759 445 804 Epis-tole
464 759 655 805 elegantes
672 759 715 794 f0.
735 760 798 793 111³.
1420 758 1704 804 (Cambridge.)

275 818 327 854 Οἳ.
345 830 380 863 p.
405 828 493 863 129:
521 817 560 854 F.
579 830 613 862 p.
632 828 700 861 44:
730 816 821 852 HN:
851 817 965 852 Lond.
983 817 1006 852 i.
1027 827 1092 861 23:
1120 817 1192 852 LB.
1216 819 1291 862 183.
1347 815 1400 863 (c.
1422 827 1464 862 13
1483 818 1630 863 August
1652 816 1776 863 1516.)

275 899 459 941 [Between
476 899 535 928 the
551 898 775 938 publication
793 898 832 928 of
843 898 905 929 the
923 898 1009 928 New
1023 898 1228 928 Testament
1244 898 1324 938 (Ep.
1343 899 1423 938 384)
1441 898 1514 929 and
1529 898 1592 929 the
1604 897 1821 937 completior}

231 943 270 973 of
289 943 431 974 Jerome
456 942 535 983 (Ep.
566 943 658 982 396).
718 942 768 972 ΑΞ
796 942 965 972 Erasmus
992 942 1023 972 is
1050 941 1203 981 thought
1232 944 1267 972 to
1298 944 1337 972 be
1364 942 1441 972 still
1470 943 1510 972 in
1538 942 1717 981 England,
1745 941 1823 971 this

230 987 331 1027 reply
348 996 430 1025 may
446 987 488 1016 be
505 986 630 1025 placed
646 987 754 1016 about
769 986 830 1016 the
846 986 929 1016 date
945 985 983 1016 of
996 985 1057 1016 the
1073 985 1204 1016 arrival
1221 985 1258 1015 of
1273 985 1330 1015 his
1347 985 1456 1016 letter
1472 987 1510 1016 in
1527 985 1749 1025 Cambridge.
1785 984 1821 1014 It

230 1040 302 1061 was
318 1029 467 1069 delayed
484 1030 524 1060 in
541 1030 793 1061 transmission
812 1030 890 1070 erp.
907 1038 981 1068 512.
1001 1030 1056 1066 28,
1074 1030 1120 1069 9).
1170 1029 1237 1060 For
1253 1028 1404 1060 Watson
1421 1039 1478 1060 see
1495 1029 1558 1069 Ep.
1578 1039 1651 1069 275.
1670 1039 1690 1068 5
1708 1027 1763 1068 n.]

377 1128 618 1159 SACRARVM
651 1128 914 1157 LITERARVM
947 1128 1093 1158 LONGE
1125 1127 1395 1158 DOCTISSIMO
1426 1128 1467 1161 D.
1497 1127 1676 1157 ERASMO

762 1197 822 1228 ΙΟ.
848 1197 1108 1227 VVATSONVS
1139 1197 1171 1227 S.
1200 1198 1239 1227 D.
1266 1198 1302 1228 P.

286 1276 446 1314 TERTIO
472 1275 566 1314 idus
591 1276 775 1326 Augusti
803 1276 946 1315 literas
975 1289 1077 1326 quas
1106 1276 1238 1314 Nonis
1267 1275 1404 1314 Iuniis
1431 1276 1482 1314 ad
1511 1289 1578 1314 me
1609 1276 1829 1326 scripseras

231 1341 376 1390 accepi,
407 1340 543 1390 idque,
575 1341 682 1379 mihi
711 1342 840 1389 crede,
871 1342 1117 1380 suauissime
1144 1345 1380 1391 praeceptor
1407 1341 1591 1389 Erasme,
1623 1355 1709 1380 non
1736 1342 1828 1379 sine

231 1406 395 1456 ingenti
424 1405 591 1454 laeticia,
614 1409 659 1445 vt
688 1421 737 1445 ex
766 1408 916 1456 quibus
945 1407 1224 1445 intellexerim
1248 1408 1346 1445 <tum
1374 1406 1627 1445 incolumem
1656 1409 1696 1445 te
1724 1420 1827 1449 esse,

232 1475 326 1510 tum
362 1472 537 1521 gratiam
584 1475 625 1511 et
671 1473 936 1511 autoritatem
974 1474 1143 1511 nactum
1181 1472 1290 1522 apud
1328 1474 1552 1511 vestratem
1591 1473 1828 1522 Principem

233 1537 438 1576 Carolum.
511 1538 661 1588 Magno
695 1551 762 1576 me
797 1551 969 1576 munere
1002 1537 1175 1585 donasti,
1213 1537 1465 1588 simulatque
1498 1529 1640 1577 literas
1677 1538 1726 1576 ad
1761 1551 1829 1576 me

233 1602 408 1649 dedisti;
455 1604 800 1653 quandoquidem,
831 1603 889 1642 ita
916 1604 1070 1650 viuam,
1102 1617 1148 1640 eo
1177 1616 1271 1641 sum
1299 1604 1438 1641 animo
1466 1617 1562 1653 erga
1589 1603 1826 1651 Erasmum,

234 1671 278 1706 vt
299 1667 399 1706 duas
417 1670 554 1706 tresue
573 1669 755 1719 pagellas
775 1669 863 1708 eius
888 1669 939 1707 ad
960 1682 1027 1707 me
1047 1670 1220 1718 scriptas
1240 1669 1539 1718 propemodum
1558 1669 1663 1708 tanti
1683 1670 1828 1708 faciam

235 1732 381 1783 quanti
401 1734 676 1773 sacerdotium
705 1735 832 1773 etiam
860 1734 1236 1784 opulentissimum.
1296 1735 1355 1773 At
1386 1734 1525 1772 ridens
1553 1735 1672 1783 dices,
1695 1734 1831 1773 Probe

234 1803 280 1838 tu
308 1801 475 1850 quidem
501 1800 618 1838 addis
646 1800 968 1850 ‘propemodum
981 1801 1001 1839 ’.
1063 1800 1249 1850 Ingenue
1274 1800 1406 1838 fateor
1431 1800 1608 1838 extraria
1636 1801 1737 1839 haec
1763 1813 1833 1838 me

235 1880 319 1905 non
352 1879 521 1917 prorsus
555 1867 831 1914 contemnere,
864 1866 936 1904 sed
969 1879 1044 1904 nec
1076 1867 1134 1904 sic
1167 1866 1362 1915 amplecti
1390 1868 1436 1905 vt
1470 1866 1590 1904 bonis
1622 1866 1756 1904 literis
1788 1868 1830 1903 et

235 1933 450 1971 doctorum
478 1932 751 1970 familiaritati
780 1945 1041 1981 praeponam,
1065 1932 1188 1970 modo
1217 1931 1369 1970 rationi
1396 1931 1533 1970 vict-us
1561 1932 1688 1970 fuerit
1717 1931 1832 1970 satis-

234 1998 401 2037 factum.
462 1998 598 2037 Dubio
626 1997 768 2047 procul
801 1998 899 2036 adeo
928 1999 1044 2035 erant
1072 1997 1179 2035 mihi
1206 1999 1346 2047 gratae
1374 1998 1659 2048 preciosaeque
1687 1998 1833 2036 literae

235 2066 328 2102 tuae
348 2067 403 2112 vt,
429 2065 463 2102 si
483 2064 541 2103 rei
561 2064 749 2114 votisque
769 2063 873 2101 meis
893 2076 966 2112 par
985 2063 1199 2113 opulentia
1222 2062 1482 2112 suffragetur,
1504 2062 1680 2113 singulis
1698 2063 1832 2101 literis

235 2128 422 2178 singulos
441 2143 585 2168 aureos
604 2129 829 2168 redderem.

291 2194 420 2233 Miror
448 2195 584 2233 indies
613 2195 745 2244 magis
767 2208 812 2232 ac
837 2195 972 2243 magis
997 2194 1229 2242 Erasmum,
1253 2207 1334 2243 quo
1357 2194 1490 2243 magis
1514 2193 1559 2231 in
1585 2206 1715 2232 annos
1740 2207 1830 2243 pro-

237 2260 414 2309 cesserit,
435 2274 482 2298 eo
510 2260 644 2311 magis
672 2260 939 2310 grandescere
963 2273 1008 2298 ac
1035 2259 1216 2309 quotidie
1236 2272 1395 2297 nouum
1423 2261 1464 2297 et
1492 2258 1715 2297 auctiorem
1744 2272 1831 2298 sese

238 2326 463 2364 ostendere.
525 2326 753 2364 Celebraris
765 2326 919 2375 passim
934 2325 979 2362 in
996 2325 1128 2373 Italia,
1147 2324 1365 2374 presertim
1381 2324 1490 2373 apud
1513 2324 1635 2373 primi
1648 2325 1832 2363 nominis

238 2391 391 2429 doctos.
450 2391 700 2430 Incredibile
732 2391 845 2429 dictu
876 2393 938 2428 est
966 2392 1122 2440 quanto
1151 2390 1299 2428 affectu
1329 2389 1485 2440 passim
1515 2392 1632 2428 tuam
1661 2391 1831 2440 Copiam

238 2456 570 2506 complectuntur
595 2456 723 2495 simul
748 2458 790 2494 et
815 2455 989 2494 Moriam
1015 2455 1125 2494 haud
1154 2468 1268 2493 secus
1289 2469 1413 2506 quam
1441 2469 1650 2494 summam
1671 2456 1831 2505 sapien-

183 2537 195 2557 2
238 2523 350 2560 tiam.
411 2522 596 2560 Conueni
634 2535 708 2571 ego
746 2521 902 2560 multos
939 2521 1012 2571 qui
1048 2521 1158 2560 mihi
1190 2520 1442 2561 videbantur
1479 2521 1586 2571 apud
1625 2534 1667 2559 se
1700 2520 1833 2559 videri

240 2587 453 2636 doctiores,
476 2588 587 2637 quod
607 2590 648 2626 te
668 2588 866 2634 nossent;
895 2587 1002 2636 apud
1029 2600 1132 2636 quos
1155 2589 1195 2625 et
1221 2599 1296 2636 ego
1321 2586 1454 2637 pluris
1479 2586 1660 2625 habebar
1687 2586 1831 2624 eodem

240 2653 408 2691 nomine
433 2652 649 2703 tituloque.
711 2652 897 2702 Raphael
918 2651 1075 2702 Regius
1093 2652 1281 2690 Venetiis
1307 2652 1441 2691 adhuc
1466 2652 1683 2701 profitetur
1707 2651 1832 2699 Quin-

284 2757 357 2786 450.
404 2766 430 2788 1.
484 2757 598 2787 Nonis
637 2756 772 2797 Iuniis]
820 2758 871 2788 Cf.
914 2757 1000 2796 Epp.
1070 2756 1252 2795 (lisplaced
1282 2756 1322 2786 in
1354 2765 1448 2794 1503.
1494 2756 1540 2786 In
1572 2755 1655 2794 1508
1687 2754 1733 2785 he
1758 2763 1832 2784 was

242 2811 260 2836 4
268 2808 278 2827 1
286 2809 380 2837 3-17.
1069 2799 1263 2839 appointed
1273 2799 1368 2830 Prof.
1382 2800 1420 2830 of
1426 2798 1627 2838 Eloquence
1637 2801 1672 2829 at
1680 2798 1832 2833 Venice:

286 2853 316 2879 4.
341 2842 587 2884 autoritatem]
614 2843 665 2874 Cf.
692 2844 755 2882 Ep.
777 2853 852 2882 370.
874 2844 913 2873 18
930 2852 966 2874 11.
1071 2843 1125 2873 for
1155 2842 1213 2872 his
1244 2843 1316 2873 zeal
1353 2843 1392 2873 in
1429 2843 1620 2882 attending
1652 2840 1830 2872 Musurus’

287 2895 338 2916 22.
377 2885 521 2927 Regius]
568 2894 610 2927 (c.
664 2888 920 2927 1440‘?—-1520)
967 2887 1006 2917 of
1070 2885 1224 2916 lectures
1255 2887 1355 2917 there
1387 2896 1433 2917 on
1471 2886 1586 2917 Greek
1623 2894 1680 2915 see
1718 2883 1829 2914 Lond.

244 2928 425 2967 Bergamo,
445 2939 516 2959 was
534 2929 712 2961 Professor
728 2930 766 2961 of
779 2930 950 2961 Rhetoric
966 2933 1001 2960 at
1070 2929 1171 2961 xxiii.
1195 2939 1226 2969 5,
1246 2930 1314 2960 LB.
1342 2930 1417 2968 671.
1464 2929 1520 2959 He
1546 2928 1666 2958 edited
1692 2926 1829 2964 Pliny‘s

245 2971 363 3001 Padua
396 2973 532 3010 1482-6,
563 2974 626 3004 but
655 2983 728 3004 was
754 2973 878 3004 ousted
908 2974 956 3013 by
983 2983 1003 3003 a
1071 2973 1196 3004 letters
1227 2974 1267 3003 in
1300 2982 1392 3012 1490,
1427 2972 1548 3003 Ovid's
1577 2973 1831 3006 Metamorphoses

248 3015 334 3043 rival
350 3025 357 3051 ;
375 3015 493 3045 whom
511 3016 601 3046 after
616 3026 635 3047 a
651 3016 781 3055 bloody
797 3017 942 3056 quarrel
957 3017 1003 3047 he
1075 3025 1169 3055 1493,
1199 3016 1272 3047 and
1303 3015 1495 3055 published
1526 3023 1621 3045 some
1654 3015 1754 3044 notes
1784 3021 1829 3042 on
