<?xml version="1.0" encoding="UTF-8"?>
<!DOCTYPE html PUBLIC "-//W3C//DTD XHTML 1.0 Transitional//EN"
    "http://www.w3.org/TR/xhtml1/DTD/xhtml1-transitional.dtd">
<html xmlns="http://www.w3.org/1999/xhtml" xml:lang="en" lang="en">
 <head>
  <title>
</title>
<meta http-equiv="Content-Type" content="text/html;charset=utf-8" />
  <meta name='ocr-system' content='tesseract 3.04.00' />
  <meta name='ocr-capabilities' content='ocr_page ocr_carea ocr_par ocr_line ocrx_word'/>
</head>
<body>
  <div class='ocr_page' id='page_1' title='image "./opusepistolarumd02erasuoft/opusepistolarumd02erasuoft_0596.png"; bbox 0 0 2010 3417; ppageno 0'>
   <div class='ocr_carea' id='block_1_1' title="bbox 187 558 245 590">
    <p class='ocr_par' dir='ltr' id='par_1_1' title="bbox 187 558 245 590">
     <span class='ocr_line' id='line_1_1' title="bbox 187 558 245 590; baseline 0 0"><span class='ocrx_word' id='word_1_1' title='bbox 187 558 245 590; x_wconf 83' lang='lat'>275</span> 
     </span>
    </p>
   </div>
   <div class='ocr_carea' id='block_1_2' title="bbox 190 876 250 906">
    <p class='ocr_par' dir='ltr' id='par_1_2' title="bbox 190 876 250 906">
     <span class='ocr_line' id='line_1_2' title="bbox 190 876 250 906; baseline 0 0"><span class='ocrx_word' id='word_1_2' title='bbox 190 876 250 906; x_wconf 66' lang='lat'>280</span> 
     </span>
    </p>
   </div>
   <div class='ocr_carea' id='block_1_3' title="bbox 189 1201 249 1242">
    <p class='ocr_par' dir='ltr' id='par_1_3' title="bbox 189 1201 249 1242">
     <span class='ocr_line' id='line_1_3' title="bbox 189 1201 249 1242; baseline 0.017 -12"><span class='ocrx_word' id='word_1_3' title='bbox 189 1201 249 1242; x_wconf 82' lang='lat'>285</span> 
     </span>
    </p>
   </div>
   <div class='ocr_carea' id='block_1_4' title="bbox 192 1536 254 1568">
    <p class='ocr_par' dir='ltr' id='par_1_4' title="bbox 192 1536 254 1568">
     <span class='ocr_line' id='line_1_4' title="bbox 192 1536 254 1568; baseline 0.032 -12"><span class='ocrx_word' id='word_1_4' title='bbox 192 1536 254 1568; x_wconf 85' lang='lat'>290</span> 
     </span>
    </p>
   </div>
   <div class='ocr_carea' id='block_1_5' title="bbox 193 1860 254 1891">
    <p class='ocr_par' dir='ltr' id='par_1_5' title="bbox 193 1860 254 1891">
     <span class='ocr_line' id='line_1_5' title="bbox 193 1860 254 1891; baseline 0 0"><span class='ocrx_word' id='word_1_5' title='bbox 193 1860 254 1891; x_wconf 74' lang='lat'>2)5</span> 
     </span>
    </p>
   </div>
   <div class='ocr_carea' id='block_1_6' title="bbox 194 2186 258 2217">
    <p class='ocr_par' dir='ltr' id='par_1_6' title="bbox 194 2186 258 2217">
     <span class='ocr_line' id='line_1_6' title="bbox 194 2186 258 2217; baseline 0 -10"><span class='ocrx_word' id='word_1_6' title='bbox 194 2186 258 2217; x_wconf 78' lang='lat'>300</span> 
     </span>
    </p>
   </div>
   <div class='ocr_carea' id='block_1_7' title="bbox 264 174 1858 229">
    <p class='ocr_par' dir='ltr' id='par_1_7' title="bbox 264 174 1858 229">
     <span class='ocr_line' id='line_1_7' title="bbox 264 174 1858 229; baseline 0 -15"><span class='ocrx_word' id='word_1_7' title='bbox 264 176 345 214; x_wconf 74' lang='lat'>568</span> <span class='ocrx_word' id='word_1_8' title='bbox 732 174 982 212; x_wconf 83' lang='lat' dir='ltr'>LETTERS</span> <span class='ocrx_word' id='word_1_9' title='bbox 1020 174 1090 212; x_wconf 77' lang='lat' dir='ltr'>OF</span> <span class='ocrx_word' id='word_1_10' title='bbox 1126 174 1393 214; x_wconf 84' lang='lat' dir='ltr'>ERASMUS</span> <span class='ocrx_word' id='word_1_11' title='bbox 1735 175 1858 229; x_wconf 86' lang='lat'><strong>[1517</strong></span> 
     </span>
    </p>
   </div>
   <div class='ocr_carea' id='block_1_8' title="bbox 265 281 1876 2488">
    <p class='ocr_par' dir='ltr' id='par_1_8' title="bbox 265 281 1876 2488">
     <span class='ocr_line' id='line_1_8' title="bbox 266 281 1864 333; baseline 0.002 -12"><span class='ocrx_word' id='word_1_12' title='bbox 266 283 424 333; x_wconf 79' lang='lat' dir='ltr'>pridem</span> <span class='ocrx_word' id='word_1_13' title='bbox 449 282 708 331; x_wconf 78' lang='lat' dir='ltr'><strong>frequentem</strong></span> <span class='ocrx_word' id='word_1_14' title='bbox 734 281 841 320; x_wconf 91' lang='lat' dir='ltr'>vidit</span> <span class='ocrx_word' id='word_1_15' title='bbox 865 282 1115 322; x_wconf 87' lang='lat' dir='ltr'>Erasmum:</span> <span class='ocrx_word' id='word_1_16' title='bbox 1145 285 1153 301; x_wconf 75' lang='lat'><strong><em>⁴</em></strong></span> <span class='ocrx_word' id='word_1_17' title='bbox 1167 283 1269 331; x_wconf 77' lang='lat' dir='ltr'>Quis</span> <span class='ocrx_word' id='word_1_18' title='bbox 1291 286 1354 322; x_wconf 89' lang='lat' dir='ltr'>est</span> <span class='ocrx_word' id='word_1_19' title='bbox 1378 284 1494 322; x_wconf 91' lang='lat' dir='ltr'>enim</span> <span class='ocrx_word' id='word_1_20' title='bbox 1517 284 1709 323; x_wconf 89' lang='lat' dir='ltr'>tandem&#39;</span> <span class='ocrx_word' id='word_1_21' title='bbox 1730 286 1864 324; x_wconf 86' lang='lat' dir='ltr'>aiebat</span> 
     </span>
     <span class='ocr_line' id='line_1_9' title="bbox 265 346 1866 399; baseline 0.002 -14"><span class='ocrx_word' id='word_1_22' title='bbox 265 349 335 386; x_wconf 90' lang='lat' dir='ltr'>ille</span> <span class='ocrx_word' id='word_1_23' title='bbox 368 346 458 385; x_wconf 88' lang='lat' dir='ltr'>‘cui</span> <span class='ocrx_word' id='word_1_24' title='bbox 482 346 531 384; x_wconf 86' lang='lat' dir='ltr'>de</span> <span class='ocrx_word' id='word_1_25' title='bbox 557 347 740 396; x_wconf 89' lang='lat' dir='ltr'>corporis</span> <span class='ocrx_word' id='word_1_26' title='bbox 762 348 890 387; x_wconf 87' lang='lat' dir='ltr'>totius</span> <span class='ocrx_word' id='word_1_27' title='bbox 915 348 1018 387; x_wconf 89' lang='lat' dir='ltr'>facie</span> <span class='ocrx_word' id='word_1_28' title='bbox 1043 350 1167 398; x_wconf 88' lang='lat' dir='ltr'>atque</span> <span class='ocrx_word' id='word_1_29' title='bbox 1185 348 1331 387; x_wconf 86' lang='lat' dir='ltr'>habitu</span> <span class='ocrx_word' id='word_1_30' title='bbox 1352 349 1627 399; x_wconf 84' lang='lat' dir='ltr'>omnibusque</span> <span class='ocrx_word' id='word_1_31' title='bbox 1648 350 1866 390; x_wconf 87' lang='lat' dir='ltr'>affectibus</span> 
     </span>
     <span class='ocr_line' id='line_1_10' title="bbox 266 411 1865 463; baseline 0.003 -14"><span class='ocrx_word' id='word_1_32' title='bbox 266 412 414 461; x_wconf 78' lang='lat' dir='ltr'>quibus</span> <span class='ocrx_word' id='word_1_33' title='bbox 433 411 612 450; x_wconf 88' lang='lat' dir='ltr'>obnoxia</span> <span class='ocrx_word' id='word_1_34' title='bbox 623 414 723 450; x_wconf 89' lang='lat' dir='ltr'>sunt</span> <span class='ocrx_word' id='word_1_35' title='bbox 735 426 903 463; x_wconf 82' lang='lat' dir='ltr'>corpora</span> <span class='ocrx_word' id='word_1_36' title='bbox 922 413 1116 463; x_wconf 86' lang='lat' dir='ltr'>humana,</span> <span class='ocrx_word' id='word_1_37' title='bbox 1135 413 1359 453; x_wconf 88' lang='lat' dir='ltr'>Erasmum</span> <span class='ocrx_word' id='word_1_38' title='bbox 1378 415 1596 453; x_wconf 85' lang='lat' dir='ltr'>aestimare</span> <span class='ocrx_word' id='word_1_39' title='bbox 1615 414 1660 454; x_wconf 90' lang='lat' dir='ltr'>in</span> <span class='ocrx_word' id='word_1_40' title='bbox 1680 417 1865 454; x_wconf 91' lang='lat' dir='ltr'>mentem</span> 
     </span>
     <span class='ocr_line' id='line_1_11' title="bbox 266 476 1866 531; baseline 0.003 -17"><span class='ocrx_word' id='word_1_41' title='bbox 266 476 435 525; x_wconf 84' lang='lat' dir='ltr'>venerit,</span> <span class='ocrx_word' id='word_1_42' title='bbox 467 489 542 514; x_wconf 88' lang='lat' dir='ltr'>nec</span> <span class='ocrx_word' id='word_1_43' title='bbox 573 489 662 515; x_wconf 87' lang='lat' dir='ltr'>esse</span> <span class='ocrx_word' id='word_1_44' title='bbox 692 478 983 529; x_wconf 85' lang='lat' dir='ltr'>famigeratum</span> <span class='ocrx_word' id='word_1_45' title='bbox 1014 478 1139 517; x_wconf 87' lang='lat' dir='ltr'>illum</span> <span class='ocrx_word' id='word_1_46' title='bbox 1174 478 1396 518; x_wconf 88' lang='lat' dir='ltr'>Erasmum</span> <span class='ocrx_word' id='word_1_47' title='bbox 1427 478 1660 529; x_wconf 85' lang='lat' dir='ltr'>suspicatus</span> <span class='ocrx_word' id='word_1_48' title='bbox 1693 479 1758 528; x_wconf 88' lang='lat' dir='ltr'>sit,</span> <span class='ocrx_word' id='word_1_49' title='bbox 1796 480 1866 531; x_wconf 90' lang='lat' dir='ltr'>qui</span> 
     </span>
     <span class='ocr_line' id='line_1_12' title="bbox 266 542 1863 594; baseline 0.003 -14"><span class='ocrx_word' id='word_1_50' title='bbox 266 542 488 580; x_wconf 81' lang='lat' dir='ltr'>arbitretur</span> <span class='ocrx_word' id='word_1_51' title='bbox 507 555 613 590; x_wconf 89' lang='lat' dir='ltr'>eum,</span> <span class='ocrx_word' id='word_1_52' title='bbox 633 543 850 583; x_wconf 88' lang='lat' dir='ltr'>hominem</span> <span class='ocrx_word' id='word_1_53' title='bbox 865 546 910 582; x_wconf 88' lang='lat' dir='ltr'>vt</span> <span class='ocrx_word' id='word_1_54' title='bbox 926 543 1156 594; x_wconf 84' lang='lat' dir='ltr'>quemlibet</span> <span class='ocrx_word' id='word_1_55' title='bbox 1168 557 1211 582; x_wconf 87' lang='lat' dir='ltr'>se</span> <span class='ocrx_word' id='word_1_56' title='bbox 1225 546 1434 594; x_wconf 86' lang='lat' dir='ltr'>agentem,</span> <span class='ocrx_word' id='word_1_57' title='bbox 1450 544 1704 583; x_wconf 80' lang='lat' dir='ltr'>Mercurium</span> <span class='ocrx_word' id='word_1_58' title='bbox 1723 545 1768 584; x_wconf 89' lang='lat' dir='ltr'>in</span> <span class='ocrx_word' id='word_1_59' title='bbox 1785 559 1863 592; x_wconf 85' lang='lat' dir='ltr'>ore,</span> 
     </span>
     <span class='ocr_line' id='line_1_13' title="bbox 269 606 1866 661; baseline 0.003 -16"><span class='ocrx_word' id='word_1_60' title='bbox 269 606 450 645; x_wconf 80' lang='lat' dir='ltr'>Genium</span> <span class='ocrx_word' id='word_1_61' title='bbox 488 607 533 645; x_wconf 92' lang='lat' dir='ltr'>in</span> <span class='ocrx_word' id='word_1_62' title='bbox 572 609 833 658; x_wconf 80' lang='lat' dir='ltr'>praecordiis,</span> <span class='ocrx_word' id='word_1_63' title='bbox 870 609 1077 648; x_wconf 83' lang='lat' dir='ltr'>Venerem</span> <span class='ocrx_word' id='word_1_64' title='bbox 1111 609 1156 648; x_wconf 92' lang='lat' dir='ltr'>in</span> <span class='ocrx_word' id='word_1_65' title='bbox 1195 609 1292 648; x_wconf 89' lang='lat' dir='ltr'>stilo</span> <span class='ocrx_word' id='word_1_66' title='bbox 1321 623 1417 648; x_wconf 91' lang='lat' dir='ltr'>cum</span> <span class='ocrx_word' id='word_1_67' title='bbox 1448 610 1613 659; x_wconf 85' lang='lat' dir='ltr'>Gratiis,</span> <span class='ocrx_word' id='word_1_68' title='bbox 1656 612 1866 661; x_wconf 89' lang='lat' dir='ltr'>postremo</span> 
     </span>
     <span class='ocr_line' id='line_1_14' title="bbox 267 672 1867 726; baseline 0.003 -17"><span class='ocrx_word' id='word_1_69' title='bbox 267 672 481 710; x_wconf 84' lang='lat' dir='ltr'>Palladem</span> <span class='ocrx_word' id='word_1_70' title='bbox 509 672 554 710; x_wconf 92' lang='lat' dir='ltr'>in</span> <span class='ocrx_word' id='word_1_71' title='bbox 583 674 725 723; x_wconf 84' lang='lat' dir='ltr'>capite,</span> <span class='ocrx_word' id='word_1_72' title='bbox 756 676 804 714; x_wconf 90' lang='lat' dir='ltr'>vt</span> <span class='ocrx_word' id='word_1_73' title='bbox 834 674 981 714; x_wconf 90' lang='lat' dir='ltr'>Iouem</span> <span class='ocrx_word' id='word_1_74' title='bbox 1009 675 1219 725; x_wconf 88' lang='lat' dir='ltr'>quondam</span> <span class='ocrx_word' id='word_1_75' title='bbox 1247 675 1382 723; x_wconf 89' lang='lat' dir='ltr'>illum,</span> <span class='ocrx_word' id='word_1_76' title='bbox 1414 675 1621 714; x_wconf 81' lang='lat' dir='ltr'>habere?&#39;</span> <span class='ocrx_word' id='word_1_77' title='bbox 1688 676 1743 715; x_wconf 89' lang='lat' dir='ltr'>Et</span> <span class='ocrx_word' id='word_1_78' title='bbox 1773 677 1867 726; x_wconf 88' lang='lat' dir='ltr'>post</span> 
     </span>
     <span class='ocr_line' id='line_1_15' title="bbox 266 737 1868 790; baseline 0.001 -14"><span class='ocrx_word' id='word_1_79' title='bbox 266 739 363 777; x_wconf 89' lang='lat' dir='ltr'>haec</span> <span class='ocrx_word' id='word_1_80' title='bbox 383 738 507 776; x_wconf 87' lang='lat' dir='ltr'>audet</span> <span class='ocrx_word' id='word_1_81' title='bbox 527 737 726 779; x_wconf 86' lang='lat' dir='ltr'>Erasmus</span> <span class='ocrx_word' id='word_1_82' title='bbox 744 740 1001 779; x_wconf 71' lang='lat' dir='ltr'>mentionem</span> <span class='ocrx_word' id='word_1_83' title='bbox 1020 741 1103 779; x_wconf 93' lang='lat' dir='ltr'>mei</span> <span class='ocrx_word' id='word_1_84' title='bbox 1122 741 1265 788; x_wconf 88' lang='lat' dir='ltr'>facere,</span> <span class='ocrx_word' id='word_1_85' title='bbox 1287 754 1372 779; x_wconf 90' lang='lat' dir='ltr'>non</span> <span class='ocrx_word' id='word_1_86' title='bbox 1392 740 1477 779; x_wconf 91' lang='lat' dir='ltr'>iam</span> <span class='ocrx_word' id='word_1_87' title='bbox 1489 742 1537 779; x_wconf 87' lang='lat' dir='ltr'>vt</span> <span class='ocrx_word' id='word_1_88' title='bbox 1555 739 1635 779; x_wconf 87' lang='lat' dir='ltr'>sibi</span> <span class='ocrx_word' id='word_1_89' title='bbox 1652 739 1773 790; x_wconf 84' lang='lat' dir='ltr'>paris,</span> <span class='ocrx_word' id='word_1_90' title='bbox 1796 739 1868 779; x_wconf 90' lang='lat' dir='ltr'>sed</span> 
     </span>
     <span class='ocr_line' id='line_1_16' title="bbox 266 804 1868 856; baseline 0.002 -15"><span class='ocrx_word' id='word_1_91' title='bbox 266 804 401 852; x_wconf 85' lang='lat' dir='ltr'>etiam,</span> <span class='ocrx_word' id='word_1_92' title='bbox 435 804 469 842; x_wconf 91' lang='lat' dir='ltr'>si</span> <span class='ocrx_word' id='word_1_93' title='bbox 499 804 666 843; x_wconf 88' lang='lat' dir='ltr'>Christo</span> <span class='ocrx_word' id='word_1_94' title='bbox 695 807 738 844; x_wconf 87' lang='lat' dir='ltr'>et</span> <span class='ocrx_word' id='word_1_95' title='bbox 765 806 932 844; x_wconf 77' lang='lat' dir='ltr'>veritati</span> <span class='ocrx_word' id='word_1_96' title='bbox 952 806 1097 856; x_wconf 85' lang='lat' dir='ltr'>placet,</span> <span class='ocrx_word' id='word_1_97' title='bbox 1121 806 1312 845; x_wconf 87' lang='lat' dir='ltr'>maioris:</span> <span class='ocrx_word' id='word_1_98' title='bbox 1341 806 1460 856; x_wconf 82' lang='lat' dir='ltr'>quasi</span> <span class='ocrx_word' id='word_1_99' title='bbox 1484 819 1581 845; x_wconf 90' lang='lat' dir='ltr'>vero</span> <span class='ocrx_word' id='word_1_100' title='bbox 1606 819 1683 844; x_wconf 91' lang='lat' dir='ltr'>nec</span> <span class='ocrx_word' id='word_1_101' title='bbox 1704 819 1772 844; x_wconf 90' lang='lat' dir='ltr'>me</span> <span class='ocrx_word' id='word_1_102' title='bbox 1792 819 1868 844; x_wconf 89' lang='lat' dir='ltr'>nec</span> 
     </span>
     <span class='ocr_line' id='line_1_17' title="bbox 267 869 1868 921; baseline 0.002 -14"><span class='ocrx_word' id='word_1_103' title='bbox 267 869 487 907; x_wconf 83' lang='lat' dir='ltr'>Erasmum</span> <span class='ocrx_word' id='word_1_104' title='bbox 516 871 716 918; x_wconf 86' lang='lat' dir='ltr'>nouerim,</span> <span class='ocrx_word' id='word_1_105' title='bbox 749 871 821 921; x_wconf 91' lang='lat' dir='ltr'>qui</span> <span class='ocrx_word' id='word_1_106' title='bbox 850 871 1047 920; x_wconf 85' lang='lat' dir='ltr'>praeclari</span> <span class='ocrx_word' id='word_1_107' title='bbox 1074 872 1261 910; x_wconf 83' lang='lat' dir='ltr'>instituti</span> <span class='ocrx_word' id='word_1_108' title='bbox 1289 872 1357 911; x_wconf 87' lang='lat' dir='ltr'>vel</span> <span class='ocrx_word' id='word_1_109' title='bbox 1394 871 1582 910; x_wconf 89' lang='lat' dir='ltr'>conditor</span> <span class='ocrx_word' id='word_1_110' title='bbox 1617 871 1683 910; x_wconf 90' lang='lat' dir='ltr'>vel</span> <span class='ocrx_word' id='word_1_111' title='bbox 1717 871 1868 910; x_wconf 78' lang='lat' dir='ltr'>relator</span> 
     </span>
     <span class='ocr_line' id='line_1_18' title="bbox 266 934 1869 987; baseline 0.002 -16"><span class='ocrx_word' id='word_1_112' title='bbox 266 934 436 984; x_wconf 89' lang='lat' dir='ltr'>reliquit</span> <span class='ocrx_word' id='word_1_113' title='bbox 463 936 701 985; x_wconf 86' lang='lat' dir='ltr'>exemplum</span> <span class='ocrx_word' id='word_1_114' title='bbox 728 937 972 987; x_wconf 71' lang='lat' dir='ltr'>posteritati,</span> <span class='ocrx_word' id='word_1_115' title='bbox 999 938 1046 976; x_wconf 86' lang='lat' dir='ltr'>vt</span> <span class='ocrx_word' id='word_1_116' title='bbox 1070 950 1155 975; x_wconf 90' lang='lat' dir='ltr'>non</span> <span class='ocrx_word' id='word_1_117' title='bbox 1180 939 1277 976; x_wconf 90' lang='lat' dir='ltr'>ante</span> <span class='ocrx_word' id='word_1_118' title='bbox 1300 937 1543 987; x_wconf 87' lang='lat' dir='ltr'>theologum</span> <span class='ocrx_word' id='word_1_119' title='bbox 1568 936 1754 987; x_wconf 88' lang='lat' dir='ltr'>profiteri</span> <span class='ocrx_word' id='word_1_120' title='bbox 1780 936 1869 975; x_wconf 91' lang='lat' dir='ltr'>iure</span> 
     </span>
     <span class='ocr_line' id='line_1_19' title="bbox 269 1001 1869 1052; baseline 0.001 -15"><span class='ocrx_word' id='word_1_121' title='bbox 269 1013 342 1037; x_wconf 85' lang='lat' dir='ltr'>suo</span> <span class='ocrx_word' id='word_1_122' title='bbox 383 1013 425 1037; x_wconf 86' lang='lat' dir='ltr'>se</span> <span class='ocrx_word' id='word_1_123' title='bbox 465 1001 682 1051; x_wconf 88' lang='lat' dir='ltr'>quisquam</span> <span class='ocrx_word' id='word_1_124' title='bbox 720 1003 859 1051; x_wconf 89' lang='lat' dir='ltr'>posset</span> <span class='ocrx_word' id='word_1_125' title='bbox 896 1004 939 1041; x_wconf 91' lang='lat' dir='ltr'>et</span> <span class='ocrx_word' id='word_1_126' title='bbox 977 1002 1028 1040; x_wconf 87' lang='lat' dir='ltr'>ad</span> <span class='ocrx_word' id='word_1_127' title='bbox 1065 1002 1195 1041; x_wconf 85' lang='lat' dir='ltr'>libros</span> <span class='ocrx_word' id='word_1_128' title='bbox 1238 1016 1371 1041; x_wconf 87' lang='lat' dir='ltr'>sacros</span> <span class='ocrx_word' id='word_1_129' title='bbox 1411 1002 1665 1041; x_wconf 87' lang='lat' dir='ltr'>euoluendos</span> <span class='ocrx_word' id='word_1_130' title='bbox 1702 1001 1869 1052; x_wconf 89' lang='lat' dir='ltr'>publice</span> 
     </span>
     <span class='ocr_line' id='line_1_20' title="bbox 268 1066 1869 1117; baseline 0.002 -15"><span class='ocrx_word' id='word_1_131' title='bbox 268 1066 600 1116; x_wconf 86' lang='lat' dir='ltr'>enarrandosque</span> <span class='ocrx_word' id='word_1_132' title='bbox 633 1067 831 1116; x_wconf 85' lang='lat' dir='ltr'>accedere,</span> <span class='ocrx_word' id='word_1_133' title='bbox 875 1081 1001 1117; x_wconf 92' lang='lat' dir='ltr'>quam</span> <span class='ocrx_word' id='word_1_134' title='bbox 1032 1067 1075 1106; x_wconf 91' lang='lat' dir='ltr'>in</span> <span class='ocrx_word' id='word_1_135' title='bbox 1115 1068 1312 1106; x_wconf 88' lang='lat' dir='ltr'>omnibus</span> <span class='ocrx_word' id='word_1_136' title='bbox 1343 1068 1645 1107; x_wconf 86' lang='lat' dir='ltr'>Camaenarum</span> <span class='ocrx_word' id='word_1_137' title='bbox 1682 1066 1869 1106; x_wconf 80' lang='lat' dir='ltr'>fontibus</span> 
     </span>
     <span class='ocr_line' id='line_1_21' title="bbox 268 1132 1866 1183; baseline 0.003 -16"><span class='ocrx_word' id='word_1_138' title='bbox 268 1143 417 1168; x_wconf 88' lang='lat' dir='ltr'>manus</span> <span class='ocrx_word' id='word_1_139' title='bbox 442 1144 486 1169; x_wconf 84' lang='lat' dir='ltr'>se</span> <span class='ocrx_word' id='word_1_140' title='bbox 512 1132 615 1170; x_wconf 89' lang='lat' dir='ltr'>satis</span> <span class='ocrx_word' id='word_1_141' title='bbox 634 1132 784 1171; x_wconf 84' lang='lat' dir='ltr'>lauisse</span> <span class='ocrx_word' id='word_1_142' title='bbox 805 1134 986 1171; x_wconf 89' lang='lat' dir='ltr'>confisus</span> <span class='ocrx_word' id='word_1_143' title='bbox 1006 1133 1072 1171; x_wconf 90' lang='lat' dir='ltr'>sit.</span> <span class='ocrx_word' id='word_1_144' title='bbox 1135 1134 1213 1172; x_wconf 86' lang='lat' dir='ltr'>Cui</span> <span class='ocrx_word' id='word_1_145' title='bbox 1235 1134 1398 1172; x_wconf 87' lang='lat' dir='ltr'>vtinam</span> <span class='ocrx_word' id='word_1_146' title='bbox 1423 1133 1503 1183; x_wconf 89' lang='lat' dir='ltr'>ipsi</span> <span class='ocrx_word' id='word_1_147' title='bbox 1525 1135 1613 1171; x_wconf 86' lang='lat' dir='ltr'>tam</span> <span class='ocrx_word' id='word_1_148' title='bbox 1631 1146 1706 1183; x_wconf 88' lang='lat' dir='ltr'>par</span> <span class='ocrx_word' id='word_1_149' title='bbox 1724 1146 1866 1183; x_wconf 87' lang='lat' dir='ltr'>prope—</span> 
     </span>
     <span class='ocr_line' id='line_1_22' title="bbox 268 1196 1870 1249; baseline 0.002 -16"><span class='ocrx_word' id='word_1_150' title='bbox 268 1196 440 1234; x_wconf 88' lang='lat' dir='ltr'>modum</span> <span class='ocrx_word' id='word_1_151' title='bbox 468 1210 748 1247; x_wconf 65' lang='lat' dir='ltr'>esse&#39;possem</span> <span class='ocrx_word' id='word_1_152' title='bbox 778 1212 904 1249; x_wconf 90' lang='lat' dir='ltr'>quam</span> <span class='ocrx_word' id='word_1_153' title='bbox 933 1198 1116 1248; x_wconf 90' lang='lat' dir='ltr'>aequalis</span> <span class='ocrx_word' id='word_1_154' title='bbox 1152 1213 1278 1249; x_wconf 90' lang='lat' dir='ltr'>prope</span> <span class='ocrx_word' id='word_1_155' title='bbox 1308 1212 1413 1247; x_wconf 90' lang='lat' dir='ltr'>sum,</span> <span class='ocrx_word' id='word_1_156' title='bbox 1445 1201 1491 1237; x_wconf 91' lang='lat' dir='ltr'>vt</span> <span class='ocrx_word' id='word_1_157' title='bbox 1521 1212 1571 1237; x_wconf 85' lang='lat' dir='ltr'>ex</span> <span class='ocrx_word' id='word_1_158' title='bbox 1600 1211 1646 1236; x_wconf 90' lang='lat' dir='ltr'>eo</span> <span class='ocrx_word' id='word_1_159' title='bbox 1673 1197 1870 1248; x_wconf 88' lang='lat' dir='ltr'>epistolae</span> 
     </span>
     <span class='ocr_line' id='line_1_23' title="bbox 270 1262 1870 1313; baseline 0.001 -14"><span class='ocrx_word' id='word_1_160' title='bbox 270 1262 358 1300; x_wconf 91' lang='lat' dir='ltr'>eius</span> <span class='ocrx_word' id='word_1_161' title='bbox 378 1262 466 1301; x_wconf 93' lang='grc'>1000</span> <span class='ocrx_word' id='word_1_162' title='bbox 485 1263 604 1302; x_wconf 89' lang='lat' dir='ltr'>video</span> <span class='ocrx_word' id='word_1_163' title='bbox 625 1264 695 1302; x_wconf 89' lang='lat' dir='ltr'>vbi</span> <span class='ocrx_word' id='word_1_164' title='bbox 716 1264 766 1302; x_wconf 90' lang='lat' dir='ltr'>de</span> <span class='ocrx_word' id='word_1_165' title='bbox 784 1266 994 1303; x_wconf 86' lang='lat' dir='ltr'>senectute</span> <span class='ocrx_word' id='word_1_166' title='bbox 1013 1267 1053 1303; x_wconf 91' lang='lat' dir='ltr'>et</span> <span class='ocrx_word' id='word_1_167' title='bbox 1077 1265 1194 1303; x_wconf 87' lang='lat' dir='ltr'>senio</span> <span class='ocrx_word' id='word_1_168' title='bbox 1214 1265 1460 1313; x_wconf 78' lang='lat' dir='ltr'>cauillatur3</span> <span class='ocrx_word' id='word_1_169' title='bbox 1489 1264 1572 1302; x_wconf 89' lang='lat' dir='ltr'>nisi</span> <span class='ocrx_word' id='word_1_170' title='bbox 1591 1277 1687 1302; x_wconf 89' lang='lat' dir='ltr'>vero</span> <span class='ocrx_word' id='word_1_171' title='bbox 1708 1263 1870 1302; x_wconf 87' lang='lat' dir='ltr'>credere</span> 
     </span>
     <span class='ocr_line' id='line_1_24' title="bbox 269 1328 1867 1380; baseline 0.001 -15"><span class='ocrx_word' id='word_1_172' title='bbox 269 1341 341 1376; x_wconf 85' lang='lat' dir='ltr'>par</span> <span class='ocrx_word' id='word_1_173' title='bbox 368 1330 431 1366; x_wconf 89' lang='lat' dir='ltr'>est</span> <span class='ocrx_word' id='word_1_174' title='bbox 460 1328 565 1367; x_wconf 89' lang='lat' dir='ltr'>illud</span> <span class='ocrx_word' id='word_1_175' title='bbox 595 1329 702 1380; x_wconf 89' lang='lat' dir='ltr'>quod</span> <span class='ocrx_word' id='word_1_176' title='bbox 734 1330 783 1369; x_wconf 89' lang='lat' dir='ltr'>de</span> <span class='ocrx_word' id='word_1_177' title='bbox 807 1344 904 1380; x_wconf 88' lang='lat' dir='ltr'>agro</span> <span class='ocrx_word' id='word_1_178' title='bbox 930 1330 1090 1380; x_wconf 89' lang='lat' dir='ltr'>ingenii</span> <span class='ocrx_word' id='word_1_179' title='bbox 1109 1331 1173 1369; x_wconf 91' lang='lat' dir='ltr'>sui</span> <span class='ocrx_word' id='word_1_180' title='bbox 1199 1331 1399 1369; x_wconf 82' lang='lat' dir='ltr'>exhausto</span> <span class='ocrx_word' id='word_1_181' title='bbox 1426 1330 1511 1380; x_wconf 89' lang='lat' dir='ltr'>iugi</span> <span class='ocrx_word' id='word_1_182' title='bbox 1536 1330 1695 1368; x_wconf 85' lang='lat' dir='ltr'>foetura</span> <span class='ocrx_word' id='word_1_183' title='bbox 1714 1329 1867 1368; x_wconf 85' lang='lat' dir='ltr'>scribit.</span> 
     </span>
     <span class='ocr_line' id='line_1_25' title="bbox 271 1393 1870 1446; baseline 0.001 -15"><span class='ocrx_word' id='word_1_184' title='bbox 271 1393 351 1441; x_wconf 72' lang='lat' dir='ltr'>Qui</span> <span class='ocrx_word' id='word_1_185' title='bbox 363 1394 476 1433; x_wconf 91' lang='lat' dir='ltr'>locus</span> <span class='ocrx_word' id='word_1_186' title='bbox 491 1395 569 1433; x_wconf 93' lang='lat' dir='ltr'>etsi</span> <span class='ocrx_word' id='word_1_187' title='bbox 583 1395 690 1433; x_wconf 87' lang='lat' dir='ltr'>mihi</span> <span class='ocrx_word' id='word_1_188' title='bbox 704 1395 814 1433; x_wconf 89' lang='lat' dir='ltr'>inter</span> <span class='ocrx_word' id='word_1_189' title='bbox 829 1395 911 1433; x_wconf 88' lang='lat' dir='ltr'>alia</span> <span class='ocrx_word' id='word_1_190' title='bbox 931 1396 1128 1446; x_wconf 87' lang='lat' dir='ltr'>epistolae</span> <span class='ocrx_word' id='word_1_191' title='bbox 1142 1396 1230 1434; x_wconf 89' lang='lat' dir='ltr'>loca</span> <span class='ocrx_word' id='word_1_192' title='bbox 1242 1397 1378 1434; x_wconf 90' lang='lat' dir='ltr'>multa</span> <span class='ocrx_word' id='word_1_193' title='bbox 1391 1395 1559 1446; x_wconf 80' lang='lat' dir='ltr'>placuit,</span> <span class='ocrx_word' id='word_1_194' title='bbox 1572 1396 1716 1434; x_wconf 86' lang='lat' dir='ltr'>tamen</span> <span class='ocrx_word' id='word_1_195' title='bbox 1731 1394 1769 1433; x_wconf 90' lang='lat' dir='ltr'>ei</span> <span class='ocrx_word' id='word_1_196' title='bbox 1784 1406 1870 1433; x_wconf 88' lang='grc'>11011</span> 
     </span>
     <span class='ocr_line' id='line_1_26' title="bbox 271 1459 1867 1511; baseline 0.001 -15"><span class='ocrx_word' id='word_1_197' title='bbox 271 1471 463 1497; x_wconf 81' lang='lat' dir='ltr'>assensus</span> <span class='ocrx_word' id='word_1_198' title='bbox 483 1472 591 1506; x_wconf 87' lang='lat' dir='ltr'>sum,</span> <span class='ocrx_word' id='word_1_199' title='bbox 611 1473 739 1510; x_wconf 90' lang='lat' dir='ltr'>quum</span> <span class='ocrx_word' id='word_1_200' title='bbox 766 1460 898 1510; x_wconf 89' lang='lat' dir='ltr'>ipsius</span> <span class='ocrx_word' id='word_1_201' title='bbox 922 1460 1081 1511; x_wconf 85' lang='lat' dir='ltr'>ingenii</span> <span class='ocrx_word' id='word_1_202' title='bbox 1106 1461 1427 1499; x_wconf 83' lang='lat' dir='ltr'>foecunditatem</span> <span class='ocrx_word' id='word_1_203' title='bbox 1454 1474 1545 1498; x_wconf 90' lang='lat' dir='ltr'>eam</span> <span class='ocrx_word' id='word_1_204' title='bbox 1565 1473 1652 1498; x_wconf 90' lang='lat' dir='ltr'>esse</span> <span class='ocrx_word' id='word_1_205' title='bbox 1672 1459 1867 1506; x_wconf 89' lang='lat' dir='ltr'>viderem,</span> 
     </span>
     <span class='ocr_line' id='line_1_27' title="bbox 272 1518 1871 1575; baseline 0 -13"><span class='ocrx_word' id='word_1_206' title='bbox 272 1537 444 1573; x_wconf 85' lang='lat' dir='ltr'>eamque</span> <span class='ocrx_word' id='word_1_207' title='bbox 464 1525 691 1563; x_wconf 86' lang='lat' dir='ltr'>vbertatem</span> <span class='ocrx_word' id='word_1_208' title='bbox 711 1525 921 1563; x_wconf 88' lang='lat' dir='ltr'>doctrinae</span> <span class='ocrx_word' id='word_1_209' title='bbox 951 1528 992 1563; x_wconf 90' lang='lat' dir='ltr'>et</span> <span class='ocrx_word' id='word_1_210' title='bbox 1016 1525 1186 1575; x_wconf 86' lang='lat' dir='ltr'>copiam,</span> <span class='ocrx_word' id='word_1_211' title='bbox 1210 1539 1312 1575; x_wconf 88' lang='lat' dir='ltr'>quae</span> <span class='ocrx_word' id='word_1_212' title='bbox 1334 1525 1377 1563; x_wconf 91' lang='lat' dir='ltr'>in</span> <span class='ocrx_word' id='word_1_213' title='bbox 1401 1525 1563 1563; x_wconf 86' lang='lat' dir='ltr'>omneis</span> <span class='ocrx_word' id='word_1_214' title='bbox 1582 1518 1712 1563; x_wconf 84' lang='lat' dir='ltr'>bonas</span> <span class='ocrx_word' id='word_1_215' title='bbox 1731 1524 1871 1574; x_wconf 84' lang='lat' dir='ltr'>fruges</span> 
     </span>
     <span class='ocr_line' id='line_1_28' title="bbox 273 1589 1870 1640; baseline 0 -14"><span class='ocrx_word' id='word_1_216' title='bbox 273 1602 432 1638; x_wconf 84' lang='lat' dir='ltr'>semper</span> <span class='ocrx_word' id='word_1_217' title='bbox 464 1589 663 1628; x_wconf 87' lang='lat' dir='ltr'>restibilis</span> <span class='ocrx_word' id='word_1_218' title='bbox 695 1590 766 1638; x_wconf 90' lang='lat' dir='ltr'>sit,</span> <span class='ocrx_word' id='word_1_219' title='bbox 800 1604 874 1628; x_wconf 91' lang='lat' dir='ltr'>nec</span> <span class='ocrx_word' id='word_1_220' title='bbox 904 1591 985 1629; x_wconf 87' lang='lat' dir='ltr'>alia</span> <span class='ocrx_word' id='word_1_221' title='bbox 1014 1593 1137 1640; x_wconf 87' lang='lat' dir='ltr'>atque</span> <span class='ocrx_word' id='word_1_222' title='bbox 1167 1591 1247 1629; x_wconf 87' lang='lat' dir='ltr'>alia</span> <span class='ocrx_word' id='word_1_223' title='bbox 1280 1590 1507 1628; x_wconf 87' lang='lat' dir='ltr'>identidem</span> <span class='ocrx_word' id='word_1_224' title='bbox 1540 1590 1724 1638; x_wconf 90' lang='lat' dir='ltr'>lectione,</span> <span class='ocrx_word' id='word_1_225' title='bbox 1756 1589 1870 1628; x_wconf 85' lang='lat' dir='ltr'>velut</span> 
     </span>
     <span class='ocr_line' id='line_1_29' title="bbox 272 1653 1867 1705; baseline 0.001 -14"><span class='ocrx_word' id='word_1_226' title='bbox 272 1653 394 1692; x_wconf 90' lang='lat' dir='ltr'>nouis</span> <span class='ocrx_word' id='word_1_227' title='bbox 421 1654 595 1693; x_wconf 85' lang='lat' dir='ltr'>subinde</span> <span class='ocrx_word' id='word_1_228' title='bbox 617 1655 762 1705; x_wconf 82' lang='lat' dir='ltr'>riguis,</span> <span class='ocrx_word' id='word_1_229' title='bbox 787 1655 983 1705; x_wconf 85' lang='lat' dir='ltr'>indigeat.</span> <span class='ocrx_word' id='word_1_230' title='bbox 1041 1655 1255 1705; x_wconf 83' lang='lat' dir='ltr'>Siquidem</span> <span class='ocrx_word' id='word_1_231' title='bbox 1277 1655 1336 1693; x_wconf 88' lang='lat' dir='ltr'>ita</span> <span class='ocrx_word' id='word_1_232' title='bbox 1358 1656 1437 1693; x_wconf 85' lang='lat' dir='ltr'>fert</span> <span class='ocrx_word' id='word_1_233' title='bbox 1457 1657 1613 1703; x_wconf 88' lang='lat' dir='ltr'>natura,</span> <span class='ocrx_word' id='word_1_234' title='bbox 1637 1654 1719 1693; x_wconf 89' lang='lat' dir='ltr'>nisi</span> <span class='ocrx_word' id='word_1_235' title='bbox 1737 1654 1867 1702; x_wconf 78' lang='lat' dir='ltr'>fallor,</span> 
     </span>
     <span class='ocr_line' id='line_1_30' title="bbox 271 1719 1873 1771; baseline 0 -14"><span class='ocrx_word' id='word_1_236' title='bbox 271 1722 317 1757; x_wconf 89' lang='lat' dir='ltr'>vt</span> <span class='ocrx_word' id='word_1_237' title='bbox 343 1719 421 1758; x_wconf 88' lang='lat' dir='ltr'>soli</span> <span class='ocrx_word' id='word_1_238' title='bbox 445 1720 719 1769; x_wconf 87' lang='lat' dir='ltr'>praefecundi,</span> <span class='ocrx_word' id='word_1_239' title='bbox 742 1721 799 1758; x_wconf 86' lang='lat' dir='ltr'>sic</span> <span class='ocrx_word' id='word_1_240' title='bbox 826 1720 999 1758; x_wconf 81' lang='lat' dir='ltr'>eximiae</span> <span class='ocrx_word' id='word_1_241' title='bbox 1019 1723 1140 1771; x_wconf 89' lang='lat' dir='ltr'>atque</span> <span class='ocrx_word' id='word_1_242' title='bbox 1166 1720 1308 1759; x_wconf 86' lang='lat' dir='ltr'>beatae</span> <span class='ocrx_word' id='word_1_243' title='bbox 1334 1720 1498 1767; x_wconf 87' lang='lat' dir='ltr'>mentis,</span> <span class='ocrx_word' id='word_1_244' title='bbox 1520 1721 1566 1759; x_wconf 84' lang='lat' dir='ltr'>vt</span> <span class='ocrx_word' id='word_1_245' title='bbox 1590 1719 1873 1758; x_wconf 86' lang='lat' dir='ltr'>anniuersaria</span> 
     </span>
     <span class='ocr_line' id='line_1_31' title="bbox 270 1784 1802 1835; baseline 0.001 -13"><span class='ocrx_word' id='word_1_246' title='bbox 270 1784 359 1823; x_wconf 90' lang='lat' dir='ltr'>eius</span> <span class='ocrx_word' id='word_1_247' title='bbox 376 1786 535 1823; x_wconf 82' lang='lat' dir='ltr'>foetura</span> <span class='ocrx_word' id='word_1_248' title='bbox 553 1785 714 1824; x_wconf 87' lang='lat' dir='ltr'>luxurie</span> <span class='ocrx_word' id='word_1_249' title='bbox 732 1788 949 1834; x_wconf 80' lang='lat' dir='ltr'>carentem,</span> <span class='ocrx_word' id='word_1_250' title='bbox 972 1799 1057 1824; x_wconf 90' lang='lat' dir='ltr'>non</span> <span class='ocrx_word' id='word_1_251' title='bbox 1075 1786 1202 1824; x_wconf 89' lang='lat' dir='ltr'>etiam</span> <span class='ocrx_word' id='word_1_252' title='bbox 1222 1786 1423 1833; x_wconf 85' lang='lat' dir='ltr'>effoetam,</span> <span class='ocrx_word' id='word_1_253' title='bbox 1445 1785 1593 1823; x_wconf 85' lang='lat' dir='ltr'>efficiat</span> <span class='ocrx_word' id='word_1_254' title='bbox 1613 1786 1802 1835; x_wconf 84' lang='lat' dir='ltr'>segetem.</span> 
     </span>
     <span class='ocr_line' id='line_1_32' title="bbox 329 1849 1873 1901; baseline 0 -13"><span class='ocrx_word' id='word_1_255' title='bbox 329 1850 392 1888; x_wconf 80' lang='lat' dir='ltr'>Ex</span> <span class='ocrx_word' id='word_1_256' title='bbox 421 1850 662 1889; x_wconf 89' lang='lat' dir='ltr'>huiusmodi</span> <span class='ocrx_word' id='word_1_257' title='bbox 689 1851 854 1901; x_wconf 86' lang='lat' dir='ltr'>ingenio</span> <span class='ocrx_word' id='word_1_258' title='bbox 880 1853 1091 1899; x_wconf 88' lang='lat' dir='ltr'>Erasmus,</span> <span class='ocrx_word' id='word_1_259' title='bbox 1121 1851 1239 1901; x_wconf 83' lang='lat' dir='ltr'>quasi</span> <span class='ocrx_word' id='word_1_260' title='bbox 1268 1865 1317 1889; x_wconf 74' lang='lat' dir='ltr'>ex</span> <span class='ocrx_word' id='word_1_261' title='bbox 1347 1851 1552 1889; x_wconf 87' lang='lat' dir='ltr'>letissimo</span> <span class='ocrx_word' id='word_1_262' title='bbox 1583 1851 1762 1900; x_wconf 88' lang='lat' dir='ltr'>quodam</span> <span class='ocrx_word' id='word_1_263' title='bbox 1783 1849 1873 1888; x_wconf 88' lang='lat' dir='ltr'>lati-</span> 
     </span>
     <span class='ocr_line' id='line_1_33' title="bbox 274 1915 1873 1966; baseline -0.001 -13"><span class='ocrx_word' id='word_1_264' title='bbox 274 1916 418 1954; x_wconf 88' lang='lat' dir='ltr'>fundio</span> <span class='ocrx_word' id='word_1_265' title='bbox 445 1917 567 1966; x_wconf 88' lang='lat' dir='ltr'>atque</span> <span class='ocrx_word' id='word_1_266' title='bbox 603 1915 804 1955; x_wconf 86' lang='lat' dir='ltr'>vbertatis</span> <span class='ocrx_word' id='word_1_267' title='bbox 841 1917 1119 1965; x_wconf 79' lang='lat' dir='ltr'>inexhaustae,</span> <span class='ocrx_word' id='word_1_268' title='bbox 1157 1916 1304 1954; x_wconf 89' lang='lat' dir='ltr'>multis</span> <span class='ocrx_word' id='word_1_269' title='bbox 1338 1917 1423 1954; x_wconf 85' lang='lat' dir='ltr'>iam</span> <span class='ocrx_word' id='word_1_270' title='bbox 1455 1915 1576 1954; x_wconf 91' lang='lat' dir='ltr'>annis</span> <span class='ocrx_word' id='word_1_271' title='bbox 1614 1915 1873 1954; x_wconf 85' lang='lat' dir='ltr'>luculentam</span> 
     </span>
     <span class='ocr_line' id='line_1_34' title="bbox 274 1980 1873 2032; baseline 0 -14"><span class='ocrx_word' id='word_1_272' title='bbox 274 1993 450 2019; x_wconf 87' lang='lat' dir='ltr'>messem</span> <span class='ocrx_word' id='word_1_273' title='bbox 472 1981 630 2031; x_wconf 84' lang='lat' dir='ltr'>colligit</span> <span class='ocrx_word' id='word_1_274' title='bbox 650 1982 804 2020; x_wconf 85' lang='lat' dir='ltr'>solidae</span> <span class='ocrx_word' id='word_1_275' title='bbox 822 1982 938 2020; x_wconf 89' lang='lat' dir='ltr'>illius</span> <span class='ocrx_word' id='word_1_276' title='bbox 958 1984 999 2020; x_wconf 92' lang='lat' dir='ltr'>et</span> <span class='ocrx_word' id='word_1_277' title='bbox 1018 1995 1228 2032; x_wconf 83' lang='lat' dir='ltr'>expressae</span> <span class='ocrx_word' id='word_1_278' title='bbox 1247 1981 1400 2031; x_wconf 87' lang='lat' dir='ltr'>gloriae</span> <span class='ocrx_word' id='word_1_279' title='bbox 1421 1981 1466 2019; x_wconf 93' lang='lat' dir='ltr'>in</span> <span class='ocrx_word' id='word_1_280' title='bbox 1481 1981 1699 2030; x_wconf 89' lang='lat' dir='ltr'>seculaque</span> <span class='ocrx_word' id='word_1_281' title='bbox 1718 1980 1873 2019; x_wconf 81' lang='lat' dir='ltr'>iturae:</span> 
     </span>
     <span class='ocr_line' id='line_1_35' title="bbox 274 2045 1874 2097; baseline 0 -14"><span class='ocrx_word' id='word_1_282' title='bbox 274 2046 439 2084; x_wconf 89' lang='lat' dir='ltr'>tametsi</span> <span class='ocrx_word' id='word_1_283' title='bbox 486 2047 535 2085; x_wconf 88' lang='lat' dir='ltr'>ad</span> <span class='ocrx_word' id='word_1_284' title='bbox 574 2059 671 2085; x_wconf 90' lang='lat' dir='ltr'>eum</span> <span class='ocrx_word' id='word_1_285' title='bbox 719 2047 904 2086; x_wconf 88' lang='lat' dir='ltr'>scribens</span> <span class='ocrx_word' id='word_1_286' title='bbox 942 2047 1001 2086; x_wconf 88' lang='lat' dir='ltr'>ita</span> <span class='ocrx_word' id='word_1_287' title='bbox 1038 2060 1132 2086; x_wconf 89' lang='lat' dir='ltr'>cum</span> <span class='ocrx_word' id='word_1_288' title='bbox 1173 2061 1219 2085; x_wconf 95' lang='lat' dir='ltr'>eo</span> <span class='ocrx_word' id='word_1_289' title='bbox 1257 2060 1373 2097; x_wconf 84' lang='lat' dir='ltr'>agere</span> <span class='ocrx_word' id='word_1_290' title='bbox 1417 2046 1566 2085; x_wconf 88' lang='lat' dir='ltr'>solitus</span> <span class='ocrx_word' id='word_1_291' title='bbox 1608 2047 1690 2084; x_wconf 91' lang='lat' dir='ltr'>sim</span> <span class='ocrx_word' id='word_1_292' title='bbox 1735 2045 1874 2095; x_wconf 88' lang='lat' dir='ltr'>itaque</span> 
     </span>
     <span class='ocr_line' id='line_1_36' title="bbox 274 2110 1876 2162; baseline 0.001 -14"><span class='ocrx_word' id='word_1_293' title='bbox 274 2110 544 2161; x_wconf 87' lang='lat' dir='ltr'>irrequietum</span> <span class='ocrx_word' id='word_1_294' title='bbox 564 2112 654 2150; x_wconf 90' lang='lat' dir='ltr'>eius</span> <span class='ocrx_word' id='word_1_295' title='bbox 672 2112 862 2150; x_wconf 88' lang='lat' dir='ltr'>animum</span> <span class='ocrx_word' id='word_1_296' title='bbox 881 2113 1096 2162; x_wconf 84' lang='lat' dir='ltr'>exagitare,</span> <span class='ocrx_word' id='word_1_297' title='bbox 1122 2114 1169 2152; x_wconf 90' lang='lat' dir='ltr'>vt</span> <span class='ocrx_word' id='word_1_298' title='bbox 1188 2112 1269 2150; x_wconf 88' lang='lat' dir='ltr'>ista</span> <span class='ocrx_word' id='word_1_299' title='bbox 1293 2112 1509 2162; x_wconf 84' lang='lat' dir='ltr'>diligentia</span> <span class='ocrx_word' id='word_1_300' title='bbox 1527 2113 1650 2162; x_wconf 88' lang='lat' dir='ltr'>atque</span> <span class='ocrx_word' id='word_1_301' title='bbox 1669 2110 1876 2150; x_wconf 89' lang='lat' dir='ltr'>industria</span> 
     </span>
     <span class='ocr_line' id='line_1_37' title="bbox 278 2174 1874 2227; baseline 0 -14"><span class='ocrx_word' id='word_1_302' title='bbox 278 2174 380 2213; x_wconf 87' lang='lat' dir='ltr'>satis</span> <span class='ocrx_word' id='word_1_303' title='bbox 399 2189 495 2214; x_wconf 91' lang='lat' dir='ltr'>eum</span> <span class='ocrx_word' id='word_1_304' title='bbox 515 2176 645 2215; x_wconf 86' lang='lat' dir='ltr'>facere</span> <span class='ocrx_word' id='word_1_305' title='bbox 664 2176 770 2215; x_wconf 88' lang='lat' dir='ltr'>mihi</span> <span class='ocrx_word' id='word_1_306' title='bbox 789 2191 947 2227; x_wconf 85' lang='lat' dir='ltr'>negem,</span> <span class='ocrx_word' id='word_1_307' title='bbox 970 2178 1055 2216; x_wconf 88' lang='lat' dir='ltr'>nisi</span> <span class='ocrx_word' id='word_1_308' title='bbox 1080 2178 1237 2216; x_wconf 87' lang='lat' dir='ltr'>maiora</span> <span class='ocrx_word' id='word_1_309' title='bbox 1254 2177 1388 2215; x_wconf 90' lang='lat' dir='ltr'>indies</span> <span class='ocrx_word' id='word_1_310' title='bbox 1406 2177 1644 2226; x_wconf 86' lang='lat' dir='ltr'>maioraque</span> <span class='ocrx_word' id='word_1_311' title='bbox 1666 2175 1874 2226; x_wconf 84' lang='lat' dir='ltr'>suscipiat,</span> 
     </span>
     <span class='ocr_line' id='line_1_38' title="bbox 275 2240 1875 2293; baseline 0 -15"><span class='ocrx_word' id='word_1_312' title='bbox 275 2241 317 2278; x_wconf 92' lang='lat' dir='ltr'>id</span> <span class='ocrx_word' id='word_1_313' title='bbox 346 2242 409 2279; x_wconf 89' lang='lat' dir='ltr'>est</span> <span class='ocrx_word' id='word_1_314' title='bbox 436 2241 716 2290; x_wconf 84' lang='lat' dir='ltr'>magnitudini</span> <span class='ocrx_word' id='word_1_315' title='bbox 744 2243 904 2292; x_wconf 87' lang='lat' dir='ltr'>ingenii</span> <span class='ocrx_word' id='word_1_316' title='bbox 942 2243 1008 2281; x_wconf 92' lang='lat' dir='ltr'>sui</span> <span class='ocrx_word' id='word_1_317' title='bbox 1044 2243 1312 2293; x_wconf 88' lang='lat' dir='ltr'>congruentia</span> <span class='ocrx_word' id='word_1_318' title='bbox 1348 2242 1568 2292; x_wconf 89' lang='lat' dir='ltr'>animoque</span> <span class='ocrx_word' id='word_1_319' title='bbox 1605 2240 1875 2291; x_wconf 88' lang='lat' dir='ltr'>quantumuis</span> 
     </span>
     <span class='ocr_line' id='line_1_39' title="bbox 280 2306 1874 2356; baseline 0.001 -13"><span class='ocrx_word' id='word_1_320' title='bbox 280 2306 451 2344; x_wconf 86' lang='lat' dir='ltr'>sublimi</span> <span class='ocrx_word' id='word_1_321' title='bbox 478 2320 562 2345; x_wconf 89' lang='lat' dir='ltr'>non</span> <span class='ocrx_word' id='word_1_322' title='bbox 591 2307 849 2356; x_wconf 88' lang='lat' dir='ltr'>poenitenda.</span> <span class='ocrx_word' id='word_1_323' title='bbox 905 2308 1011 2346; x_wconf 91' lang='lat' dir='ltr'>Inde</span> <span class='ocrx_word' id='word_1_324' title='bbox 1040 2308 1113 2347; x_wconf 90' lang='lat' dir='ltr'>illa</span> <span class='ocrx_word' id='word_1_325' title='bbox 1146 2310 1257 2347; x_wconf 87' lang='lat' dir='ltr'>inter</span> <span class='ocrx_word' id='word_1_326' title='bbox 1285 2321 1362 2346; x_wconf 88' lang='lat' dir='ltr'>nos</span> <span class='ocrx_word' id='word_1_327' title='bbox 1389 2308 1651 2352; x_wconf 87' lang='lat' dir='ltr'>concertatio,</span> <span class='ocrx_word' id='word_1_328' title='bbox 1677 2320 1773 2346; x_wconf 91' lang='lat' dir='ltr'>cum</span> <span class='ocrx_word' id='word_1_329' title='bbox 1800 2320 1874 2356; x_wconf 85' lang='lat' dir='ltr'>ego</span> 
     </span>
     <span class='ocr_line' id='line_1_40' title="bbox 276 2371 1875 2423; baseline 0.001 -14"><span class='ocrx_word' id='word_1_330' title='bbox 276 2371 410 2410; x_wconf 88' lang='lat' dir='ltr'>multa</span> <span class='ocrx_word' id='word_1_331' title='bbox 445 2372 592 2422; x_wconf 87' lang='lat' dir='ltr'>exigua</span> <span class='ocrx_word' id='word_1_332' title='bbox 627 2372 694 2410; x_wconf 86' lang='lat' dir='ltr'>vel</span> <span class='ocrx_word' id='word_1_333' title='bbox 732 2373 954 2412; x_wconf 89' lang='lat' dir='ltr'>mediocria</span> <span class='ocrx_word' id='word_1_334' title='bbox 992 2374 1081 2423; x_wconf 87' lang='lat' dir='ltr'>(pro</span> <span class='ocrx_word' id='word_1_335' title='bbox 1118 2374 1306 2423; x_wconf 86' lang='lat' dir='ltr'>portione</span> <span class='ocrx_word' id='word_1_336' title='bbox 1345 2374 1488 2422; x_wconf 89' lang='lat' dir='ltr'>captus</span> <span class='ocrx_word' id='word_1_337' title='bbox 1520 2372 1685 2411; x_wconf 86' lang='lat' dir='ltr'>Erasmi</span> <span class='ocrx_word' id='word_1_338' title='bbox 1714 2371 1875 2422; x_wconf 89' lang='lat' dir='ltr'>loquor)</span> 
     </span>
     <span class='ocr_line' id='line_1_41' title="bbox 277 2437 1871 2488; baseline 0.001 -14"><span class='ocrx_word' id='word_1_339' title='bbox 277 2439 438 2486; x_wconf 87' lang='lat' dir='ltr'>accepto</span> <span class='ocrx_word' id='word_1_340' title='bbox 457 2437 642 2475; x_wconf 88' lang='lat' dir='ltr'>laturum</span> <span class='ocrx_word' id='word_1_341' title='bbox 661 2450 729 2475; x_wconf 88' lang='lat' dir='ltr'>me</span> <span class='ocrx_word' id='word_1_342' title='bbox 748 2451 823 2487; x_wconf 89' lang='lat' dir='ltr'>pro</span> <span class='ocrx_word' id='word_1_343' title='bbox 848 2438 1013 2488; x_wconf 85' lang='lat' dir='ltr'>magnis</span> <span class='ocrx_word' id='word_1_344' title='bbox 1038 2437 1161 2487; x_wconf 88' lang='lat' dir='ltr'>plane</span> <span class='ocrx_word' id='word_1_345' title='bbox 1188 2452 1303 2488; x_wconf 87' lang='lat' dir='ltr'>nego,</span> <span class='ocrx_word' id='word_1_346' title='bbox 1325 2438 1450 2476; x_wconf 89' lang='lat' dir='ltr'>etiam</span> <span class='ocrx_word' id='word_1_347' title='bbox 1470 2437 1507 2477; x_wconf 88' lang='lat' dir='ltr'>si</span> <span class='ocrx_word' id='word_1_348' title='bbox 1536 2451 1657 2487; x_wconf 88' lang='lat' dir='ltr'>opera</span> <span class='ocrx_word' id='word_1_349' title='bbox 1682 2437 1871 2487; x_wconf 79' lang='lat' dir='ltr'>perfect-a,</span> 
     </span>
    </p>
   </div>
   <div class='ocr_carea' id='block_1_9' title="bbox 245 2501 1876 2554">
    <p class='ocr_par' dir='ltr' id='par_1_9' title="bbox 245 2501 1876 2554">
     <span class='ocr_line' id='line_1_42' title="bbox 245 2501 1876 2554; baseline 0.001 -16"><span class='ocrx_word' id='word_1_350' title='bbox 245 2514 255 2519; x_wconf 85' lang='lat'>·</span> <span class='ocrx_word' id='word_1_351' title='bbox 278 2501 457 2550; x_wconf 87' lang='lat' dir='ltr'>probata,</span> <span class='ocrx_word' id='word_1_352' title='bbox 480 2502 676 2550; x_wconf 82' lang='lat' dir='ltr'>praestita</span> <span class='ocrx_word' id='word_1_353' title='bbox 695 2502 785 2552; x_wconf 85' lang='lat' dir='ltr'>lege</span> <span class='ocrx_word' id='word_1_354' title='bbox 803 2505 936 2551; x_wconf 87' lang='lat' dir='ltr'>erunt,</span> <span class='ocrx_word' id='word_1_355' title='bbox 959 2504 1006 2541; x_wconf 90' lang='lat' dir='ltr'>vt</span> <span class='ocrx_word' id='word_1_356' title='bbox 1025 2506 1118 2542; x_wconf 89' lang='lat' dir='ltr'>vtar</span> <span class='ocrx_word' id='word_1_357' title='bbox 1136 2503 1294 2554; x_wconf 87' lang='lat' dir='ltr'>priscae</span> <span class='ocrx_word' id='word_1_358' title='bbox 1319 2503 1522 2541; x_wconf 84' lang='lat' dir='ltr'>formulae</span> <span class='ocrx_word' id='word_1_359' title='bbox 1541 2502 1702 2546; x_wconf 68' lang='lat' dir='ltr'>verbis:</span> <span class='ocrx_word' id='word_1_360' title='bbox 1731 2504 1876 2552; x_wconf 87' lang='lat' dir='ltr'>vtpote</span> 
     </span>
    </p>
   </div>
   <div class='ocr_carea' id='block_1_10' title="bbox 278 2566 1876 2617">
    <p class='ocr_par' dir='ltr' id='par_1_10' title="bbox 278 2566 1876 2617">
     <span class='ocr_line' id='line_1_43' title="bbox 278 2566 1876 2617; baseline 0.001 -14"><span class='ocrx_word' id='word_1_361' title='bbox 278 2566 348 2614; x_wconf 87' lang='lat' dir='ltr'>qui</span> <span class='ocrx_word' id='word_1_362' title='bbox 368 2566 444 2604; x_wconf 89' lang='lat' dir='ltr'>hoc</span> <span class='ocrx_word' id='word_1_363' title='bbox 464 2567 723 2616; x_wconf 85' lang='lat' dir='ltr'>contendam,</span> <span class='ocrx_word' id='word_1_364' title='bbox 746 2568 961 2606; x_wconf 87' lang='lat' dir='ltr'>hominem</span> <span class='ocrx_word' id='word_1_365' title='bbox 979 2570 1068 2606; x_wconf 92' lang='lat' dir='ltr'>tam</span> <span class='ocrx_word' id='word_1_366' title='bbox 1088 2569 1183 2617; x_wconf 90' lang='lat' dir='ltr'>alto,</span> <span class='ocrx_word' id='word_1_367' title='bbox 1205 2571 1292 2607; x_wconf 86' lang='lat' dir='ltr'>tam</span> <span class='ocrx_word' id='word_1_368' title='bbox 1318 2567 1488 2616; x_wconf 87' lang='lat' dir='ltr'>volucri,</span> <span class='ocrx_word' id='word_1_369' title='bbox 1510 2569 1598 2606; x_wconf 89' lang='lat' dir='ltr'>tam</span> <span class='ocrx_word' id='word_1_370' title='bbox 1618 2567 1766 2617; x_wconf 84' lang='lat' dir='ltr'>capaci,</span> <span class='ocrx_word' id='word_1_371' title='bbox 1788 2570 1876 2606; x_wconf 86' lang='lat' dir='ltr'>tam</span> 
     </span>
    </p>
   </div>
   <div class='ocr_carea' id='block_1_11' title="bbox 280 2673 1875 2973">
    <p class='ocr_par' dir='ltr' id='par_1_11' title="bbox 280 2673 1875 2973">
     <span class='ocr_line' id='line_1_44' title="bbox 323 2673 1875 2714; baseline 0.002 -13"><span class='ocrx_word' id='word_1_372' title='bbox 323 2682 395 2709; x_wconf 85' lang='lat'><em>271.</em></span> <span class='ocrx_word' id='word_1_373' title='bbox 420 2673 643 2712; x_wconf 84' lang='lat' dir='ltr'>frequentem</span> <span class='ocrx_word' id='word_1_374' title='bbox 661 2674 742 2708; x_wconf 79' lang='lat' dir='ltr'>DB:</span> <span class='ocrx_word' id='word_1_375' title='bbox 766 2684 823 2704; x_wconf 79' lang='lat' dir='ltr'>om.</span> <span class='ocrx_word' id='word_1_376' title='bbox 843 2675 884 2704; x_wconf 86' lang='lat' dir='ltr'>H.</span> <span class='ocrx_word' id='word_1_377' title='bbox 977 2674 1095 2705; x_wconf 86' lang='lat' dir='ltr'>aiebat</span> <span class='ocrx_word' id='word_1_378' title='bbox 1112 2674 1173 2705; x_wconf 90' lang='lat' dir='ltr'>ille</span> <span class='ocrx_word' id='word_1_379' title='bbox 1189 2676 1262 2705; x_wconf 81' lang='lat' dir='ltr'>add.</span> <span class='ocrx_word' id='word_1_380' title='bbox 1281 2675 1315 2707; x_wconf 81' lang='grc' dir='ltr'>β.</span> <span class='ocrx_word' id='word_1_381' title='bbox 1458 2683 1531 2713; x_wconf 80' lang='grc'>274.</span> <span class='ocrx_word' id='word_1_382' title='bbox 1559 2673 1808 2714; x_wconf 85' lang='lat' dir='ltr'>famigeratum</span> <span class='ocrx_word' id='word_1_383' title='bbox 1824 2676 1875 2704; x_wconf 88' lang='lat' dir='ltr'>D:</span> 
     </span>
     <span class='ocr_line' id='line_1_45' title="bbox 280 2716 1874 2757; baseline 0.003 -14"><span class='ocrx_word' id='word_1_384' title='bbox 280 2716 433 2746; x_wconf 85' lang='lat' dir='ltr'>nobilem</span> <span class='ocrx_word' id='word_1_385' title='bbox 453 2718 485 2750; x_wconf 80' lang='grc' dir='ltr'>β.</span> <span class='ocrx_word' id='word_1_386' title='bbox 656 2727 730 2756; x_wconf 84' lang='grc'>275.</span> <span class='ocrx_word' id='word_1_387' title='bbox 756 2716 943 2748; x_wconf 83' lang='lat' dir='ltr'>hominem</span> <span class='ocrx_word' id='word_1_388' title='bbox 959 2740 967 2749; x_wconf 90' lang='lat'>.</span> <span class='ocrx_word' id='word_1_389' title='bbox 988 2741 995 2749; x_wconf 89' lang='lat'><strong><em>.</em></strong></span> <span class='ocrx_word' id='word_1_390' title='bbox 1013 2742 1020 2750; x_wconf 90' lang='lat'><strong><em>.</em></strong></span> <span class='ocrx_word' id='word_1_391' title='bbox 1039 2720 1204 2757; x_wconf 82' lang='lat' dir='ltr'>agentem</span> <span class='ocrx_word' id='word_1_392' title='bbox 1222 2721 1296 2749; x_wconf 78' lang='lat' dir='ltr'>add.</span> <span class='ocrx_word' id='word_1_393' title='bbox 1312 2719 1347 2752; x_wconf 86' lang='grc' dir='ltr'>β.</span> <span class='ocrx_word' id='word_1_394' title='bbox 1515 2718 1591 2756; x_wconf 82' lang='grc'>276,</span> <span class='ocrx_word' id='word_1_395' title='bbox 1616 2717 1792 2748; x_wconf 85' lang='lat' dir='ltr'>Venerem</span> <span class='ocrx_word' id='word_1_396' title='bbox 1808 2740 1816 2748; x_wconf 95' lang='lat'>.</span> <span class='ocrx_word' id='word_1_397' title='bbox 1837 2739 1845 2748; x_wconf 94' lang='lat'><strong><em>.</em></strong></span> <span class='ocrx_word' id='word_1_398' title='bbox 1867 2740 1874 2746; x_wconf 91' lang='lat'>.</span> 
     </span>
     <span class='ocr_line' id='line_1_46' title="bbox 281 2761 1874 2801; baseline 0.003 -14"><span class='ocrx_word' id='word_1_399' title='bbox 281 2761 457 2796; x_wconf 85' lang='lat' dir='ltr'>postremo</span> <span class='ocrx_word' id='word_1_400' title='bbox 473 2762 547 2790; x_wconf 73' lang='lat' dir='ltr'>add.</span> <span class='ocrx_word' id='word_1_401' title='bbox 564 2761 597 2794; x_wconf 84' lang='grc' dir='ltr'>β.</span> <span class='ocrx_word' id='word_1_402' title='bbox 776 2761 849 2799; x_wconf 87' lang='lat'>278.</span> <span class='ocrx_word' id='word_1_403' title='bbox 876 2761 983 2792; x_wconf 86' lang='lat' dir='ltr'>audet</span> <span class='ocrx_word' id='word_1_404' title='bbox 998 2764 1026 2792; x_wconf 92' lang='lat' dir='ltr'><em>D</em></span> <span class='ocrx_word' id='word_1_405' title='bbox 1042 2773 1049 2792; x_wconf 89' lang='lat'>:</span> <span class='ocrx_word' id='word_1_406' title='bbox 1074 2771 1147 2792; x_wconf 92' lang='lat' dir='ltr'>non</span> <span class='ocrx_word' id='word_1_407' title='bbox 1163 2763 1307 2792; x_wconf 84' lang='lat' dir='ltr'>veretur</span> <span class='ocrx_word' id='word_1_408' title='bbox 1322 2764 1356 2796; x_wconf 88' lang='grc' dir='ltr'>β.</span> <span class='ocrx_word' id='word_1_409' title='bbox 1491 2761 1660 2792; x_wconf 83' lang='lat' dir='ltr'>Erasmus</span> <span class='ocrx_word' id='word_1_410' title='bbox 1675 2762 1698 2795; x_wconf 85' lang='grc' dir='ltr'><em>β</em></span> <span class='ocrx_word' id='word_1_411' title='bbox 1713 2771 1720 2791; x_wconf 90' lang='lat'>:</span> <span class='ocrx_word' id='word_1_412' title='bbox 1743 2761 1819 2801; x_wconf 83' lang='lat' dir='ltr'>ipse</span> <span class='ocrx_word' id='word_1_413' title='bbox 1834 2763 1874 2791; x_wconf 83' lang='lat' dir='ltr'>D.</span> 
     </span>
     <span class='ocr_line' id='line_1_47' title="bbox 280 2804 1874 2845; baseline 0.003 -16"><span class='ocrx_word' id='word_1_414' title='bbox 280 2811 354 2840; x_wconf 82' lang='lat'><strong>279.</strong></span> <span class='ocrx_word' id='word_1_415' title='bbox 382 2804 526 2833; x_wconf 77' lang='lat' dir='ltr'>maioris</span> <span class='ocrx_word' id='word_1_416' title='bbox 541 2806 587 2835; x_wconf 90' lang='lat' dir='ltr'>D:</span> <span class='ocrx_word' id='word_1_417' title='bbox 614 2804 809 2844; x_wconf 76' lang='lat' dir='ltr'>superioris</span> <span class='ocrx_word' id='word_1_418' title='bbox 824 2805 858 2837; x_wconf 86' lang='grc' dir='ltr'>β.</span> <span class='ocrx_word' id='word_1_419' title='bbox 991 2806 1065 2836; x_wconf 88' lang='lat'><em>282.</em></span> <span class='ocrx_word' id='word_1_420' title='bbox 1090 2804 1202 2845; x_wconf 87' lang='lat' dir='ltr'>possit</span> <span class='ocrx_word' id='word_1_421' title='bbox 1218 2805 1261 2836; x_wconf 86' lang='lat' dir='ltr'>ad</span> <span class='ocrx_word' id='word_1_422' title='bbox 1278 2805 1456 2843; x_wconf 84' lang='lat' dir='ltr'>librosque</span> <span class='ocrx_word' id='word_1_423' title='bbox 1471 2806 1506 2839; x_wconf 87' lang='grc' dir='ltr'>β.</span> <span class='ocrx_word' id='word_1_424' title='bbox 1647 2805 1722 2842; x_wconf 88' lang='lat'><strong>284.</strong></span> <span class='ocrx_word' id='word_1_425' title='bbox 1746 2804 1874 2835; x_wconf 84' lang='lat' dir='ltr'>lauisse</span> 
     </span>
     <span class='ocr_line' id='line_1_48' title="bbox 280 2845 1875 2887; baseline 0.002 -13"><span class='ocrx_word' id='word_1_426' title='bbox 280 2847 328 2874; x_wconf 84' lang='lat' dir='ltr'>D:</span> <span class='ocrx_word' id='word_1_427' title='bbox 352 2845 523 2884; x_wconf 84' lang='lat' dir='ltr'>perluisse</span> <span class='ocrx_word' id='word_1_428' title='bbox 543 2849 577 2881; x_wconf 90' lang='grc' dir='ltr'>β.</span> <span class='ocrx_word' id='word_1_429' title='bbox 721 2857 794 2886; x_wconf 87' lang='lat'><strong>292.</strong></span> <span class='ocrx_word' id='word_1_430' title='bbox 818 2847 1006 2887; x_wconf 87' lang='lat' dir='ltr'>Siquidem</span> <span class='ocrx_word' id='word_1_431' title='bbox 1023 2851 1073 2879; x_wconf 91' lang='lat' dir='ltr'>D:</span> <span class='ocrx_word' id='word_1_432' title='bbox 1098 2849 1189 2879; x_wconf 83' lang='lat' dir='ltr'>Nam</span> <span class='ocrx_word' id='word_1_433' title='bbox 1205 2849 1239 2882; x_wconf 82' lang='grc' dir='ltr'>β.</span> <span class='ocrx_word' id='word_1_434' title='bbox 1385 2858 1460 2887; x_wconf 86' lang='grc'><strong>293.</strong></span> <span class='ocrx_word' id='word_1_435' title='bbox 1487 2848 1594 2887; x_wconf 86' lang='lat' dir='ltr'>atque</span> <span class='ocrx_word' id='word_1_436' title='bbox 1611 2848 1732 2878; x_wconf 82' lang='lat' dir='ltr'>beatae</span> <span class='ocrx_word' id='word_1_437' title='bbox 1749 2850 1822 2879; x_wconf 80' lang='lat' dir='ltr'>add.</span> <span class='ocrx_word' id='word_1_438' title='bbox 1841 2848 1875 2882; x_wconf 89' lang='grc' dir='ltr'>β.</span> 
     </span>
     <span class='ocr_line' id='line_1_49' title="bbox 286 2888 1875 2932; baseline 0.003 -16"><span class='ocrx_word' id='word_1_439' title='bbox 286 2898 360 2926; x_wconf 76' lang='grc'><strong>294.</strong></span> <span class='ocrx_word' id='word_1_440' title='bbox 385 2888 465 2918; x_wconf 69' lang='grc' dir='ltr'>1)]Ιὶ</span> <span class='ocrx_word' id='word_1_441' title='bbox 478 2900 485 2919; x_wconf 79' lang='lat' dir='ltr'><strong><em>z</em></strong></span> <span class='ocrx_word' id='word_1_442' title='bbox 509 2890 673 2921; x_wconf 82' lang='lat' dir='ltr'>luxuriae</span> <span class='ocrx_word' id='word_1_443' title='bbox 689 2890 730 2921; x_wconf 72' lang='grc' dir='ltr'>Β2</span> <span class='ocrx_word' id='word_1_444' title='bbox 741 2892 774 2925; x_wconf 87' lang='grc' dir='ltr'>β.</span> <span class='ocrx_word' id='word_1_445' title='bbox 943 2893 1016 2932; x_wconf 87' lang='grc'><strong>296.</strong></span> <span class='ocrx_word' id='word_1_446' title='bbox 1045 2892 1179 2923; x_wconf 91' lang='lat' dir='ltr'>multos</span> <span class='ocrx_word' id='word_1_447' title='bbox 1195 2892 1267 2922; x_wconf 86' lang='lat' dir='ltr'>iam</span> <span class='ocrx_word' id='word_1_448' title='bbox 1284 2901 1397 2922; x_wconf 82' lang='lat' dir='ltr'>annos</span> <span class='ocrx_word' id='word_1_449' title='bbox 1412 2893 1447 2926; x_wconf 88' lang='grc' dir='ltr'>β.</span> <span class='ocrx_word' id='word_1_450' title='bbox 1494 2900 1498 2902; x_wconf 86' lang='grc'><strong><em>·</em></strong></span> <span class='ocrx_word' id='word_1_451' title='bbox 1631 2900 1706 2931; x_wconf 85' lang='grc'>305.</span> <span class='ocrx_word' id='word_1_452' title='bbox 1731 2893 1811 2923; x_wconf 85' lang='lat' dir='ltr'>vtar</span> <span class='ocrx_word' id='word_1_453' title='bbox 1825 2893 1853 2921; x_wconf 90' lang='lat' dir='ltr'><em>D</em></span> <span class='ocrx_word' id='word_1_454' title='bbox 1868 2901 1875 2920; x_wconf 74' lang='grc' dir='ltr'>ε</span> 
     </span>
     <span class='ocr_line' id='line_1_50' title="bbox 281 2933 1257 2973; baseline 0.007 -14"><span class='ocrx_word' id='word_1_455' title='bbox 281 2940 365 2961; x_wconf 67' lang='lat' dir='ltr'>&gt;unt</span> <span class='ocrx_word' id='word_1_456' title='bbox 381 2933 411 2962; x_wconf 71' lang='grc' dir='ltr'>Β.</span> <span class='ocrx_word' id='word_1_457' title='bbox 502 2933 610 2963; x_wconf 74' lang='lat' dir='ltr'>verba</span> <span class='ocrx_word' id='word_1_458' title='bbox 625 2935 659 2967; x_wconf 84' lang='grc' dir='ltr'>β.</span> <span class='ocrx_word' id='word_1_459' title='bbox 791 2935 865 2973; x_wconf 87' lang='lat'><strong>306.</strong></span> <span class='ocrx_word' id='word_1_460' title='bbox 891 2934 967 2965; x_wconf 86' lang='lat' dir='ltr'>tam</span> <span class='ocrx_word' id='word_1_461' title='bbox 982 2935 1118 2967; x_wconf 86' lang='lat' dir='ltr'>volucri</span> <span class='ocrx_word' id='word_1_462' title='bbox 1135 2938 1208 2967; x_wconf 74' lang='lat' dir='ltr'>add.</span> <span class='ocrx_word' id='word_1_463' title='bbox 1224 2936 1257 2969; x_wconf 87' lang='grc' dir='ltr'>β.</span> 
     </span>
    </p>
   </div>
   <div class='ocr_carea' id='block_1_12' title="bbox 368 3030 1786 3074">
    <p class='ocr_par' dir='ltr' id='par_1_12' title="bbox 368 3030 1786 3074">
     <span class='ocr_line' id='line_1_51' title="bbox 368 3030 1786 3074; baseline 0.004 -16"><span class='ocrx_word' id='word_1_464' title='bbox 368 3030 441 3068; x_wconf 85' lang='grc'><strong>285.</strong></span> <span class='ocrx_word' id='word_1_465' title='bbox 467 3030 652 3070; x_wconf 73' lang='lat' dir='ltr'>epistolae]</span> <span class='ocrx_word' id='word_1_466' title='bbox 677 3031 739 3070; x_wconf 88' lang='lat' dir='ltr'>Ep.</span> <span class='ocrx_word' id='word_1_467' title='bbox 755 3041 830 3071; x_wconf 83' lang='lat'><strong>531.</strong></span> <span class='ocrx_word' id='word_1_468' title='bbox 848 3042 913 3073; x_wconf 84' lang='lat'>373</span> <span class='ocrx_word' id='word_1_469' title='bbox 929 3043 999 3073; x_wconf 87' lang='lat' dir='ltr'>seq.</span> <span class='ocrx_word' id='word_1_470' title='bbox 1131 3043 1205 3073; x_wconf 87' lang='lat'>297.</span> <span class='ocrx_word' id='word_1_471' title='bbox 1232 3033 1365 3074; x_wconf 74' lang='lat' dir='ltr'>iturae]</span> <span class='ocrx_word' id='word_1_472' title='bbox 1385 3033 1439 3065; x_wconf 88' lang='lat' dir='ltr'>Cf.</span> <span class='ocrx_word' id='word_1_473' title='bbox 1459 3033 1520 3065; x_wconf 88' lang='lat' dir='ltr'>Sil.</span> <span class='ocrx_word' id='word_1_474' title='bbox 1540 3033 1622 3064; x_wconf 83' lang='lat' dir='ltr'>Ital.</span> <span class='ocrx_word' id='word_1_475' title='bbox 1643 3043 1692 3064; x_wconf 88' lang='lat'>12.</span> <span class='ocrx_word' id='word_1_476' title='bbox 1710 3042 1786 3071; x_wconf 84' lang='lat'><strong>312.</strong></span> 
     </span>
    </p>
   </div>
  </div>
 </body>
</html>
