2010 3417
389 144 467 183 100
851 144 1101 183 LETTERS
1139 143 1209 182 OF
1247 143 1510 182 ERASMUS
1851 139 1977 195 [1515

385 253 641 293 Christianos
667 252 882 292 Cornelius
909 251 1084 299 Tacitus,
1108 264 1232 301 quam
1256 251 1425 290 inimice
1449 251 1683 299 Suetonius,
1706 264 1829 302 quam
1850 252 1980 302 impie

386 317 572 355 derident
606 316 966 355 immortalitatem
1004 315 1241 354 animarum
1275 315 1442 354 Plinius
1480 317 1521 354 et
1554 316 1784 355 Lucianus!
1827 319 1870 356 at
1902 317 1981 356 hos

384 383 525 419 tamen
558 381 804 419 eruditionis
836 381 966 431 gratia
996 379 1142 430 legunt
1175 392 1331 428 omnes,
1364 382 1405 419 et
1435 380 1585 419 merito
1618 380 1786 431 quidem
1818 381 1976 431 legunt.

303 458 362 490 345
384 445 524 484 Solam
551 446 739 492 Moriam,
763 445 859 495 quia
885 445 1041 484 salibus
1064 444 1220 495 aliquot
1245 444 1403 490 luserit,
1424 458 1509 483 non
1533 445 1579 483 in
1604 445 1735 484 bonos
1762 446 1981 497 theologos

382 512 423 548 et
453 523 498 548 eo
528 510 677 560 dignos
704 509 837 558 titulo,
865 510 936 549 sed
965 510 1010 548 in
1039 509 1346 549 ineruditorum
1374 509 1545 550 friuolas
1575 510 1911 561 quaestiunculas
1938 515 1978 552 et

383 574 607 613 ridiculum
627 575 816 625 magistri
835 575 969 614 nostri
989 574 1174 624 titulum,
1197 575 1304 614 ferre
1322 589 1408 615 non
1428 578 1616 625 possunt.

437 640 498 678 Ac
537 640 618 679 duo
656 642 792 679 tresue
829 640 1066 689 nebulones,
1103 640 1335 690 theologico
1372 640 1579 680 schemate
1616 641 1837 691 personati,
1872 641 1981 680 mihi

382 707 585 744 conantur
603 705 710 745 hanc
729 719 896 744 mouere
911 705 1125 754 inuidiam,
1144 705 1261 756 quasi
1274 705 1564 756 theologorum
1581 706 1769 745 ordinem
1789 706 1981 746 laeserim

302 784 364 815 350
381 772 423 809 et
463 770 689 810 alienarim.
765 771 854 821 Ego
887 772 1053 810 tantum
1084 770 1222 810 tribuo
1252 770 1494 821 theologicis
1523 770 1658 810 literis
1690 774 1738 811 vt
1770 785 1840 811 eas
1871 773 1983 812 solas

381 835 536 874 soleam
555 836 760 886 appellare
778 835 950 875 litteras.
1007 835 1074 875 Ita
1100 835 1279 886 suspicio
1306 849 1559 887 venerorque
1585 837 1696 875 hunc
1723 836 1912 876 ordinem
1932 840 1979 876 vt

381 901 478 939 huic
508 901 582 940 vni
612 914 765 940 nomen
799 902 983 940 dederim
1015 914 1060 940 ac
1093 901 1297 941 voluerim
1330 901 1509 949 ascribi余
1550 914 1788 952 quanquam
1821 903 1981 952 pudore

380 966 599 1016 prohibeor
632 980 712 1016 quo
743 967 885 1006 minus
915 967 1021 1005 mihi
1050 968 1139 1005 tam
1167 966 1368 1005 eximium
1397 967 1570 1005 titulum
1598 979 1793 1016 asseram,
1826 967 1981 1018 quippe

381 1031 451 1082 qui
470 1044 555 1070 non
575 1031 765 1081 ignorem
784 1045 885 1082 quae
906 1032 1022 1070 dotes
1041 1033 1082 1070 et
1101 1031 1347 1070 eruditionis
1373 1033 1414 1070 et
1432 1031 1541 1070 vitae
1560 1032 1793 1082 theologico
1813 1032 1976 1071 nomini

301 1111 361 1142 355
382 1096 622 1135 debeantur.
699 1097 846 1135 Nescio
881 1097 980 1147 quid
1013 1097 1181 1135 homine
1213 1097 1346 1135 maius
1379 1096 1597 1147 profitetur
1634 1097 1705 1147 qui
1737 1097 1979 1147 theologum

380 1161 609 1212 profitetur.
668 1161 966 1211 Episcoporum
986 1174 1032 1200 ea
1051 1161 1231 1211 dignitas
1251 1165 1324 1209 est,
1348 1161 1458 1201 haud
1477 1162 1559 1201 mei
1579 1161 1795 1201 similium.
1849 1162 1979 1201 Nobis

381 1227 483 1266 satis
516 1228 579 1265 est
609 1227 865 1266 Socraticum
894 1227 998 1266 illud
1031 1227 1231 1275 didicisse,
1265 1228 1374 1277 quod
1405 1227 1513 1265 nihil
1542 1227 1712 1266 omnino
1740 1228 1905 1276 scimus,
1936 1229 1978 1266 et

381 1306 461 1342 qua
490 1305 709 1342 possumus
743 1306 907 1343 operam
938 1294 1122 1331 nostram
1153 1292 1346 1331 iuuandis
1381 1292 1558 1331 aliorum
1594 1292 1745 1332 studiis
1778 1293 1975 1331 conferre.

381 1357 587 1407 Equidem
606 1358 744 1396 nescio
763 1357 934 1396 vbinam
954 1357 1109 1396 lateant
1129 1357 1199 1396 isti
1220 1358 1300 1396 duo
1321 1359 1458 1396 tresue
1476 1357 1765 1408 theologorum
1784 1357 1857 1406 dii,
1877 1370 1981 1408 quos

301 1429 363 1469 360
381 1422 528 1461 scribis
552 1422 660 1461 mihi
687 1435 835 1471 parum
858 1436 946 1461 esse
970 1422 1187 1473 propicios.
1248 1422 1342 1473 Ipse
1373 1423 1657 1473 compluribus
1683 1423 1728 1461 in
1754 1423 1855 1461 locis
1883 1436 1977 1462 sum

380 1489 567 1526 versatus
587 1487 638 1527 ab
656 1488 790 1526 aedita
808 1488 953 1535 Moria,
973 1488 1018 1526 in
1039 1490 1100 1527 tot
1120 1487 1340 1527 academiis
1359 1488 1462 1536 vixi,
1482 1488 1526 1527 in
1546 1491 1608 1527 tot
1629 1487 1980 1539 frequentissimis

381 1553 564 1592 vrbibus.
624 1553 800 1591 Nullum
818 1567 1004 1604 vnquam
1025 1553 1267 1603 theologum
1290 1553 1397 1591 mihi
1421 1554 1529 1593 sensi
1554 1554 1719 1602 iratum,
1743 1553 1826 1592 nisi
1844 1566 1977 1592 vnum

381 1621 452 1657 aut
486 1619 664 1657 alterum
697 1632 746 1657 ex
779 1619 956 1658 istorum
989 1632 1162 1657 numero
1195 1619 1266 1668 qui
1302 1618 1496 1657 omnibus
1533 1619 1653 1658 bonis
1691 1619 1846 1658 litteris
1878 1619 1977 1657 sunt

378 1682 530 1722 hostes.
588 1683 671 1722 Nec
693 1683 753 1722 hii
772 1686 913 1723 tamen
932 1697 1118 1734 vnquam
1136 1684 1262 1722 verbo
1288 1697 1454 1723 mecum
1481 1684 1808 1733 expostularunt.
1868 1683 1976 1732 Quid

300 1755 359 1797 365
378 1747 423 1786 in
449 1748 665 1787 absentem
688 1749 913 1788 mussitent
936 1762 1020 1787 non
1046 1749 1272 1787 admodum
1299 1749 1484 1797 obseruo,
1505 1751 1567 1788 tot
1595 1749 1801 1788 bonorum
1826 1748 1979 1787 iudicio

378 1813 521 1853 fretus.
580 1814 635 1852 Ni
654 1827 829 1862 vererer,
850 1814 909 1852 mi
928 1815 1072 1864 Dorpi,
1090 1827 1142 1852 ne
1163 1814 1230 1853 cui
1249 1814 1390 1853 videar
1411 1814 1672 1865 arrogantius
1696 1826 1820 1864 quam
1838 1813 1978 1853 verius

379 1878 477 1918 haec
511 1879 658 1927 dicere,
692 1893 817 1929 quam
851 1880 1006 1918 multos
1042 1879 1120 1918 tibi
1157 1892 1321 1930 possem
1359 1892 1570 1919 recensere
1609 1879 1836 1930 theologos,
1869 1879 1979 1918 vitae

379 1944 653 1983 sanctimonia
667 1944 860 1993 celebres,
873 1945 1103 1984 eruditione
1116 1944 1423 1995 praecellentes,
1436 1945 1641 1995 dignitate
1653 1945 1975 1995 praeminentes,

378 2008 534 2059 aliquot
554 2022 602 2047 ex
622 2009 689 2048 his
707 2010 832 2048 etiam
851 2010 1071 2059 episcopos,
1096 2011 1167 2060 qui
1194 2023 1261 2049 me
1289 2023 1505 2061 nunquam
1525 2010 1657 2061 magis
1676 2010 1858 2060 amplexi
1877 2012 1977 2049 sunt

300 2086 362 2119 370
380 2087 503 2124 quam
534 2076 627 2123 post
657 2074 838 2113 aeditam
871 2075 1059 2123 Moriam,
1090 2078 1132 2114 et
1165 2075 1318 2125 quibus
1352 2075 1425 2115 ille
1457 2075 1626 2114 libellus
1659 2075 1793 2124 magis
1824 2074 1976 2113 arridet

379 2152 505 2189 quam
525 2139 630 2177 mihi
649 2140 741 2189 ipsi.
800 2140 966 2179 Horum
987 2140 1173 2190 singulos
1194 2140 1331 2179 titulis
1349 2153 1394 2179 ac
1419 2140 1660 2179 nominibus
1685 2140 1770 2178 suis
1789 2139 1866 2178 hoc
1884 2139 1976 2178 loco

379 2204 587 2251 referrem,
611 2204 692 2242 nisi
719 2218 881 2243 vererer
909 2218 962 2243 ne
987 2206 1115 2244 tantis
1140 2205 1267 2244 etiam
1286 2205 1389 2244 viris
1412 2204 1566 2243 Moriae
1589 2218 1711 2244 causa
1735 2205 1867 2243 futuri
1890 2205 1977 2244 sint

378 2268 607 2319 iniquiores
635 2271 718 2308 tres
750 2269 822 2308 isti
854 2269 1063 2319 theologi余
1103 2269 1188 2309 imo
1219 2283 1351 2309 vnum
1384 2270 1585 2309 duntaxat
1617 2282 1705 2308 esse
1735 2272 1835 2320 puto
1866 2270 1974 2320 apud

379 2347 453 2373 vos
481 2335 603 2373 istius
633 2335 842 2373 auctorem
870 2335 1253 2385 tragoediae-nam
1281 2348 1369 2374 rem
1398 2335 1697 2385 propemodum
1727 2334 1977 2374 coniecturis

300 2413 360 2446 375
379 2412 595 2450 assequor:
626 2412 751 2450 quem
780 2400 815 2438 si
834 2399 987 2438 vellem
1007 2401 1093 2438 suis
1120 2400 1340 2450 depingere
1366 2399 1582 2448 coloribus,
1606 2412 1729 2439 nemo
1755 2399 1976 2438 miraretur

379 2465 582 2504 eiusmodi
613 2464 703 2503 viro
742 2465 998 2515 displicuisse
1036 2465 1237 2513 Moriam余
1279 2466 1363 2504 imo
1401 2465 1508 2504 mihi
1546 2478 1631 2504 non
1668 2465 1856 2515 placeret,
1892 2465 1976 2504 nisi

378 2531 533 2570 talibus
570 2530 815 2581 displiceret.
889 2531 1136 2581 Quanquam
1175 2543 1250 2569 nec
1287 2531 1395 2570 mihi
1433 2531 1579 2581 placet.
1652 2532 1711 2570 At
1748 2530 1828 2569 isto
1866 2532 1976 2569 certe

376 2597 547 2635 nomine
579 2596 720 2634 minus
753 2596 953 2647 displicet,
993 2597 1101 2646 quod
1134 2596 1288 2635 talibus
1326 2596 1505 2646 ingeniis
1541 2609 1626 2635 non
1658 2596 1803 2646 placet.
1872 2595 1978 2635 Plus

379 2661 488 2711 apud
526 2674 593 2699 me
629 2661 823 2710 ponderis
863 2662 988 2700 habet
1029 2662 1263 2712 sapientum
1303 2664 1344 2700 et
1385 2662 1644 2702 eruditorum
1685 2661 1974 2711 theologorum

425 2788 499 2817 342.
525 2778 687 2819 Tacitus]
711 2782 797 2810 Ann.
819 2787 866 2818 15.
887 2790 939 2818 44.
957 2789 977 2818 3
994 2789 1066 2819 seq.
1214 2788 1286 2810 was
1310 2779 1518 2811 afterwards
1542 2780 1582 2810 in
1607 2779 1769 2815 conflict余
1795 2778 1836 2810 cf.
1861 2777 1975 2810 Lond.

468 2821 679 2862 Suetonius]
705 2825 776 2854 Ner.
799 2824 847 2853 16.
1213 2824 1289 2854 xiii.
1308 2833 1359 2861 24,
1378 2823 1446 2854 LB.
1475 2832 1548 2862 471,
1566 2823 1685 2854 where
1709 2821 1820 2854 Reich
1842 2821 1975 2852 identi-

426 2873 499 2903 352.
519 2875 652 2896 nomen
669 2865 848 2906 dederim]
867 2866 918 2897 Cf.
939 2865 1002 2905 Ep.
1021 2876 1095 2897 200.
1114 2866 1145 2898 8.
1214 2866 1277 2897 fies
1301 2866 1421 2897 Noxus
1436 2866 1527 2898 with
1550 2866 1698 2897 Atensis
1722 2865 1820 2906 (畆侶).
1869 2864 1973 2896 From

426 2918 501 2946 359.
528 2918 613 2947 quos
630 2909 771 2949 scribis]
797 2909 865 2940 Not
882 2910 920 2939 in
938 2910 1001 2949 Ep.
1020 2919 1093 2948 304.
1213 2910 1272 2940 his
1298 2909 1478 2941 residence
1510 2912 1546 2940 at
1576 2910 1736 2940 Louvain
1763 2909 1801 2939 in
1835 2917 1974 2948 1502-4

426 2960 499 2989 373.
528 2961 641 2982 vnum
655 2952 849 2993 duntaxat]
874 2953 1034 2992 Perhaps
1046 2953 1144 2984 John
1214 2953 1382 2984 Erasmus
1411 2953 1531 2984 would
1569 2953 1659 2984 have
1693 2953 1754 2983 the
1785 2961 1908 2983 means
1937 2954 1976 2983 to

383 2993 514 3025 Briard
531 2995 718 3037 (Atensis),
734 2996 825 3027 with
839 2997 958 3027 whom
976 2996 1145 3027 Erasmus
1214 2996 1305 3028 form
1329 3007 1376 3027 an
1401 2997 1561 3036 opinion.
