<?xml version="1.0" encoding="UTF-8"?>
<!DOCTYPE html PUBLIC "-//W3C//DTD XHTML 1.0 Transitional//EN"
    "http://www.w3.org/TR/xhtml1/DTD/xhtml1-transitional.dtd">
<html xmlns="http://www.w3.org/1999/xhtml" xml:lang="en" lang="en">
 <head>
  <title>
</title>
<meta http-equiv="Content-Type" content="text/html;charset=utf-8" />
  <meta name='ocr-system' content='tesseract 3.04.00' />
  <meta name='ocr-capabilities' content='ocr_page ocr_carea ocr_par ocr_line ocrx_word'/>
</head>
<body>
  <div class='ocr_page' id='page_1' title='image "./opusepistolarumd02erasuoft/opusepistolarumd02erasuoft_0125.png"; bbox 0 0 2010 3417; ppageno 0'>
   <div class='ocr_carea' id='block_1_1' title="bbox 96 164 1682 220">
    <p class='ocr_par' dir='ltr' id='par_1_1' title="bbox 96 164 1682 220">
     <span class='ocr_line' id='line_1_1' title="bbox 96 164 1682 220; baseline 0.001 -10"><span class='ocrx_word' id='word_1_1' title='bbox 96 164 197 220; x_wconf 83' lang='lat'><strong>337]</strong></span> <span class='ocrx_word' id='word_1_2' title='bbox 631 169 700 208; x_wconf 85' lang='grc' dir='ltr'>ΤΟ</span> <span class='ocrx_word' id='word_1_3' title='bbox 739 169 962 209; x_wconf 77' lang='grc' dir='ltr'><strong>ΜΑΕΤΙΝ</strong></span> <span class='ocrx_word' id='word_1_4' title='bbox 1001 170 1152 209; x_wconf 88' lang='lat' dir='ltr'>DORP</span> <span class='ocrx_word' id='word_1_5' title='bbox 1609 173 1682 212; x_wconf 88' lang='lat'>101</span> 
     </span>
    </p>
   </div>
   <div class='ocr_carea' id='block_1_2' title="bbox 83 276 1768 2868">
    <p class='ocr_par' dir='ltr' id='par_1_2' title="bbox 83 276 1768 2868">
     <span class='ocr_line' id='line_1_2' title="bbox 95 276 1768 331; baseline 0.004 -16"><span class='ocrx_word' id='word_1_6' title='bbox 95 276 311 325; x_wconf 86' lang='lat' dir='ltr'>iudicium,</span> <span class='ocrx_word' id='word_1_7' title='bbox 350 277 421 327; x_wconf 91' lang='lat' dir='ltr'>qui</span> <span class='ocrx_word' id='word_1_8' title='bbox 459 279 625 317; x_wconf 86' lang='lat' dir='ltr'>tantum</span> <span class='ocrx_word' id='word_1_9' title='bbox 663 277 816 317; x_wconf 85' lang='lat' dir='ltr'>absunt</span> <span class='ocrx_word' id='word_1_10' title='bbox 853 280 900 318; x_wconf 88' lang='lat' dir='ltr'>vt</span> <span class='ocrx_word' id='word_1_11' title='bbox 937 291 1006 318; x_wconf 90' lang='lat' dir='ltr'>me</span> <span class='ocrx_word' id='word_1_12' title='bbox 1042 280 1269 330; x_wconf 79' lang='lat' dir='ltr'>suggillent</span> <span class='ocrx_word' id='word_1_13' title='bbox 1309 281 1602 331; x_wconf 78' lang='lat' dir='ltr'><strong>mordacitatis,</strong></span> <span class='ocrx_word' id='word_1_14' title='bbox 1641 284 1688 322; x_wconf 84' lang='lat' dir='ltr'>vt</span> <span class='ocrx_word' id='word_1_15' title='bbox 1707 285 1768 326; x_wconf 77' lang='lat'>380</span> 
     </span>
     <span class='ocr_line' id='line_1_3' title="bbox 96 342 1687 397; baseline 0.004 -17"><span class='ocrx_word' id='word_1_16' title='bbox 96 342 425 382; x_wconf 79' lang='lat' dir='ltr'>moderationem</span> <span class='ocrx_word' id='word_1_17' title='bbox 445 344 572 382; x_wconf 92' lang='lat' dir='ltr'>etiam</span> <span class='ocrx_word' id='word_1_18' title='bbox 591 346 630 383; x_wconf 88' lang='lat' dir='ltr'>et</span> <span class='ocrx_word' id='word_1_19' title='bbox 650 343 869 383; x_wconf 88' lang='lat' dir='ltr'>candorem</span> <span class='ocrx_word' id='word_1_20' title='bbox 888 357 1027 383; x_wconf 89' lang='lat' dir='ltr'>meum</span> <span class='ocrx_word' id='word_1_21' title='bbox 1045 344 1237 384; x_wconf 86' lang='lat' dir='ltr'>laudibus</span> <span class='ocrx_word' id='word_1_22' title='bbox 1260 346 1429 394; x_wconf 85' lang='lat' dir='ltr'>vehant,</span> <span class='ocrx_word' id='word_1_23' title='bbox 1450 347 1520 396; x_wconf 89' lang='lat' dir='ltr'>qui</span> <span class='ocrx_word' id='word_1_24' title='bbox 1538 359 1687 397; x_wconf 84' lang='lat' dir='ltr'>procax</span> 
     </span>
     <span class='ocr_line' id='line_1_4' title="bbox 99 409 1688 460; baseline 0.003 -14"><span class='ocrx_word' id='word_1_25' title='bbox 99 421 172 458; x_wconf 91' lang='lat' dir='ltr'>per</span> <span class='ocrx_word' id='word_1_26' title='bbox 200 421 243 447; x_wconf 93' lang='lat' dir='ltr'>se</span> <span class='ocrx_word' id='word_1_27' title='bbox 274 411 568 458; x_wconf 83' lang='lat' dir='ltr'>argumentum</span> <span class='ocrx_word' id='word_1_28' title='bbox 598 409 699 448; x_wconf 88' lang='lat' dir='ltr'>citra</span> <span class='ocrx_word' id='word_1_29' title='bbox 727 409 955 460; x_wconf 80' lang='lat' dir='ltr'>procaciam</span> <span class='ocrx_word' id='word_1_30' title='bbox 984 411 1196 449; x_wconf 89' lang='lat' dir='ltr'>tractarim</span> <span class='ocrx_word' id='word_1_31' title='bbox 1223 413 1266 449; x_wconf 90' lang='lat' dir='ltr'>et</span> <span class='ocrx_word' id='word_1_32' title='bbox 1293 410 1338 449; x_wconf 91' lang='lat' dir='ltr'>in</span> <span class='ocrx_word' id='word_1_33' title='bbox 1366 424 1411 449; x_wconf 87' lang='lat' dir='ltr'>re</span> <span class='ocrx_word' id='word_1_34' title='bbox 1438 411 1571 451; x_wconf 89' lang='lat' dir='ltr'>iocosa</span> <span class='ocrx_word' id='word_1_35' title='bbox 1599 411 1688 451; x_wconf 92' lang='lat' dir='ltr'>sine</span> 
     </span>
     <span class='ocr_line' id='line_1_5' title="bbox 96 473 1687 526; baseline 0.003 -15"><span class='ocrx_word' id='word_1_36' title='bbox 96 473 220 512; x_wconf 91' lang='lat' dir='ltr'>dente</span> <span class='ocrx_word' id='word_1_37' title='bbox 250 474 430 513; x_wconf 85' lang='lat' dir='ltr'>luserim.</span> <span class='ocrx_word' id='word_1_38' title='bbox 490 474 658 512; x_wconf 85' lang='lat' dir='ltr'>Etenim</span> <span class='ocrx_word' id='word_1_39' title='bbox 688 476 734 513; x_wconf 89' lang='lat' dir='ltr'>vt</span> <span class='ocrx_word' id='word_1_40' title='bbox 764 474 863 513; x_wconf 91' lang='lat' dir='ltr'>solis</span> <span class='ocrx_word' id='word_1_41' title='bbox 895 475 1166 524; x_wconf 84' lang='lat' dir='ltr'>respondeam</span> <span class='ocrx_word' id='word_1_42' title='bbox 1199 475 1413 526; x_wconf 79' lang='lat' dir='ltr'>theologis,</span> <span class='ocrx_word' id='word_1_43' title='bbox 1447 490 1549 526; x_wconf 92' lang='lat' dir='ltr'>quos</span> <span class='ocrx_word' id='word_1_44' title='bbox 1578 477 1687 516; x_wconf 88' lang='lat' dir='ltr'>solos</span> 
     </span>
     <span class='ocr_line' id='line_1_6' title="bbox 96 538 1687 590; baseline 0.001 -13"><span class='ocrx_word' id='word_1_45' title='bbox 96 538 220 578; x_wconf 88' lang='lat' dir='ltr'>audio</span> <span class='ocrx_word' id='word_1_46' title='bbox 251 538 417 586; x_wconf 84' lang='lat' dir='ltr'>offendi,</span> <span class='ocrx_word' id='word_1_47' title='bbox 451 539 545 588; x_wconf 91' lang='lat' dir='ltr'>quis</span> <span class='ocrx_word' id='word_1_48' title='bbox 576 538 707 577; x_wconf 91' lang='lat' dir='ltr'>nescit</span> <span class='ocrx_word' id='word_1_49' title='bbox 741 552 866 589; x_wconf 87' lang='lat' dir='ltr'>quam</span> <span class='ocrx_word' id='word_1_50' title='bbox 899 539 1033 578; x_wconf 87' lang='lat' dir='ltr'>multa</span> <span class='ocrx_word' id='word_1_51' title='bbox 1063 540 1190 589; x_wconf 86' lang='lat' dir='ltr'>vulgo</span> <span class='ocrx_word' id='word_1_52' title='bbox 1224 553 1384 590; x_wconf 86' lang='lat' dir='ltr'>quoque</span> <span class='ocrx_word' id='word_1_53' title='bbox 1419 541 1609 581; x_wconf 90' lang='lat' dir='ltr'>dicantur</span> <span class='ocrx_word' id='word_1_54' title='bbox 1642 541 1687 580; x_wconf 91' lang='lat' dir='ltr'>in</span> 
     </span>
     <span class='ocr_line' id='line_1_7' title="bbox 95 603 1765 655; baseline 0.001 -13"><span class='ocrx_word' id='word_1_55' title='bbox 95 616 231 642; x_wconf 88' lang='lat' dir='ltr'>mores</span> <span class='ocrx_word' id='word_1_56' title='bbox 270 603 474 642; x_wconf 89' lang='lat' dir='ltr'>malorum</span> <span class='ocrx_word' id='word_1_57' title='bbox 515 603 834 652; x_wconf 80' lang='lat' dir='ltr'>theologorum?</span> <span class='ocrx_word' id='word_1_58' title='bbox 908 603 1037 642; x_wconf 88' lang='lat' dir='ltr'>Moria</span> <span class='ocrx_word' id='word_1_59' title='bbox 1076 604 1184 642; x_wconf 90' lang='lat' dir='ltr'>nihil</span> <span class='ocrx_word' id='word_1_60' title='bbox 1224 605 1394 655; x_wconf 87' lang='lat' dir='ltr'>attingit</span> <span class='ocrx_word' id='word_1_61' title='bbox 1435 606 1683 646; x_wconf 85' lang='lat' dir='ltr'>istiusmodi.</span> <span class='ocrx_word' id='word_1_62' title='bbox 1705 612 1765 652; x_wconf 82' lang='lat'>385</span> 
     </span>
     <span class='ocr_line' id='line_1_8' title="bbox 97 667 1687 722; baseline 0.003 -16"><span class='ocrx_word' id='word_1_63' title='bbox 97 668 278 708; x_wconf 87' lang='lat' dir='ltr'>Tantum</span> <span class='ocrx_word' id='word_1_64' title='bbox 304 668 462 706; x_wconf 88' lang='lat' dir='ltr'>iocatur</span> <span class='ocrx_word' id='word_1_65' title='bbox 489 667 533 705; x_wconf 94' lang='lat' dir='ltr'>in</span> <span class='ocrx_word' id='word_1_66' title='bbox 564 668 718 706; x_wconf 90' lang='lat' dir='ltr'>ociosas</span> <span class='ocrx_word' id='word_1_67' title='bbox 746 668 916 706; x_wconf 89' lang='lat' dir='ltr'>illorum</span> <span class='ocrx_word' id='word_1_68' title='bbox 945 667 1345 718; x_wconf 87' lang='lat' dir='ltr'>disceptatiunculas,</span> <span class='ocrx_word' id='word_1_69' title='bbox 1368 683 1445 708; x_wconf 88' lang='lat' dir='ltr'>nee</span> <span class='ocrx_word' id='word_1_70' title='bbox 1473 671 1548 710; x_wconf 91' lang='lat' dir='ltr'>has</span> <span class='ocrx_word' id='word_1_71' title='bbox 1576 672 1687 722; x_wconf 88' lang='lat' dir='ltr'>ipsas</span> 
     </span>
     <span class='ocr_line' id='line_1_9' title="bbox 95 731 1687 784; baseline 0.003 -12"><span class='ocrx_word' id='word_1_72' title='bbox 95 735 233 772; x_wconf 81' lang='lat' dir='ltr'>tamen</span> <span class='ocrx_word' id='word_1_73' title='bbox 271 732 516 783; x_wconf 89' lang='lat' dir='ltr'>simpliciter</span> <span class='ocrx_word' id='word_1_74' title='bbox 551 731 771 781; x_wconf 89' lang='lat' dir='ltr'>improbat,</span> <span class='ocrx_word' id='word_1_75' title='bbox 807 745 953 771; x_wconf 88' lang='lat' dir='ltr'>verum</span> <span class='ocrx_word' id='word_1_76' title='bbox 992 745 1061 771; x_wconf 93' lang='lat' dir='ltr'>eos</span> <span class='ocrx_word' id='word_1_77' title='bbox 1100 734 1271 772; x_wconf 89' lang='lat' dir='ltr'>damnat</span> <span class='ocrx_word' id='word_1_78' title='bbox 1305 735 1375 784; x_wconf 91' lang='lat' dir='ltr'>qui</span> <span class='ocrx_word' id='word_1_79' title='bbox 1408 735 1451 773; x_wconf 92' lang='lat' dir='ltr'>in</span> <span class='ocrx_word' id='word_1_80' title='bbox 1489 737 1556 775; x_wconf 89' lang='lat' dir='ltr'>his</span> <span class='ocrx_word' id='word_1_81' title='bbox 1589 737 1687 776; x_wconf 88' lang='lat' dir='ltr'>solis</span> 
     </span>
     <span class='ocr_line' id='line_1_10' title="bbox 97 797 1686 851; baseline 0.003 -14"><span class='ocrx_word' id='word_1_82' title='bbox 97 798 348 847; x_wconf 87' lang='lat' dir='ltr'>theologicae</span> <span class='ocrx_word' id='word_1_83' title='bbox 376 797 436 835; x_wconf 89' lang='lat' dir='ltr'>rei</span> <span class='ocrx_word' id='word_1_84' title='bbox 464 797 648 847; x_wconf 89' lang='lat' dir='ltr'>puppim,</span> <span class='ocrx_word' id='word_1_85' title='bbox 673 799 720 836; x_wconf 89' lang='lat' dir='ltr'>vt</span> <span class='ocrx_word' id='word_1_86' title='bbox 745 797 874 845; x_wconf 91' lang='lat' dir='ltr'>aiunt,</span> <span class='ocrx_word' id='word_1_87' title='bbox 902 799 943 835; x_wconf 94' lang='lat' dir='ltr'>et</span> <span class='ocrx_word' id='word_1_88' title='bbox 965 810 1129 847; x_wconf 84' lang='lat' dir='ltr'>proram</span> <span class='ocrx_word' id='word_1_89' title='bbox 1159 799 1374 848; x_wconf 88' lang='lat' dir='ltr'>collocant,</span> <span class='ocrx_word' id='word_1_90' title='bbox 1399 800 1550 850; x_wconf 90' lang='lat' dir='ltr'>quique</span> <span class='ocrx_word' id='word_1_91' title='bbox 1577 801 1686 851; x_wconf 89' lang='lat' dir='ltr'>logo-</span> 
     </span>
     <span class='ocr_line' id='line_1_11' title="bbox 95 861 1686 914; baseline 0.003 -13"><span class='ocrx_word' id='word_1_92' title='bbox 95 863 279 910; x_wconf 87' lang='lat' dir='ltr'>machiis‚</span> <span class='ocrx_word' id='word_1_93' title='bbox 303 865 350 901; x_wconf 90' lang='lat' dir='ltr'>vt</span> <span class='ocrx_word' id='word_1_94' title='bbox 369 862 490 901; x_wconf 90' lang='lat' dir='ltr'>diuus</span> <span class='ocrx_word' id='word_1_95' title='bbox 516 861 742 912; x_wconf 89' lang='lat' dir='ltr'>appellauit</span> <span class='ocrx_word' id='word_1_96' title='bbox 768 861 936 911; x_wconf 91' lang='lat' dir='ltr'>Paulus,</span> <span class='ocrx_word' id='word_1_97' title='bbox 958 862 1161 901; x_wconf 89' lang='lat' dir='ltr'>eiusmodi</span> <span class='ocrx_word' id='word_1_98' title='bbox 1186 863 1242 901; x_wconf 92' lang='lat' dir='ltr'>sic</span> <span class='ocrx_word' id='word_1_99' title='bbox 1269 867 1520 914; x_wconf 86' lang='lat' dir='ltr'>occupantur</span> <span class='ocrx_word' id='word_1_100' title='bbox 1542 868 1588 905; x_wconf 87' lang='lat' dir='ltr'>vt</span> <span class='ocrx_word' id='word_1_101' title='bbox 1612 880 1686 906; x_wconf 91' lang='lat' dir='ltr'>nec</span> 
     </span>
     <span class='ocr_line' id='line_1_12' title="bbox 93 927 1766 981; baseline 0.002 -14"><span class='ocrx_word' id='word_1_102' title='bbox 93 928 353 978; x_wconf 85' lang='lat' dir='ltr'>euangelicas</span> <span class='ocrx_word' id='word_1_103' title='bbox 372 940 448 967; x_wconf 91' lang='lat' dir='ltr'>nec</span> <span class='ocrx_word' id='word_1_104' title='bbox 466 927 730 978; x_wconf 89' lang='lat' dir='ltr'>propheticas</span> <span class='ocrx_word' id='word_1_105' title='bbox 748 940 822 966; x_wconf 90' lang='lat' dir='ltr'>nec</span> <span class='ocrx_word' id='word_1_106' title='bbox 841 927 1087 978; x_wconf 86' lang='lat' dir='ltr'>apostolicas</span> <span class='ocrx_word' id='word_1_107' title='bbox 1107 928 1268 967; x_wconf 81' lang='lat' dir='ltr'>litteras</span> <span class='ocrx_word' id='word_1_108' title='bbox 1286 932 1402 968; x_wconf 83' lang='lat' dir='ltr'>vacet</span> <span class='ocrx_word' id='word_1_109' title='bbox 1421 930 1565 979; x_wconf 87' lang='lat' dir='ltr'>legere.</span> <span class='ocrx_word' id='word_1_110' title='bbox 1704 948 1766 981; x_wconf 85' lang='lat'>390</span> 
     </span>
     <span class='ocr_line' id='line_1_13' title="bbox 148 992 1685 1044; baseline 0.001 -11"><span class='ocrx_word' id='word_1_111' title='bbox 148 995 288 1044; x_wconf 82' lang='lat' dir='ltr'>Atque</span> <span class='ocrx_word' id='word_1_112' title='bbox 317 993 490 1040; x_wconf 89' lang='lat' dir='ltr'>vtinam,</span> <span class='ocrx_word' id='word_1_113' title='bbox 518 993 578 1031; x_wconf 93' lang='lat' dir='ltr'>mi</span> <span class='ocrx_word' id='word_1_114' title='bbox 606 992 747 1043; x_wconf 90' lang='lat' dir='ltr'>Dorpi,</span> <span class='ocrx_word' id='word_1_115' title='bbox 779 992 988 1042; x_wconf 88' lang='lat' dir='ltr'>pauciores</span> <span class='ocrx_word' id='word_1_116' title='bbox 1016 996 1154 1032; x_wconf 87' lang='lat' dir='ltr'>essent</span> <span class='ocrx_word' id='word_1_117' title='bbox 1183 994 1281 1032; x_wconf 90' lang='lat' dir='ltr'>huic</span> <span class='ocrx_word' id='word_1_118' title='bbox 1309 995 1477 1033; x_wconf 85' lang='lat' dir='ltr'>obnoxii</span> <span class='ocrx_word' id='word_1_119' title='bbox 1506 995 1685 1036; x_wconf 85' lang='lat' dir='ltr'>crimini.</span> 
     </span>
     <span class='ocr_line' id='line_1_14' title="bbox 95 1058 1684 1110; baseline 0.002 -12"><span class='ocrx_word' id='word_1_120' title='bbox 95 1058 268 1098; x_wconf 89' lang='lat' dir='ltr'>Possem</span> <span class='ocrx_word' id='word_1_121' title='bbox 311 1059 390 1097; x_wconf 89' lang='lat' dir='ltr'>tibi</span> <span class='ocrx_word' id='word_1_122' title='bbox 426 1058 648 1109; x_wconf 91' lang='lat' dir='ltr'>producere</span> <span class='ocrx_word' id='word_1_123' title='bbox 685 1059 757 1108; x_wconf 91' lang='lat' dir='ltr'>qui</span> <span class='ocrx_word' id='word_1_124' title='bbox 793 1070 953 1097; x_wconf 89' lang='lat' dir='ltr'>annum</span> <span class='ocrx_word' id='word_1_125' title='bbox 990 1059 1144 1108; x_wconf 88' lang='lat' dir='ltr'>egressi</span> <span class='ocrx_word' id='word_1_126' title='bbox 1186 1059 1484 1110; x_wconf 87' lang='lat' dir='ltr'>octogesimum</span> <span class='ocrx_word' id='word_1_127' title='bbox 1520 1063 1684 1101; x_wconf 79' lang='lat' dir='ltr'>tantum</span> 
     </span>
     <span class='ocr_line' id='line_1_15' title="bbox 92 1123 1684 1174; baseline 0.001 -11"><span class='ocrx_word' id='word_1_128' title='bbox 92 1125 238 1164; x_wconf 83' lang='lat' dir='ltr'>aetatis</span> <span class='ocrx_word' id='word_1_129' title='bbox 274 1125 318 1163; x_wconf 89' lang='lat' dir='ltr'>in</span> <span class='ocrx_word' id='word_1_130' title='bbox 356 1123 595 1162; x_wconf 89' lang='lat' dir='ltr'>huiusmodi</span> <span class='ocrx_word' id='word_1_131' title='bbox 635 1123 751 1162; x_wconf 88' lang='lat' dir='ltr'>tricis</span> <span class='ocrx_word' id='word_1_132' title='bbox 790 1123 1057 1174; x_wconf 87' lang='lat' dir='ltr'>perdiderint,</span> <span class='ocrx_word' id='word_1_133' title='bbox 1097 1137 1172 1162; x_wconf 93' lang='lat' dir='ltr'>nec</span> <span class='ocrx_word' id='word_1_134' title='bbox 1217 1138 1402 1174; x_wconf 87' lang='lat' dir='ltr'>vnquam</span> <span class='ocrx_word' id='word_1_135' title='bbox 1444 1127 1684 1165; x_wconf 79' lang='lat' dir='ltr'>contextum</span> 
     </span>
     <span class='ocr_line' id='line_1_16' title="bbox 98 1188 1685 1241; baseline 0.001 -13"><span class='ocrx_word' id='word_1_136' title='bbox 98 1189 384 1240; x_wconf 90' lang='lat' dir='ltr'>euangelicum</span> <span class='ocrx_word' id='word_1_137' title='bbox 423 1188 681 1237; x_wconf 86' lang='lat' dir='ltr'>euoluerint;</span> <span class='ocrx_word' id='word_1_138' title='bbox 727 1189 771 1227; x_wconf 90' lang='lat' dir='ltr'>id</span> <span class='ocrx_word' id='word_1_139' title='bbox 810 1189 919 1238; x_wconf 92' lang='lat' dir='ltr'>quod</span> <span class='ocrx_word' id='word_1_140' title='bbox 958 1201 982 1228; x_wconf 88' lang='lat' dir='ltr'>a</span> <span class='ocrx_word' id='word_1_141' title='bbox 1019 1202 1086 1227; x_wconf 90' lang='lat' dir='ltr'>me</span> <span class='ocrx_word' id='word_1_142' title='bbox 1123 1192 1381 1239; x_wconf 86' lang='lat' dir='ltr'>compertum</span> <span class='ocrx_word' id='word_1_143' title='bbox 1413 1190 1492 1240; x_wconf 90' lang='lat' dir='ltr'>ipsi</span> <span class='ocrx_word' id='word_1_144' title='bbox 1524 1205 1685 1241; x_wconf 91' lang='lat' dir='ltr'>quoque</span> 
     </span>
     <span class='ocr_line' id='line_1_17' title="bbox 90 1253 1763 1305; baseline 0.001 -11"><span class='ocrx_word' id='word_1_145' title='bbox 90 1255 262 1294; x_wconf 90' lang='lat' dir='ltr'>demum</span> <span class='ocrx_word' id='word_1_146' title='bbox 292 1254 468 1293; x_wconf 88' lang='lat' dir='ltr'>confessi</span> <span class='ocrx_word' id='word_1_147' title='bbox 488 1256 598 1294; x_wconf 83' lang='lat' dir='ltr'>sunt.</span> <span class='ocrx_word' id='word_1_148' title='bbox 658 1253 720 1292; x_wconf 91' lang='lat' dir='ltr'>Ne</span> <span class='ocrx_word' id='word_1_149' title='bbox 749 1254 825 1293; x_wconf 91' lang='lat' dir='ltr'>sub</span> <span class='ocrx_word' id='word_1_150' title='bbox 858 1254 1009 1292; x_wconf 88' lang='lat' dir='ltr'>Moriae</span> <span class='ocrx_word' id='word_1_151' title='bbox 1039 1254 1206 1304; x_wconf 88' lang='lat' dir='ltr'>quidem</span> <span class='ocrx_word' id='word_1_152' title='bbox 1238 1268 1413 1305; x_wconf 88' lang='lat' dir='ltr'>persona</span> <span class='ocrx_word' id='word_1_153' title='bbox 1440 1269 1534 1294; x_wconf 90' lang='lat' dir='ltr'>sum</span> <span class='ocrx_word' id='word_1_154' title='bbox 1561 1269 1684 1296; x_wconf 89' lang='lat' dir='ltr'>ausus</span> <span class='ocrx_word' id='word_1_155' title='bbox 1703 1272 1763 1305; x_wconf 81' lang='lat'>395</span> 
     </span>
     <span class='ocr_line' id='line_1_18' title="bbox 89 1319 1683 1371; baseline 0.001 -12"><span class='ocrx_word' id='word_1_156' title='bbox 89 1320 237 1368; x_wconf 87' lang='lat' dir='ltr'>dicere,</span> <span class='ocrx_word' id='word_1_157' title='bbox 260 1320 368 1370; x_wconf 92' lang='lat' dir='ltr'>quod</span> <span class='ocrx_word' id='word_1_158' title='bbox 396 1321 538 1358; x_wconf 90' lang='lat' dir='ltr'>tamen</span> <span class='ocrx_word' id='word_1_159' title='bbox 562 1332 646 1357; x_wconf 91' lang='lat' dir='ltr'>non</span> <span class='ocrx_word' id='word_1_160' title='bbox 673 1333 765 1359; x_wconf 88' lang='lat' dir='ltr'>raro</span> <span class='ocrx_word' id='word_1_161' title='bbox 791 1319 947 1358; x_wconf 88' lang='lat' dir='ltr'>multos</span> <span class='ocrx_word' id='word_1_162' title='bbox 973 1319 1096 1358; x_wconf 86' lang='lat' dir='ltr'>audio</span> <span class='ocrx_word' id='word_1_163' title='bbox 1115 1320 1383 1370; x_wconf 84' lang='lat' dir='ltr'>deplorantes,</span> <span class='ocrx_word' id='word_1_164' title='bbox 1406 1321 1617 1371; x_wconf 87' lang='lat' dir='ltr'>theologos</span> <span class='ocrx_word' id='word_1_165' title='bbox 1642 1325 1683 1361; x_wconf 88' lang='lat' dir='ltr'>et</span> 
     </span>
     <span class='ocr_line' id='line_1_19' title="bbox 91 1384 1680 1436; baseline 0.001 -13"><span class='ocrx_word' id='word_1_166' title='bbox 91 1388 214 1435; x_wconf 89' lang='lat' dir='ltr'>ipsos,</span> <span class='ocrx_word' id='word_1_167' title='bbox 247 1386 317 1424; x_wconf 89' lang='lat' dir='ltr'>sed</span> <span class='ocrx_word' id='word_1_168' title='bbox 347 1398 444 1424; x_wconf 87' lang='lat' dir='ltr'>vere</span> <span class='ocrx_word' id='word_1_169' title='bbox 473 1384 699 1434; x_wconf 88' lang='lat' dir='ltr'>theologos,</span> <span class='ocrx_word' id='word_1_170' title='bbox 731 1384 809 1423; x_wconf 91' lang='lat' dir='ltr'>hoc</span> <span class='ocrx_word' id='word_1_171' title='bbox 842 1386 904 1423; x_wconf 90' lang='lat' dir='ltr'>est</span> <span class='ocrx_word' id='word_1_172' title='bbox 932 1385 1043 1423; x_wconf 87' lang='lat' dir='ltr'>viros</span> <span class='ocrx_word' id='word_1_173' title='bbox 1071 1385 1266 1435; x_wconf 91' lang='lat' dir='ltr'>integros,</span> <span class='ocrx_word' id='word_1_174' title='bbox 1297 1399 1456 1435; x_wconf 89' lang='lat' dir='ltr'>graues,</span> <span class='ocrx_word' id='word_1_175' title='bbox 1485 1387 1680 1436; x_wconf 86' lang='lat' dir='ltr'>eruditos,</span> 
     </span>
     <span class='ocr_line' id='line_1_20' title="bbox 88 1449 1683 1501; baseline 0 -11"><span class='ocrx_word' id='word_1_176' title='bbox 88 1453 133 1489; x_wconf 85' lang='lat' dir='ltr'>et</span> <span class='ocrx_word' id='word_1_177' title='bbox 161 1451 234 1501; x_wconf 91' lang='lat' dir='ltr'>qui</span> <span class='ocrx_word' id='word_1_178' title='bbox 263 1450 417 1490; x_wconf 88' lang='lat' dir='ltr'>Christi</span> <span class='ocrx_word' id='word_1_179' title='bbox 445 1450 679 1489; x_wconf 89' lang='lat' dir='ltr'>doctrinam</span> <span class='ocrx_word' id='word_1_180' title='bbox 711 1449 876 1500; x_wconf 90' lang='lat' dir='ltr'>penitus</span> <span class='ocrx_word' id='word_1_181' title='bbox 907 1463 957 1488; x_wconf 80' lang='lat' dir='ltr'>ex</span> <span class='ocrx_word' id='word_1_182' title='bbox 986 1450 1088 1500; x_wconf 90' lang='lat' dir='ltr'>ipsis</span> <span class='ocrx_word' id='word_1_183' title='bbox 1117 1450 1359 1489; x_wconf 86' lang='lat' dir='ltr'>imbiberint</span> <span class='ocrx_word' id='word_1_184' title='bbox 1387 1452 1585 1490; x_wconf 81' lang='lat' dir='ltr'>fontibus.</span> <span class='ocrx_word' id='word_1_185' title='bbox 1644 1451 1683 1490; x_wconf 90' lang='lat' dir='ltr'>Ii</span> 
     </span>
     <span class='ocr_line' id='line_1_21' title="bbox 89 1515 1678 1567; baseline 0.001 -12"><span class='ocrx_word' id='word_1_186' title='bbox 89 1516 253 1565; x_wconf 87' lang='lat' dir='ltr'>quoties</span> <span class='ocrx_word' id='word_1_187' title='bbox 272 1516 379 1565; x_wconf 91' lang='lat' dir='ltr'>apud</span> <span class='ocrx_word' id='word_1_188' title='bbox 399 1528 468 1554; x_wconf 91' lang='lat' dir='ltr'>eos</span> <span class='ocrx_word' id='word_1_189' title='bbox 487 1517 587 1554; x_wconf 89' lang='lat' dir='ltr'>sunt</span> <span class='ocrx_word' id='word_1_190' title='bbox 612 1515 719 1564; x_wconf 92' lang='lat' dir='ltr'>apud</span> <span class='ocrx_word' id='word_1_191' title='bbox 747 1528 849 1565; x_wconf 92' lang='lat' dir='ltr'>quos</span> <span class='ocrx_word' id='word_1_192' title='bbox 877 1515 938 1553; x_wconf 85' lang='lat' dir='ltr'>fas</span> <span class='ocrx_word' id='word_1_193' title='bbox 965 1515 1117 1554; x_wconf 85' lang='lat' dir='ltr'>liberas</span> <span class='ocrx_word' id='word_1_194' title='bbox 1139 1515 1270 1554; x_wconf 90' lang='lat' dir='ltr'>animi</span> <span class='ocrx_word' id='word_1_195' title='bbox 1288 1529 1408 1555; x_wconf 83' lang='lat' dir='ltr'>voces</span> <span class='ocrx_word' id='word_1_196' title='bbox 1429 1516 1678 1567; x_wconf 87' lang='lat' dir='ltr'>depromere,</span> 
     </span>
     <span class='ocr_line' id='line_1_22' title="bbox 89 1580 1763 1632; baseline 0.001 -12"><span class='ocrx_word' id='word_1_197' title='bbox 89 1582 306 1632; x_wconf 87' lang='lat' dir='ltr'>deplorant</span> <span class='ocrx_word' id='word_1_198' title='bbox 330 1581 408 1620; x_wconf 91' lang='lat' dir='ltr'>hoc</span> <span class='ocrx_word' id='word_1_199' title='bbox 434 1580 640 1619; x_wconf 90' lang='lat' dir='ltr'>recentius</span> <span class='ocrx_word' id='word_1_200' title='bbox 664 1580 898 1628; x_wconf 86' lang='lat' dir='ltr'>theologiae</span> <span class='ocrx_word' id='word_1_201' title='bbox 923 1593 1054 1630; x_wconf 88' lang='lat' dir='ltr'>genus</span> <span class='ocrx_word' id='word_1_202' title='bbox 1080 1580 1236 1619; x_wconf 92' lang='lat' dir='ltr'>mundo</span> <span class='ocrx_word' id='word_1_203' title='bbox 1259 1581 1472 1620; x_wconf 90' lang='lat' dir='ltr'>inuectum</span> <span class='ocrx_word' id='word_1_204' title='bbox 1499 1584 1539 1621; x_wconf 91' lang='lat' dir='ltr'>et</span> <span class='ocrx_word' id='word_1_205' title='bbox 1564 1585 1682 1621; x_wconf 90' lang='lat' dir='ltr'>vetus</span> <span class='ocrx_word' id='word_1_206' title='bbox 1700 1599 1763 1631; x_wconf 85' lang='lat'>400</span> 
     </span>
     <span class='ocr_line' id='line_1_23' title="bbox 89 1645 1682 1698; baseline 0.002 -13"><span class='ocrx_word' id='word_1_207' title='bbox 89 1646 196 1687; x_wconf 87' lang='lat' dir='ltr'>illud</span> <span class='ocrx_word' id='word_1_208' title='bbox 217 1647 475 1698; x_wconf 89' lang='lat' dir='ltr'>desyderant.</span> <span class='ocrx_word' id='word_1_209' title='bbox 528 1646 635 1695; x_wconf 76' lang='lat' dir='ltr'>Quid</span> <span class='ocrx_word' id='word_1_210' title='bbox 655 1645 767 1684; x_wconf 85' lang='lat' dir='ltr'>enim</span> <span class='ocrx_word' id='word_1_211' title='bbox 788 1659 835 1684; x_wconf 92' lang='lat' dir='ltr'>eo</span> <span class='ocrx_word' id='word_1_212' title='bbox 855 1646 1050 1694; x_wconf 90' lang='lat' dir='ltr'>sanctius,</span> <span class='ocrx_word' id='word_1_213' title='bbox 1070 1646 1168 1695; x_wconf 88' lang='lat' dir='ltr'>quid</span> <span class='ocrx_word' id='word_1_214' title='bbox 1189 1647 1414 1696; x_wconf 87' lang='lat' dir='ltr'>augustius,</span> <span class='ocrx_word' id='word_1_215' title='bbox 1437 1647 1534 1697; x_wconf 92' lang='lat' dir='ltr'>quid</span> <span class='ocrx_word' id='word_1_216' title='bbox 1555 1661 1682 1698; x_wconf 89' lang='lat' dir='ltr'>aeque</span> 
     </span>
     <span class='ocr_line' id='line_1_24' title="bbox 91 1709 1680 1761; baseline 0.001 -11"><span class='ocrx_word' id='word_1_217' title='bbox 91 1712 291 1761; x_wconf 87' lang='lat' dir='ltr'>resipiens</span> <span class='ocrx_word' id='word_1_218' title='bbox 323 1724 369 1750; x_wconf 90' lang='lat' dir='ltr'>ac</span> <span class='ocrx_word' id='word_1_219' title='bbox 401 1711 584 1750; x_wconf 86' lang='lat' dir='ltr'>referens</span> <span class='ocrx_word' id='word_1_220' title='bbox 617 1711 690 1750; x_wconf 90' lang='lat' dir='ltr'>illa</span> <span class='ocrx_word' id='word_1_221' title='bbox 727 1709 916 1749; x_wconf 90' lang='lat' dir='ltr'>coelestia</span> <span class='ocrx_word' id='word_1_222' title='bbox 947 1710 1105 1750; x_wconf 85' lang='lat' dir='ltr'>Christi</span> <span class='ocrx_word' id='word_1_223' title='bbox 1138 1711 1365 1760; x_wconf 78' lang='lat' dir='ltr'>dogmata?</span> <span class='ocrx_word' id='word_1_224' title='bbox 1420 1713 1479 1749; x_wconf 91' lang='lat' dir='ltr'>At</span> <span class='ocrx_word' id='word_1_225' title='bbox 1512 1712 1599 1760; x_wconf 90' lang='lat' dir='ltr'>hoc,</span> <span class='ocrx_word' id='word_1_226' title='bbox 1634 1715 1680 1752; x_wconf 90' lang='lat' dir='ltr'>vt</span> 
     </span>
     <span class='ocr_line' id='line_1_25' title="bbox 88 1776 1679 1826; baseline 0.001 -11"><span class='ocrx_word' id='word_1_227' title='bbox 88 1777 283 1815; x_wconf 80' lang='lat' dir='ltr'>omittam</span> <span class='ocrx_word' id='word_1_228' title='bbox 302 1776 465 1815; x_wconf 88' lang='lat' dir='ltr'>barbari</span> <span class='ocrx_word' id='word_1_229' title='bbox 483 1776 717 1826; x_wconf 84' lang='lat' dir='ltr'>facticiique</span> <span class='ocrx_word' id='word_1_230' title='bbox 741 1776 950 1814; x_wconf 88' lang='lat' dir='ltr'>sermonis</span> <span class='ocrx_word' id='word_1_231' title='bbox 973 1776 1113 1814; x_wconf 89' lang='lat' dir='ltr'>sordes</span> <span class='ocrx_word' id='word_1_232' title='bbox 1134 1778 1175 1814; x_wconf 89' lang='lat' dir='ltr'>et</span> <span class='ocrx_word' id='word_1_233' title='bbox 1197 1777 1400 1825; x_wconf 83' lang='lat' dir='ltr'>portenta,</span> <span class='ocrx_word' id='word_1_234' title='bbox 1423 1779 1469 1814; x_wconf 87' lang='lat' dir='ltr'>vt</span> <span class='ocrx_word' id='word_1_235' title='bbox 1488 1777 1679 1816; x_wconf 87' lang='lat' dir='ltr'>omittam</span> 
     </span>
     <span class='ocr_line' id='line_1_26' title="bbox 88 1840 1677 1891; baseline 0.001 -11"><span class='ocrx_word' id='word_1_236' title='bbox 88 1842 279 1880; x_wconf 91' lang='lat' dir='ltr'>omnium</span> <span class='ocrx_word' id='word_1_237' title='bbox 309 1842 512 1880; x_wconf 90' lang='lat' dir='ltr'>bonarum</span> <span class='ocrx_word' id='word_1_238' title='bbox 542 1840 778 1879; x_wconf 86' lang='lat' dir='ltr'>litterarum</span> <span class='ocrx_word' id='word_1_239' title='bbox 814 1840 1034 1889; x_wconf 88' lang='lat' dir='ltr'>inscitiam,</span> <span class='ocrx_word' id='word_1_240' title='bbox 1067 1842 1114 1879; x_wconf 84' lang='lat' dir='ltr'>vt</span> <span class='ocrx_word' id='word_1_241' title='bbox 1146 1841 1399 1891; x_wconf 90' lang='lat' dir='ltr'>imperitiam</span> <span class='ocrx_word' id='word_1_242' title='bbox 1427 1841 1677 1891; x_wconf 87' lang='lat' dir='ltr'>linguarum,</span> 
     </span>
     <span class='ocr_line' id='line_1_27' title="bbox 88 1905 1759 1957; baseline 0 -11"><span class='ocrx_word' id='word_1_243' title='bbox 88 1907 149 1947; x_wconf 88' lang='lat' dir='ltr'>sic</span> <span class='ocrx_word' id='word_1_244' title='bbox 186 1906 425 1954; x_wconf 89' lang='lat' dir='ltr'>Aristotele,</span> <span class='ocrx_word' id='word_1_245' title='bbox 465 1906 524 1945; x_wconf 92' lang='lat' dir='ltr'>sic</span> <span class='ocrx_word' id='word_1_246' title='bbox 568 1905 764 1944; x_wconf 88' lang='lat' dir='ltr'>humanis</span> <span class='ocrx_word' id='word_1_247' title='bbox 800 1905 1142 1953; x_wconf 89' lang='lat' dir='ltr'>inuentiunculis,</span> <span class='ocrx_word' id='word_1_248' title='bbox 1183 1906 1241 1944; x_wconf 91' lang='lat' dir='ltr'>sic</span> <span class='ocrx_word' id='word_1_249' title='bbox 1286 1906 1510 1956; x_wconf 86' lang='lat' dir='ltr'>prophanis</span> <span class='ocrx_word' id='word_1_250' title='bbox 1552 1906 1679 1946; x_wconf 89' lang='lat' dir='ltr'>etiam</span> <span class='ocrx_word' id='word_1_251' title='bbox 1698 1925 1759 1957; x_wconf 83' lang='lat'>405</span> 
     </span>
     <span class='ocr_line' id='line_1_28' title="bbox 89 1970 1679 2022; baseline 0 -11"><span class='ocrx_word' id='word_1_252' title='bbox 89 1972 249 2022; x_wconf 89' lang='lat' dir='ltr'>legibus</span> <span class='ocrx_word' id='word_1_253' title='bbox 285 1974 348 2010; x_wconf 88' lang='lat' dir='ltr'>est</span> <span class='ocrx_word' id='word_1_254' title='bbox 385 1971 723 2020; x_wconf 89' lang='lat' dir='ltr'>contaminatum,</span> <span class='ocrx_word' id='word_1_255' title='bbox 763 1972 811 2009; x_wconf 86' lang='lat' dir='ltr'>vt</span> <span class='ocrx_word' id='word_1_256' title='bbox 853 1970 963 2009; x_wconf 89' lang='lat' dir='ltr'>haud</span> <span class='ocrx_word' id='word_1_257' title='bbox 1004 1971 1134 2009; x_wconf 90' lang='lat' dir='ltr'>sciam</span> <span class='ocrx_word' id='word_1_258' title='bbox 1176 1984 1229 2009; x_wconf 93' lang='lat' dir='ltr'>an</span> <span class='ocrx_word' id='word_1_259' title='bbox 1273 1984 1427 2022; x_wconf 90' lang='lat' dir='ltr'>purum</span> <span class='ocrx_word' id='word_1_260' title='bbox 1470 1971 1591 2010; x_wconf 90' lang='lat' dir='ltr'>illum</span> <span class='ocrx_word' id='word_1_261' title='bbox 1633 1985 1679 2011; x_wconf 90' lang='lat' dir='ltr'>ac</span> 
     </span>
     <span class='ocr_line' id='line_1_29' title="bbox 86 2035 1681 2087; baseline 0 -12"><span class='ocrx_word' id='word_1_262' title='bbox 86 2050 310 2087; x_wconf 88' lang='lat' dir='ltr'>syncerum</span> <span class='ocrx_word' id='word_1_263' title='bbox 339 2037 552 2076; x_wconf 84' lang='lat' dir='ltr'>Christum</span> <span class='ocrx_word' id='word_1_264' title='bbox 583 2036 726 2086; x_wconf 90' lang='lat' dir='ltr'>sapiat.</span> <span class='ocrx_word' id='word_1_265' title='bbox 785 2035 853 2074; x_wconf 90' lang='lat' dir='ltr'>Fit</span> <span class='ocrx_word' id='word_1_266' title='bbox 884 2035 997 2074; x_wconf 91' lang='lat' dir='ltr'>enim</span> <span class='ocrx_word' id='word_1_267' title='bbox 1025 2037 1081 2084; x_wconf 86' lang='lat' dir='ltr'>vt,</span> <span class='ocrx_word' id='word_1_268' title='bbox 1115 2036 1215 2074; x_wconf 90' lang='lat' dir='ltr'>dum</span> <span class='ocrx_word' id='word_1_269' title='bbox 1243 2037 1293 2075; x_wconf 90' lang='lat' dir='ltr'>ad</span> <span class='ocrx_word' id='word_1_270' title='bbox 1322 2037 1529 2075; x_wconf 91' lang='lat' dir='ltr'>humanas</span> <span class='ocrx_word' id='word_1_271' title='bbox 1556 2037 1681 2075; x_wconf 86' lang='lat' dir='ltr'>tradi—</span> 
     </span>
     <span class='ocr_line' id='line_1_30' title="bbox 88 2100 1679 2152; baseline 0 -11"><span class='ocrx_word' id='word_1_272' title='bbox 88 2103 225 2141; x_wconf 84' lang='lat' dir='ltr'>tiones</span> <span class='ocrx_word' id='word_1_273' title='bbox 244 2102 423 2141; x_wconf 90' lang='lat' dir='ltr'>nimium</span> <span class='ocrx_word' id='word_1_274' title='bbox 448 2101 600 2140; x_wconf 87' lang='lat' dir='ltr'>auertit</span> <span class='ocrx_word' id='word_1_275' title='bbox 623 2100 774 2150; x_wconf 91' lang='lat' dir='ltr'>oculos,</span> <span class='ocrx_word' id='word_1_276' title='bbox 795 2100 936 2139; x_wconf 89' lang='lat' dir='ltr'>minus</span> <span class='ocrx_word' id='word_1_277' title='bbox 961 2103 1202 2151; x_wconf 88' lang='lat' dir='ltr'>assequatur</span> <span class='ocrx_word' id='word_1_278' title='bbox 1225 2102 1506 2152; x_wconf 88' lang='lat' dir='ltr'>archetypum.</span> <span class='ocrx_word' id='word_1_279' title='bbox 1565 2102 1679 2141; x_wconf 88' lang='lat' dir='ltr'>Hinc</span> 
     </span>
     <span class='ocr_line' id='line_1_31' title="bbox 85 2165 1678 2218; baseline -0.001 -11"><span class='ocrx_word' id='word_1_280' title='bbox 85 2180 356 2218; x_wconf 84' lang='lat' dir='ltr'>sepenumero</span> <span class='ocrx_word' id='word_1_281' title='bbox 375 2169 580 2217; x_wconf 87' lang='lat' dir='ltr'>coguntur</span> <span class='ocrx_word' id='word_1_282' title='bbox 598 2165 782 2216; x_wconf 87' lang='lat' dir='ltr'>theologi</span> <span class='ocrx_word' id='word_1_283' title='bbox 803 2165 1049 2205; x_wconf 85' lang='lat' dir='ltr'>cordatiores</span> <span class='ocrx_word' id='word_1_284' title='bbox 1068 2166 1180 2204; x_wconf 90' lang='lat' dir='ltr'>aliud</span> <span class='ocrx_word' id='word_1_285' title='bbox 1195 2167 1304 2216; x_wconf 91' lang='lat' dir='ltr'>apud</span> <span class='ocrx_word' id='word_1_286' title='bbox 1324 2167 1525 2217; x_wconf 87' lang='lat' dir='ltr'>populum</span> <span class='ocrx_word' id='word_1_287' title='bbox 1546 2167 1678 2205; x_wconf 88' lang='lat' dir='ltr'>dicere</span> 
     </span>
     <span class='ocr_line' id='line_1_32' title="bbox 85 2231 1759 2283; baseline 0 -11"><span class='ocrx_word' id='word_1_288' title='bbox 85 2246 212 2283; x_wconf 87' lang='lat' dir='ltr'>quam</span> <span class='ocrx_word' id='word_1_289' title='bbox 239 2233 305 2272; x_wconf 89' lang='lat' dir='ltr'>vel</span> <span class='ocrx_word' id='word_1_290' title='bbox 333 2233 440 2283; x_wconf 90' lang='lat' dir='ltr'>apud</span> <span class='ocrx_word' id='word_1_291' title='bbox 470 2246 513 2271; x_wconf 89' lang='lat' dir='ltr'>se</span> <span class='ocrx_word' id='word_1_292' title='bbox 541 2232 723 2271; x_wconf 87' lang='lat' dir='ltr'>sentiant</span> <span class='ocrx_word' id='word_1_293' title='bbox 752 2231 819 2269; x_wconf 85' lang='lat' dir='ltr'>vel</span> <span class='ocrx_word' id='word_1_294' title='bbox 847 2231 956 2280; x_wconf 89' lang='lat' dir='ltr'>apud</span> <span class='ocrx_word' id='word_1_295' title='bbox 985 2231 1212 2270; x_wconf 85' lang='lat' dir='ltr'>familiares</span> <span class='ocrx_word' id='word_1_296' title='bbox 1237 2232 1471 2281; x_wconf 90' lang='lat' dir='ltr'>loquantur.</span> <span class='ocrx_word' id='word_1_297' title='bbox 1530 2232 1586 2271; x_wconf 87' lang='lat' dir='ltr'>Et</span> <span class='ocrx_word' id='word_1_298' title='bbox 1609 2233 1677 2271; x_wconf 86' lang='lat' dir='ltr'>ali·</span> <span class='ocrx_word' id='word_1_299' title='bbox 1694 2250 1759 2281; x_wconf 92' lang='lat'>410</span> 
     </span>
     <span class='ocr_line' id='line_1_33' title="bbox 83 2295 1677 2348; baseline -0.001 -11"><span class='ocrx_word' id='word_1_300' title='bbox 83 2299 248 2348; x_wconf 83' lang='lat' dir='ltr'>quoties</span> <span class='ocrx_word' id='word_1_301' title='bbox 266 2311 351 2337; x_wconf 92' lang='lat' dir='ltr'>non</span> <span class='ocrx_word' id='word_1_302' title='bbox 366 2298 543 2337; x_wconf 87' lang='lat' dir='ltr'>habeant</span> <span class='ocrx_word' id='word_1_303' title='bbox 558 2296 666 2347; x_wconf 92' lang='lat' dir='ltr'>quod</span> <span class='ocrx_word' id='word_1_304' title='bbox 681 2295 955 2346; x_wconf 88' lang='lat' dir='ltr'>respondeant</span> <span class='ocrx_word' id='word_1_305' title='bbox 971 2296 1287 2344; x_wconf 88' lang='lat' dir='ltr'>consultoribus,</span> <span class='ocrx_word' id='word_1_306' title='bbox 1305 2310 1401 2335; x_wconf 91' lang='lat' dir='ltr'>cum</span> <span class='ocrx_word' id='word_1_307' title='bbox 1420 2297 1677 2347; x_wconf 88' lang='lat' dir='ltr'>perspiciunt</span> 
     </span>
     <span class='ocr_line' id='line_1_34' title="bbox 84 2361 1672 2411; baseline 0 -10"><span class='ocrx_word' id='word_1_308' title='bbox 84 2362 198 2401; x_wconf 87' lang='lat' dir='ltr'>aliud</span> <span class='ocrx_word' id='word_1_309' title='bbox 237 2363 422 2401; x_wconf 90' lang='lat' dir='ltr'>docuisse</span> <span class='ocrx_word' id='word_1_310' title='bbox 460 2362 683 2410; x_wconf 86' lang='lat' dir='ltr'>Christum,</span> <span class='ocrx_word' id='word_1_311' title='bbox 725 2361 839 2400; x_wconf 89' lang='lat' dir='ltr'>aliud</span> <span class='ocrx_word' id='word_1_312' title='bbox 879 2361 1074 2401; x_wconf 87' lang='lat' dir='ltr'>humanis</span> <span class='ocrx_word' id='word_1_313' title='bbox 1118 2362 1425 2401; x_wconf 87' lang='lat' dir='ltr'>traditiunculis</span> <span class='ocrx_word' id='word_1_314' title='bbox 1469 2361 1672 2411; x_wconf 89' lang='lat' dir='ltr'>imperari.</span> 
     </span>
     <span class='ocr_line' id='line_1_35' title="bbox 88 2426 1675 2478; baseline -0.001 -12"><span class='ocrx_word' id='word_1_315' title='bbox 88 2427 258 2476; x_wconf 81' lang='lat' dir='ltr'>Quaeso,</span> <span class='ocrx_word' id='word_1_316' title='bbox 298 2428 396 2478; x_wconf 90' lang='lat' dir='ltr'>quid</span> <span class='ocrx_word' id='word_1_317' title='bbox 437 2427 672 2467; x_wconf 89' lang='lat' dir='ltr'>commercii</span> <span class='ocrx_word' id='word_1_318' title='bbox 709 2426 873 2466; x_wconf 90' lang='lat' dir='ltr'>Christo</span> <span class='ocrx_word' id='word_1_319' title='bbox 919 2428 959 2464; x_wconf 91' lang='lat' dir='ltr'>et</span> <span class='ocrx_word' id='word_1_320' title='bbox 1002 2426 1254 2466; x_wconf 80' lang='lat' dir='ltr'>Aristoteli?</span> <span class='ocrx_word' id='word_1_321' title='bbox 1302 2427 1400 2477; x_wconf 90' lang='lat' dir='ltr'>quid</span> <span class='ocrx_word' id='word_1_322' title='bbox 1439 2426 1675 2477; x_wconf 88' lang='lat' dir='ltr'>sophisticis</span> 
     </span>
     <span class='ocr_line' id='line_1_36' title="bbox 84 2492 1675 2542; baseline -0.001 -12"><span class='ocrx_word' id='word_1_323' title='bbox 84 2492 361 2542; x_wconf 87' lang='lat' dir='ltr'>captiunculis</span> <span class='ocrx_word' id='word_1_324' title='bbox 387 2506 481 2531; x_wconf 89' lang='lat' dir='ltr'>cum</span> <span class='ocrx_word' id='word_1_325' title='bbox 507 2495 695 2531; x_wconf 87' lang='lat' dir='ltr'>aeternae</span> <span class='ocrx_word' id='word_1_326' title='bbox 715 2492 939 2542; x_wconf 88' lang='lat' dir='ltr'>sapientiae</span> <span class='ocrx_word' id='word_1_327' title='bbox 962 2492 1205 2541; x_wconf 83' lang='lat' dir='ltr'>mysteriis?</span> <span class='ocrx_word' id='word_1_328' title='bbox 1262 2505 1459 2541; x_wconf 85' lang='lat' dir='ltr'>quorsum</span> <span class='ocrx_word' id='word_1_329' title='bbox 1478 2494 1540 2530; x_wconf 87' lang='lat' dir='ltr'>tot</span> <span class='ocrx_word' id='word_1_330' title='bbox 1560 2504 1675 2540; x_wconf 92' lang='lat' dir='ltr'>quae-</span> 
     </span>
     <span class='ocr_line' id='line_1_37' title="bbox 84 2556 1754 2606; baseline 0 -12"><span class='ocrx_word' id='word_1_331' title='bbox 84 2557 270 2595; x_wconf 85' lang='lat' dir='ltr'>stionum</span> <span class='ocrx_word' id='word_1_332' title='bbox 298 2557 559 2606; x_wconf 86' lang='lat' dir='ltr'>labirynthi?</span> <span class='ocrx_word' id='word_1_333' title='bbox 625 2558 734 2595; x_wconf 89' lang='lat' dir='ltr'>inter</span> <span class='ocrx_word' id='word_1_334' title='bbox 763 2569 864 2606; x_wconf 91' lang='lat' dir='ltr'>quas</span> <span class='ocrx_word' id='word_1_335' title='bbox 892 2568 1016 2606; x_wconf 88' lang='lat' dir='ltr'>quam</span> <span class='ocrx_word' id='word_1_336' title='bbox 1042 2556 1198 2594; x_wconf 87' lang='lat' dir='ltr'>multae</span> <span class='ocrx_word' id='word_1_337' title='bbox 1227 2559 1324 2595; x_wconf 87' lang='lat' dir='ltr'>sunt</span> <span class='ocrx_word' id='word_1_338' title='bbox 1354 2556 1522 2603; x_wconf 87' lang='lat' dir='ltr'>ociosae,</span> <span class='ocrx_word' id='word_1_339' title='bbox 1551 2568 1674 2606; x_wconf 86' lang='lat' dir='ltr'>quam</span> <span class='ocrx_word' id='word_1_340' title='bbox 1692 2573 1754 2605; x_wconf 84' lang='lat'>415</span> 
     </span>
     <span class='ocr_line' id='line_1_38' title="bbox 87 2620 1673 2672; baseline 0 -12"><span class='ocrx_word' id='word_1_341' title='bbox 87 2621 244 2660; x_wconf 87' lang='lat' dir='ltr'>multae</span> <span class='ocrx_word' id='word_1_342' title='bbox 263 2622 510 2671; x_wconf 87' lang='lat' dir='ltr'>pestilentes,</span> <span class='ocrx_word' id='word_1_343' title='bbox 529 2622 597 2661; x_wconf 86' lang='lat' dir='ltr'>vel</span> <span class='ocrx_word' id='word_1_344' title='bbox 616 2622 693 2660; x_wconf 93' lang='lat' dir='ltr'>hoc</span> <span class='ocrx_word' id='word_1_345' title='bbox 715 2622 802 2672; x_wconf 93' lang='lat' dir='ltr'>ipso</span> <span class='ocrx_word' id='word_1_346' title='bbox 822 2621 931 2671; x_wconf 90' lang='lat' dir='ltr'>quod</span> <span class='ocrx_word' id='word_1_347' title='bbox 947 2621 1231 2659; x_wconf 87' lang='lat' dir='ltr'>contentiones</span> <span class='ocrx_word' id='word_1_348' title='bbox 1246 2623 1285 2659; x_wconf 84' lang='lat' dir='ltr'>et·</span> <span class='ocrx_word' id='word_1_349' title='bbox 1302 2621 1469 2659; x_wconf 87' lang='lat' dir='ltr'>dissidia</span> <span class='ocrx_word' id='word_1_350' title='bbox 1483 2620 1648 2669; x_wconf 87' lang='lat' dir='ltr'>pariunt</span> <span class='ocrx_word' id='word_1_351' title='bbox 1664 2622 1673 2660; x_wconf 76' lang='grc' dir='ltr'><strong>Ξ</strong></span> 
     </span>
     <span class='ocr_line' id='line_1_39' title="bbox 86 2685 1673 2736; baseline -0.001 -10"><span class='ocrx_word' id='word_1_352' title='bbox 86 2688 148 2726; x_wconf 90' lang='lat' dir='ltr'>At</span> <span class='ocrx_word' id='word_1_353' title='bbox 179 2688 278 2725; x_wconf 92' lang='lat' dir='ltr'>sunt</span> <span class='ocrx_word' id='word_1_354' title='bbox 310 2686 548 2736; x_wconf 87' lang='lat' dir='ltr'>vestiganda</span> <span class='ocrx_word' id='word_1_355' title='bbox 579 2687 789 2736; x_wconf 89' lang='lat' dir='ltr'>quaedam,</span> <span class='ocrx_word' id='word_1_356' title='bbox 823 2689 922 2724; x_wconf 88' lang='lat' dir='ltr'>sunt</span> <span class='ocrx_word' id='word_1_357' title='bbox 953 2688 994 2724; x_wconf 90' lang='lat' dir='ltr'>et</span> <span class='ocrx_word' id='word_1_358' title='bbox 1026 2685 1277 2724; x_wconf 87' lang='lat' dir='ltr'>decernenda</span> <span class='ocrx_word' id='word_1_359' title='bbox 1311 2686 1522 2735; x_wconf 89' lang='lat' dir='ltr'>quaedam.</span> <span class='ocrx_word' id='word_1_360' title='bbox 1578 2685 1673 2725; x_wconf 87' lang='lat' dir='ltr'>Non</span> 
     </span>
     <span class='ocr_line' id='line_1_40' title="bbox 83 2750 1672 2801; baseline -0.001 -10"><span class='ocrx_word' id='word_1_361' title='bbox 83 2751 232 2791; x_wconf 88' lang='lat' dir='ltr'>abnuo.</span> <span class='ocrx_word' id='word_1_362' title='bbox 290 2751 368 2790; x_wconf 87' lang='lat' dir='ltr'>Sed</span> <span class='ocrx_word' id='word_1_363' title='bbox 389 2764 411 2789; x_wconf 90' lang='lat' dir='ltr'>e</span> <span class='ocrx_word' id='word_1_364' title='bbox 432 2751 597 2789; x_wconf 90' lang='lat' dir='ltr'>diuerso</span> <span class='ocrx_word' id='word_1_365' title='bbox 617 2750 825 2801; x_wconf 87' lang='lat' dir='ltr'>permulta</span> <span class='ocrx_word' id='word_1_366' title='bbox 844 2752 943 2788; x_wconf 89' lang='lat' dir='ltr'>sunt</span> <span class='ocrx_word' id='word_1_367' title='bbox 968 2763 1069 2800; x_wconf 90' lang='lat' dir='ltr'>quae</span> <span class='ocrx_word' id='word_1_368' title='bbox 1093 2750 1246 2789; x_wconf 90' lang='lat' dir='ltr'>rectius</span> <span class='ocrx_word' id='word_1_369' title='bbox 1265 2750 1319 2788; x_wconf 89' lang='lat' dir='ltr'>sit</span> <span class='ocrx_word' id='word_1_370' title='bbox 1339 2750 1528 2788; x_wconf 90' lang='lat' dir='ltr'>omittere</span> <span class='ocrx_word' id='word_1_371' title='bbox 1547 2764 1672 2801; x_wconf 87' lang='lat' dir='ltr'>quam</span> 
     </span>
     <span class='ocr_line' id='line_1_41' title="bbox 85 2814 1672 2868; baseline 0 -12"><span class='ocrx_word' id='word_1_372' title='bbox 85 2817 293 2868; x_wconf 90' lang='lat' dir='ltr'>inquirere</span> <span class='ocrx_word' id='word_1_373' title='bbox 309 2817 363 2865; x_wconf 88' lang='lat' dir='ltr'>(et</span> <span class='ocrx_word' id='word_1_374' title='bbox 383 2816 575 2855; x_wconf 87' lang='lat' dir='ltr'>scientiae</span> <span class='ocrx_word' id='word_1_375' title='bbox 594 2828 688 2865; x_wconf 88' lang='lat' dir='ltr'>pars</span> <span class='ocrx_word' id='word_1_376' title='bbox 706 2816 768 2853; x_wconf 89' lang='lat' dir='ltr'>est</span> <span class='ocrx_word' id='word_1_377' title='bbox 787 2815 986 2865; x_wconf 88' lang='lat' dir='ltr'>quaedam</span> <span class='ocrx_word' id='word_1_378' title='bbox 1001 2815 1173 2864; x_wconf 89' lang='lat' dir='ltr'>nescire)</span> <span class='ocrx_word' id='word_1_379' title='bbox 1190 2829 1199 2862; x_wconf 90' lang='lat'>;</span> <span class='ocrx_word' id='word_1_380' title='bbox 1228 2814 1432 2864; x_wconf 89' lang='lat' dir='ltr'>permulta</span> <span class='ocrx_word' id='word_1_381' title='bbox 1452 2815 1501 2854; x_wconf 91' lang='lat' dir='ltr'>de</span> <span class='ocrx_word' id='word_1_382' title='bbox 1520 2816 1672 2866; x_wconf 89' lang='lat' dir='ltr'>quibus</span> 
     </span>
    </p>
   </div>
   <div class='ocr_carea' id='block_1_3' title="bbox 214 2916 1539 2960">
    <p class='ocr_par' dir='ltr' id='par_1_3' title="bbox 214 2916 1539 2960">
     <span class='ocr_line' id='line_1_42' title="bbox 214 2916 1539 2960; baseline -0.001 -10"><span class='ocrx_word' id='word_1_383' title='bbox 214 2930 288 2960; x_wconf 87' lang='lat'><strong>392·</strong></span> <span class='ocrx_word' id='word_1_384' title='bbox 311 2929 446 2951; x_wconf 83' lang='lat' dir='ltr'>annum</span> <span class='ocrx_word' id='word_1_385' title='bbox 465 2930 505 2950; x_wconf 80' lang='lat' dir='ltr'>a:</span> <span class='ocrx_word' id='word_1_386' title='bbox 530 2928 642 2950; x_wconf 84' lang='lat' dir='ltr'>annos</span> <span class='ocrx_word' id='word_1_387' title='bbox 657 2921 700 2950; x_wconf 79' lang='lat' dir='ltr'>A.</span> <span class='ocrx_word' id='word_1_388' title='bbox 844 2926 918 2958; x_wconf 82' lang='lat'>393.</span> <span class='ocrx_word' id='word_1_389' title='bbox 941 2916 1167 2958; x_wconf 85' lang='lat' dir='ltr'>perdiderint</span> <span class='ocrx_word' id='word_1_390' title='bbox 1182 2928 1220 2948; x_wconf 85' lang='lat' dir='ltr'>a:</span> <span class='ocrx_word' id='word_1_391' title='bbox 1244 2917 1483 2957; x_wconf 85' lang='lat' dir='ltr'>perdidissent</span> <span class='ocrx_word' id='word_1_392' title='bbox 1498 2921 1539 2949; x_wconf 77' lang='lat' dir='ltr'>A.</span> 
     </span>
    </p>
   </div>
   <div class='ocr_carea' id='block_1_4' title="bbox 253 2987 415 2992">
    <p class='ocr_par' dir='ltr' id='par_1_4' title="bbox 253 2987 415 2992">
     <span class='ocr_line' id='line_1_43' title="bbox 253 2987 415 2992; baseline 0 0"><span class='ocrx_word' id='word_1_393' title='bbox 253 2987 415 2992; x_wconf 95' lang='lat' dir='ltr'> </span> 
     </span>
    </p>
   </div>
   <div class='ocr_carea' id='block_1_5' title="bbox 108 2987 252 2993">
    <p class='ocr_par' dir='ltr' id='par_1_5' title="bbox 108 2987 252 2993">
     <span class='ocr_line' id='line_1_44' title="bbox 108 2987 252 2993; baseline 0 0"><span class='ocrx_word' id='word_1_394' title='bbox 108 2987 252 2993; x_wconf 95' lang='lat' dir='ltr'> </span> 
     </span>
    </p>
   </div>
   <div class='ocr_carea' id='block_1_6' title="bbox 640 3015 1119 3057">
    <p class='ocr_par' dir='ltr' id='par_1_6' title="bbox 640 3015 1119 3057">
     <span class='ocr_line' id='line_1_45' title="bbox 640 3015 1119 3057; baseline -0.004 -9"><span class='ocrx_word' id='word_1_395' title='bbox 640 3017 712 3056; x_wconf 82' lang='lat'>389.</span> <span class='ocrx_word' id='word_1_396' title='bbox 731 3015 876 3057; x_wconf 89' lang='lat' dir='ltr'>Paulus]</span> <span class='ocrx_word' id='word_1_397' title='bbox 903 3025 917 3046; x_wconf 93' lang='lat'>1</span> <span class='ocrx_word' id='word_1_398' title='bbox 935 3015 1024 3046; x_wconf 87' lang='lat' dir='ltr'>Tim.</span> <span class='ocrx_word' id='word_1_399' title='bbox 1040 3016 1072 3047; x_wconf 85' lang='lat'>6.</span> <span class='ocrx_word' id='word_1_400' title='bbox 1089 3026 1119 3053; x_wconf 85' lang='lat'>4.</span> 
     </span>
    </p>
   </div>
  </div>
 </body>
</html>
