2010 3417
268 152 349 190 336
729 149 981 188 LETTERS
1020 149 1090 187 OF
1128 150 1394 190 ERASMUS
1734 149 1773 204 [1
1783 161 1828 199 51
1839 152 1860 188 6

267 275 364 300 caue
380 275 389 308 3
428 259 611 310 profecto
641 259 720 297 tibi
751 271 901 308 anceps
931 257 1144 307 negotium
1176 259 1451 308 vndecunque
1479 259 1623 298 habita
1650 261 1860 300 occasione

266 327 446 364 facesset.
525 324 706 374 Ideoque
742 336 886 373 precor
925 336 1076 373 oroque
1114 323 1380 372 prudentiam
1417 324 1543 372 tuam,
1579 325 1638 362 mi
1673 324 1857 375 Erasme,

266 389 472 440 occupatis
504 389 667 439 pridem
704 387 1014 427 munitionibus
1045 389 1087 426 te
1118 400 1267 436 serues,
1291 388 1369 426 hoc
1396 389 1459 426 est
1488 388 1714 428 modestiae
1743 392 1860 431 freno

266 454 597 505 copiosissimum
617 453 875 504 eloquentiae
899 455 995 492 tuae
1014 453 1219 503 impetum
1240 454 1470 500 remoreris,
1493 455 1541 492 vt
1559 453 1604 491 in
1624 467 1767 506 campo
1786 469 1860 496 suo

206 534 248 565 90
266 521 510 559 remoratam
539 518 666 558 tacito
700 519 850 558 iuditio
883 531 1028 557 omnes
1061 518 1326 557 demiremur.
1401 518 1499 567 Scis,
1538 518 1721 567 Erasme,
1761 534 1863 571 quos

266 598 413 633 mores,
449 598 571 635 quem
603 584 724 623 nobis
757 584 946 623 animum
980 583 1161 622 induerit
1191 583 1296 622 falsa
1327 583 1537 622 doctrinae
1570 597 1615 623 ac
1649 584 1862 634 relig-ionis

265 650 483 701 persuasio.
544 650 606 688 De
619 649 884 700 poenitentia,
909 649 957 688 de
976 649 1257 697 sacramentis,
1283 649 1332 688 de
1352 649 1649 698 superstitiosis
1669 651 1863 690 constitu-

265 715 463 755 tiunculis
496 715 808 762 monachorum,
838 717 909 753 aut
937 727 1034 765 erga
1062 714 1181 753 diuos
1209 713 1373 764 vulgari
1401 727 1547 764 errore,
1569 717 1640 754 aut
1669 715 1717 754 de
1746 717 1863 755 tenui

265 781 570 831 expugnatione
588 780 867 819 hereticorum
894 793 945 819 ex
974 783 1112 819 coacta
1140 781 1306 818 tantum
1336 779 1552 829 Scriptura
1577 780 1783 820 instructa
1810 795 1863 821 ne

206 861 246 892 95
265 846 485 885 verbulum
523 846 742 894 addideris,
792 845 873 884 nisi
920 845 1027 884 mira
1072 845 1152 884 ista
1197 844 1485 883 circumitione
1526 845 1859 897 circumseptum.

265 910 390 950 Facto
419 912 546 951 semel
583 911 698 950 aditu
727 911 893 962 penitus
920 910 1126 960 irrumpet
1162 910 1344 949 inuidiae
1375 910 1501 958 virus,
1539 910 1661 949 solita
1688 912 1862 961 perfidia

264 977 416 1027 populo
450 990 572 1016 suum
604 977 796 1015 obtrudet
826 976 1055 1026 negocium,
1088 977 1128 1014 et
1166 976 1319 1014 durum
1348 975 1484 1014 affecti
1514 975 1645 1014 animi
1677 976 1861 1016 dolorem

264 1042 390 1081 fidem
422 1042 542 1081 faciet
575 1042 817 1091 honestique
841 1041 976 1080 zelum
1000 1058 1009 1089 3
1052 1043 1092 1080 et
1117 1041 1233 1091 pium
1253 1041 1473 1079 Erasmum
1504 1041 1619 1080 velut
1646 1042 1862 1091 publicum

265 1108 492 1147 Christiani
524 1107 707 1146 nominis
736 1107 901 1145 hostem
935 1106 1211 1155 deuouebunt,
1247 1106 1557 1154 execrabuntur,
1588 1106 1857 1147 damnabunt.

187 1187 247 1211 100
265 1173 375 1212 Nam
404 1174 444 1211 te
474 1186 561 1211 non
592 1173 710 1222 fugit,
734 1172 888 1222 optime
907 1172 1089 1219 Erasme,
1114 1172 1317 1222 quantum
1345 1171 1513 1221 cupiant
1541 1171 1571 1209 ii
1595 1171 1862 1222 denigratum

264 1238 486 1277 candorem
523 1240 656 1287 tuum,
691 1251 869 1288 quorum
917 1237 1121 1287 ignobiles
1162 1239 1270 1276 artes
1307 1237 1445 1286 fulgor
1483 1237 1563 1275 iste
1604 1240 1857 1288 praegrauat.

265 1303 397 1352 Quare
417 1303 605 1353 mitigata
630 1303 768 1353 potius
786 1303 916 1341 velim
945 1302 1185 1353 mollitaque
1206 1302 1412 1342 coloribus
1432 1302 1534 1341 artis
1563 1304 1658 1341 tuae
1684 1316 1731 1341 ea
1759 1317 1860 1353 quae

264 1369 524 1408 manifestius
542 1368 592 1407 de
616 1368 869 1419 poenitentia
892 1368 1138 1417 scripseras3
1170 1381 1296 1418 quam
1321 1381 1367 1406 eo
1398 1367 1567 1418 quidem
1596 1368 1860 1408 defendimus

263 1434 490 1472 studiosius
517 1447 596 1483 quo
631 1434 693 1472 est
718 1433 850 1472 tutius
875 1435 1040 1472 nostrae
1065 1433 1278 1483 tyrannidi
1297 1432 1559 1482 praesidium.
1620 1432 1694 1471 Sin
1720 1435 1859 1472 autem

186 1514 244 1546 105
264 1499 343 1537 tibi
357 1512 439 1537 non
458 1500 670 1549 integrum
689 1498 860 1546 eleuare,
879 1498 1026 1537 saltem
1048 1512 1099 1537 ne
1118 1498 1290 1537 auxeris.
1342 1498 1404 1536 De
1423 1498 1628 1536 eiusmodi
1643 1498 1766 1538 rebus
1785 1512 1859 1549 pro

262 1567 304 1602 te
323 1564 518 1614 plurimis
537 1564 755 1612 satisfacio,
777 1564 1007 1614 argutiores
1026 1564 1198 1602 technas
1217 1563 1442 1602 discutiens
1462 1565 1502 1602 et
1522 1565 1639 1611 tuam
1661 1564 1860 1615 colligens

262 1631 448 1668 mentem
479 1643 574 1668 cum
597 1629 700 1679 ipsis
730 1630 961 1677 conuenire,
985 1642 1114 1679 eoque
1147 1629 1377 1667 multorum
1402 1629 1507 1667 iram
1536 1629 1859 1679 conflagrantem

262 1694 448 1733 restinxi.
529 1695 673 1733 Fidem
704 1695 815 1733 enim
844 1695 951 1744 apud
981 1694 1197 1744 plerosque
1228 1708 1313 1733 non
1340 1695 1429 1732 tam
1459 1693 1689 1732 rationibus
1719 1707 1764 1733 ac
1793 1694 1859 1732 do-

262 1760 395 1799 ctrina
414 1773 541 1810 quam
568 1760 680 1799 vitae
699 1762 739 1799 et
765 1759 974 1810 religionis
994 1759 1187 1809 opinione
1214 1773 1384 1807 mereor,
1409 1773 1489 1809 qua
1514 1759 1626 1797 nitor
1646 1772 1719 1809 pro
1747 1773 1860 1798 reuo-

184 1841 244 1864 110
261 1825 389 1864 cando
418 1839 537 1864 verae
569 1825 734 1876 pietatis
771 1825 907 1864 studio
937 1827 977 1863 et
1011 1825 1184 1864 Erasmo
1212 1824 1468 1863 defendendo
1496 1837 1698 1874 pugnans.
1755 1825 1860 1864 Ecce

260 1891 475 1941 loquacem
507 1890 754 1939 infantiam;
795 1890 865 1929 sed
901 1891 1088 1929 auditore
1122 1891 1292 1941 parente
1322 1903 1496 1940 puerum
1526 1889 1735 1928 balbutiae
1774 1903 1859 1929 non

260 1957 397 2006 pudet.

315 2021 530 2060 Postremo
549 2021 627 2060 tibi
645 2021 821 2071 gratiam
844 2020 975 2059 habeo
996 2021 1046 2059 de
1078 2021 1228 2060 litteris
1248 2022 1334 2059 tam
1362 2019 1570 2069 suauibus,
1594 2021 1681 2058 tam
1699 2020 1855 2069 amicis,

262 2086 411 2137 quibus
436 2087 697 2125 retunderem
730 2087 908 2137 profecto
934 2086 1110 2136 pingues
1139 2085 1356 2137 quospiam
1381 2087 1422 2124 et
1448 2085 1635 2135 ἀμούσους
1661 2087 1857 2135 negantes

184 2168 242 2200 115
261 2153 377 2190 tuam
396 2165 491 2202 erga
510 2165 577 2190 me
597 2151 940 2190 beneuolentiam.
984 2151 1077 2190 Nisi
1095 2165 1145 2190 ex
1165 2150 1370 2201 singulari
1396 2150 1685 2189 beneuolentia
1707 2163 1776 2189 me
1795 2164 1857 2190 ro-

261 2230 397 2267 gasses
427 2216 574 2255 iisdem
602 2216 754 2255 litteris
785 2217 1048 2265 monitorem,
1078 2215 1188 2255 haud
1217 2215 1508 2265 intelligerent,
1531 2227 1635 2265 pene
1659 2214 1857 2254 dixissem

260 2282 468 2320 moriones
497 2282 570 2329 illi,
593 2281 690 2332 quid
718 2281 926 2320 amiciciae
959 2283 1091 2331 gratia
1120 2282 1298 2332 ineptiae
1325 2294 1441 2320 meae
1463 2280 1696 2327 contuleris,
1719 2281 1856 2319 totum

260 2347 557 2385 contenderent
572 2346 637 2385 vel
659 2349 773 2384 metu
793 2347 858 2384 vel
878 2346 1015 2396 inopia
1034 2347 1203 2385 factum.
1246 2346 1355 2384 Malo
1374 2345 1502 2394 igitur
1521 2345 1856 2384 beneuolentiam

260 2411 512 2450 diffiteantur
540 2425 663 2462 quam
698 2411 971 2461 supinitatem
1005 2411 1173 2449 illorum
1205 2411 1371 2449 sinistre
1398 2412 1469 2449 aut
1503 2409 1707 2449 humilius
1735 2411 1785 2449 de
1814 2412 1856 2449 te

182 2493 242 2516 120
260 2477 422 2515 sentire.
481 2476 658 2515 Litteras
678 2476 815 2526 itaque
834 2477 934 2515 istas
953 2476 1212 2528 gratissimas
1232 2475 1337 2514 mihi
1358 2488 1481 2514 nemo
1501 2474 1661 2514 videbit
1678 2477 1855 2526 praeter-

260 2555 383 2592 quam
402 2541 590 2581 fortassis
617 2542 772 2580 Beatus
791 2544 940 2590 noster,
965 2541 1036 2592 qui
1055 2543 1118 2580 est
1136 2540 1227 2580 sani
1246 2539 1390 2579 iudicii
1410 2541 1451 2578 et
1471 2540 1635 2578 Erasmi
1655 2539 1854 2579 candidus

259 2607 426 2646 amicus.
487 2608 737 2657 Sequentem
757 2607 861 2646 hanc
882 2607 1158 2646 coniecturam
1178 2606 1407 2656 suspicaces
1433 2606 1602 2644 faciunt.
1662 2604 1854 2654 Quando-

259 2672 426 2722 quidem
460 2672 625 2711 nullum
659 2672 896 2722 theologum
928 2672 1095 2711 Nouum
1129 2672 1304 2710 celebrat
1336 2671 1684 2719 Instrumentum,
1719 2683 1853 2719 neque

302 2800 355 2828 90.
372 2790 591 2821 demiramur
600 2792 668 2821 MS.
717 2790 792 2821 Scis
803 2792 939 2821 Niclzols:
962 2790 1040 2820 Scio
1049 2792 1119 2821 MS.
1184 2798 1255 2827 103.
1278 2787 1504 2828 poenitentia
1519 2789 1629 2825 scripsi
1647 2798 1654 2818 :
1670 2788 1755 2827 piiia
1767 2789 1855 2819 MS.:

259 2834 463 2872 praesentia
477 2835 540 2864 LB.
625 2843 696 2872 114.
714 2832 873 2872 ἀμούσους
884 2835 1014 2870 scripsi:
1040 2832 1173 2864 amusoo
1188 2835 1257 2863 MS.
1353 2841 1423 2870 117.
1440 2831 1590 2862 inertiae
1607 2833 1673 2862 MS.
1694 2833 1736 2869 Cf.
1755 2841 1780 2862 v.
1797 2840 1848 2869 74.

306 2935 376 2956 101.
402 2926 512 2966 artes]
530 2926 580 2957 Cf.
598 2926 684 2957 Hor.
702 2928 760 2963 Ep.
778 2936 807 2958 2.
830 2936 857 2958 1.
878 2935 926 2965 13.
1085 2924 1227 2966 pressed
1250 2925 1288 2955 to
1312 2924 1361 2955 its
1384 2926 1579 2955 narrowest
1603 2933 1716 2962 sense,
1733 2922 1764 2953 if
1783 2921 1846 2952 the

306 2978 374 3006 103.
400 2969 640 3010 poenitentia]
654 2979 717 3008 e.g.
731 2970 770 3000 in
784 2969 885 3001 Matt.
899 2979 929 3008 3.
946 2979 965 2999 2
979 2978 1014 3000 n.
1086 2969 1282 2999 statement
1305 2968 1335 2998 is
1357 2968 1394 2998 to
1418 2968 1460 2998 be
1485 2968 1668 3004 accurate3
1702 2967 1757 2996 for
1783 2965 1846 2994 the

306 3020 375 3049 123.
400 3012 620 3053 theologum]
644 3013 729 3044 This
746 3013 843 3044 word
863 3014 958 3044 must
974 3013 1015 3042 be
1085 3014 1211 3043 Nouum
1227 3013 1472 3042 Instrumentum
1489 3011 1654 3042 contains
1675 3008 1843 3047 eulogies,
