2010 3417
234 297 269 328 25

229 622 268 651 30

227 958 265 979 0³

292 173 370 211 546
755 171 1007 209 LETTERS
1046 170 1115 208 OF
1151 170 1418 209 ERASMUS
1758 168 1795 222 [1
1805 182 1826 220 5
1835 181 1881 220 17

291 283 467 320 traduco.
528 281 641 318 Hinc
676 282 749 327 est,
788 280 944 329 optime
978 281 1158 330 patrone,
1194 279 1301 329 quod
1334 281 1375 317 te
1409 279 1689 329 maximopere
1723 283 1884 320 oratum

289 347 424 390 velim,
454 347 489 384 si
517 358 726 395 quoquam
752 358 819 383 me
845 344 936 382 istic
965 344 1179 383 commode
1203 345 1355 394 absque
1383 344 1600 393 dispendio
1625 346 1698 383 tuo
1725 358 1884 394 promo·

290 425 383 450 uere
412 423 550 460 posses
581 409 674 458 (scis
703 411 816 448 enim
849 410 947 460 quid
978 411 1135 459 possim
1165 412 1206 448 et
1238 410 1389 460 quibus
1418 409 1543 448 rebus
1573 409 1653 447 sim
1685 409 1882 459 idoneus),

288 477 445 515 litteras
463 476 511 514 ad
532 489 599 514 me
620 476 716 514 dare
737 489 789 513 ne
808 476 1004 525 graueris.
1064 475 1107 513 Si
1132 475 1245 513 enim
1265 474 1342 513 tibi
1361 474 1574 524 placuerit,
1595 475 1703 514 istuc
1728 475 1881 523 redibo,

287 555 333 579 eo
353 542 519 590 quidem
539 541 740 579 libentius
764 541 872 590 quod
899 542 940 578 te
966 540 1011 578 in
1033 540 1260 578 Brabantia
1285 553 1378 578 meo
1405 540 1537 578 natali
1563 540 1649 578 solo
1669 539 1777 579 velle
1801 553 1885 590 per·

287 619 452 645 manere
490 606 735 654 audiuerim,
773 605 900 644 simul
934 605 1042 656 quod
1081 606 1130 644 de
1163 606 1305 644 futuro
1343 605 1450 655 apud
1484 619 1562 644 nos
1593 605 1704 645 bello
1736 605 1885 644 incerti

286 685 440 710 sumus.
523 672 597 710 Sin
634 674 772 710 autem
813 671 1071 710 manendum
1110 684 1289 720 censeas,
1330 671 1506 710 scribere
1544 673 1687 710 tamen
1724 671 1883 721 aliquid

286 738 408 776 Batto
435 740 506 776 tuo
533 751 584 775 ne
611 737 778 776 omittas
805 750 979 787 quaeso,
1008 739 1130 775 erunt
1157 737 1271 775 enim
1297 736 1404 775 mihi
1430 736 1593 775 litterae
1618 739 1714 776 tuae
1739 736 1885 775 multis

285 803 418 841 aureis
443 803 667 852 gratiores3
702 816 775 852 per
800 802 877 840 hoc
903 803 1017 840 enim
1044 815 1110 840 me
1138 802 1298 840 felicem
1324 804 1366 840 et
1390 804 1432 841 te
1457 804 1652 852 paternae
1677 801 1885 841 amiciciae

285 867 528 906 satisfecisse
561 867 817 907 existimabo.
892 868 1073 906 Litteras
1109 881 1278 918 quoque,
1317 868 1353 906 si
1386 880 1489 918 quas
1521 867 1745 917 scripseris,
1775 867 1881 917 apud

229 947 241 958 Ἴ
253 949 263 954 -
285 933 550 972 Franciscum
564 933 835 983 bibliopolam
851 934 1211 983 Antwerpiensem
1226 946 1413 982 reponas.
1457 934 1546 983 Ego
1565 933 1679 971 enim
1699 932 1884 982 disposui

284 1001 329 1036 vt
363 999 519 1037 Paulus
554 998 778 1049 bibliopola
813 998 884 1048 qui
911 998 985 1037 has
1018 1000 1252 1049 praesentes
1281 997 1499 1037 Francisco
1531 998 1720 1045 reddidit,
1752 998 1803 1037 ab
1837 1011 1883 1036 eo

284 1064 444 1102 litteras
467 1064 517 1102 ad
538 1077 605 1102 me
625 1066 718 1103 tuas
738 1065 894 1113 repetat
919 1066 960 1102 et
979 1065 1030 1103 ad
1049 1078 1117 1102 me
1136 1064 1325 1114 perferat.

339 1130 534 1178 Supeiest
561 1142 656 1178 ergo
681 1131 729 1167 vt
755 1143 828 1178 pro
857 1129 1055 1168 omnibus
1081 1129 1172 1168 istis
1190 1129 1402 1168 beneficiis
1427 1129 1581 1179 gratias
1606 1141 1752 1178 agam3
1785 1141 1883 1167 nam

283 1194 430 1232 referre
450 1195 493 1233 in
516 1195 857 1244 praesentiarum,
875 1195 983 1245 quod
1003 1195 1110 1233 mihi
1129 1195 1473 1233 molestissimum
1492 1195 1566 1242 est,
1582 1207 1665 1233 non
1685 1193 1878 1244 suppetit.

283 1259 391 1308 Quid
420 1262 547 1310 ergo?
603 1261 639 1299 si
672 1261 786 1299 enim
822 1261 1050 1310 spondeam
1080 1273 1146 1298 me
1175 1260 1347 1298 laudum
1378 1262 1548 1299 tuarum
1582 1260 1666 1298 fore
1698 1260 1883 1298 buccina-

284 1327 427 1374 torem,
468 1325 670 1375 indignus
708 1328 769 1364 est
807 1339 960 1376 praeco,
1003 1328 1044 1364 et
1084 1325 1163 1364 toti
1200 1326 1358 1364 mundo
1399 1325 1483 1365 iam
1528 1325 1666 1365 clarus
1703 1325 1878 1364 haberis.

284 1389 480 1429 Hominis
514 1394 655 1429 tamen
689 1391 796 1441 grati
829 1391 959 1429 officio
992 1392 1162 1429 functus
1195 1391 1340 1429 collata
1370 1391 1415 1429 in
1445 1405 1512 1429 me
1543 1390 1743 1430 beneficia
1771 1403 1882 1440 prae-

283 1455 418 1494 dicare
451 1469 667 1506 nunquam
706 1456 879 1503 cessabo,
917 1456 1026 1506 quod
1063 1456 1121 1494 Ia.
1159 1456 1343 1504 Battum,
1382 1458 1595 1505 parentem
1633 1469 1788 1504 meum,
1824 1455 1882 1494 sic

283 1521 327 1558 in
356 1520 442 1559 vita
471 1520 663 1560 dilexeris
690 1523 735 1560 vt
764 1521 838 1559 illo
868 1524 1033 1560 mortuo
1064 1521 1202 1559 onmia
1230 1521 1428 1559 beneficia
1456 1521 1501 1559 in
1531 1529 1598 1560 me
1626 1521 1715 1560 eius
1743 1521 1881 1559 filium

247 1602 262 1631 5
282 1585 398 1624 nulla
436 1586 487 1624 ob
526 1586 679 1634 debita,
712 1587 783 1625 sed
816 1588 908 1625 tum
942 1589 1109 1636 propter
1142 1586 1279 1624 Deum
1312 1587 1352 1624 et
1386 1587 1593 1625 humanae
1631 1586 1881 1626 conditionis

283 1651 606 1699 miserationem,
630 1654 724 1690 tum
750 1651 877 1690 etiam
904 1653 1071 1701 propter
1097 1651 1236 1690 mutui
1263 1651 1474 1701 quondam
1494 1651 1603 1690 inter
1628 1665 1701 1690 vos
1728 1651 1882 1691 amoris

282 1716 621 1763 recordationem,
645 1719 733 1755 tam
758 1717 984 1755 liberaliter
1011 1716 1233 1755 contuleris
1259 1719 1305 1755 vt
1326 1716 1434 1755 nihil
1453 1729 1639 1767 vnquam
1656 1717 1701 1755 in
1721 1719 1880 1767 patrem

283 1781 504 1821 liberalius.
577 1782 721 1821 Testes
758 1785 856 1821 sunt
896 1783 1177 1821 Louanienses
1210 1795 1430 1820 aureorum
1463 1782 1570 1821 mihi
1606 1782 1678 1821 abs
1715 1784 1757 1821 te
1792 1785 1880 1822 tam

283 1847 509 1886 liberaliter
529 1848 786 1887 donatorum.
825 1848 879 1887 Et
899 1861 966 1886 me
984 1848 1147 1888 insania
1167 1848 1344 1897 quadam
1364 1848 1409 1886 in
1425 1848 1625 1898 Angliam
1644 1848 1881 1887 venientem

228 1929 238 1936 ·
283 1926 405 1962 quam
426 1926 511 1951 non
537 1913 749 1964 repuleris,
768 1913 854 1951 imo
881 1913 990 1963 quod
1018 1913 1125 1952 bono
1150 1913 1302 1953 viatico
1328 1912 1482 1952 litteris
1507 1913 1654 1952 multis
1672 1913 1882 1952 remiseris

284 1991 367 2017 non
387 1978 537 2017 attinet
565 1978 709 2028 dicere,
734 1992 829 2017 cum
856 1979 983 2018 sciam
1011 1992 1103 2017 eam
1122 1979 1419 2017 beneficiorum
1445 1979 1880 2018 commemorationem

284 2044 361 2081 tibi
389 2044 490 2083 satis
520 2057 608 2083 esse
636 2044 831 2092 odiosam,
853 2047 893 2083 et
923 2044 1055 2093 magis
1081 2045 1259 2094 gaudere
1284 2044 1532 2084 conscientia
1559 2045 1877 2084 benefactorum.

284 2109 417 2157 Quare
437 2123 509 2159 pro
530 2110 725 2148 omnibus
744 2110 836 2148 istis
850 2110 1062 2149 beneficiis
1077 2110 1212 2148 Deum
1229 2110 1322 2160 Opt.
1341 2109 1446 2148 Max.
1465 2123 1540 2160 pro
1559 2110 1669 2148 felici
1689 2123 1880 2149 successu

283 2177 365 2222 tuo,
384 2174 559 2225 longeua
573 2175 659 2214 vita
680 2189 760 2225 qua
779 2175 969 2225 pluribus
988 2175 1180 2225 prodesse
1199 2177 1327 2225 potes,
1342 2175 1602 2224 superatione
1621 2175 1877 2214 aemulorum

246 2257 261 2287 5
283 2242 449 2278 tuorum
478 2240 590 2288 (licet
622 2240 821 2290 indignus
850 2241 1065 2290 peccator),
1086 2241 1284 2290 quamdiu
1311 2241 1355 2279 hi
1384 2240 1491 2278 mihi
1523 2240 1728 2290 patebunt
1755 2240 1879 2289 oculi,

284 2304 489 2355 deprecari
511 2319 595 2344 non
616 2305 849 2345 obliuiscar.
910 2307 1013 2345 Vale
1034 2320 1083 2345 ex
1106 2307 1323 2356 Groninga
1342 2306 1500 2345 decimo
1521 2306 1615 2344 Kal.
1638 2305 1737 2345 Maii
1761 2318 1874 2355 1517.

1190 2372 1311 2410 Idem
1331 2372 1403 2422 qui
1422 2385 1546 2422 supra
1563 2373 1662 2410 tuus
1681 2371 1819 2411 cliens.

341 2538 434 2576 574.
498 2536 629 2577 FROM
661 2537 901 2579 NICHoLAs
934 2538 1236 2580 SAGUNDINUS
1268 2549 1323 2579 To
1353 2538 1549 2580 MARCUS
1579 2537 1822 2579 MUSURUS.

330 2636 517 2673 Deventer
535 2637 609 2674 MS.
630 2648 686 2683 91,
705 2639 743 2674 ff.
763 2648 804 2684 95
826 2640 877 2685 (a)
894 2640 966 2674 and
986 2642 1054 2676 216
1071 2639 1138 2686 (β).
1604 2639 1769 2675 London.

331 2694 402 2729 LB.
421 2696 518 2741 App.
539 2706 617 2741 130.
1368 2691 1377 2701 ⁵
1539 2708 1581 2732 22
1599 2697 1707 2743 April
1728 2706 1830 2743 1517.

329 2785 458 2825 [There
486 2797 545 2818 are
570 2789 641 2819 two
664 2788 782 2828 copies
807 2788 845 2819 of
865 2789 940 2820 this
964 2789 1080 2829 letter,
1106 2799 1144 2820 as
1166 2789 1239 2820 also
1263 2788 1301 2819 of
1321 2789 1383 2829 Ep.
1409 2798 1472 2829 559
1495 2788 1567 2819 and
1591 2788 1660 2820 LB.
1685 2789 1776 2829 App.
1805 2788 1876 2828 148,

286 2828 322 2857 in
356 2829 417 2860 the
448 2830 629 2862 Deventer
654 2831 881 2872 letter-book,
907 2832 954 2872 by
982 2832 1108 2863 Hands
1133 2832 1165 2863 A
1192 2832 1264 2864 and
1289 2833 1329 2864 B.
1375 2832 1444 2863 For
1473 2832 1536 2863 the
1567 2833 1719 2863 relation
1751 2832 1790 2863 of
1815 2831 1879 2862 the

544 2939 594 2968 33.
618 2931 729 2971 pr-nae
746 2933 812 2963 MS.
830 2942 837 2962 :
860 2931 1037 2970 pristinae
1054 2933 1119 2962 LB.
1234 2942 1285 2971 34.
1312 2931 1532 2963 satisfecesse
1548 2935 1617 2965 MS.

806 3034 859 3063 30.
884 3023 993 3064 bello]
1019 3024 1069 3056 Cf.
1086 3025 1149 3065 Ep.
1167 3025 1242 3064 584.
1259 3035 1301 3065 35
1317 3035 1352 3057 n.
