<?xml version="1.0" encoding="UTF-8"?>
<!DOCTYPE html PUBLIC "-//W3C//DTD XHTML 1.0 Transitional//EN"
    "http://www.w3.org/TR/xhtml1/DTD/xhtml1-transitional.dtd">
<html xmlns="http://www.w3.org/1999/xhtml" xml:lang="en" lang="en">
 <head>
  <title>
</title>
<meta http-equiv="Content-Type" content="text/html;charset=utf-8" />
  <meta name='ocr-system' content='tesseract 3.04.00' />
  <meta name='ocr-capabilities' content='ocr_page ocr_carea ocr_par ocr_line ocrx_word'/>
</head>
<body>
  <div class='ocr_page' id='page_1' title='image "./opusepistolarumd02erasuoft/opusepistolarumd02erasuoft_0246.png"; bbox 0 0 2010 3417; ppageno 0'>
   <div class='ocr_carea' id='block_1_1' title="bbox 301 136 1891 190">
    <p class='ocr_par' dir='ltr' id='par_1_1' title="bbox 301 136 1891 190">
     <span class='ocr_line' id='line_1_1' title="bbox 301 136 1891 190; baseline -0.004 -9"><span class='ocrx_word' id='word_1_1' title='bbox 301 143 381 182; x_wconf 81' lang='lat'>220</span> <span class='ocrx_word' id='word_1_2' title='bbox 763 139 1014 179; x_wconf 83' lang='lat' dir='ltr'><strong>LETTERS</strong></span> <span class='ocrx_word' id='word_1_3' title='bbox 1053 139 1123 178; x_wconf 81' lang='lat' dir='ltr'>OF</span> <span class='ocrx_word' id='word_1_4' title='bbox 1160 138 1427 178; x_wconf 81' lang='lat' dir='ltr'>ERASMUS</span> <span class='ocrx_word' id='word_1_5' title='bbox 1765 136 1891 190; x_wconf 87' lang='lat'><strong>[1516</strong></span> 
     </span>
    </p>
   </div>
   <div class='ocr_carea' id='block_1_2' title="bbox 222 246 1954 3034">
    <p class='ocr_par' dir='ltr' id='par_1_2' title="bbox 222 246 1954 3034">
     <span class='ocr_line' id='line_1_2' title="bbox 302 246 1892 298; baseline -0.002 -9"><span class='ocrx_word' id='word_1_6' title='bbox 302 251 608 298; x_wconf 77' lang='lat' dir='ltr'>Hieronymum</span> <span class='ocrx_word' id='word_1_7' title='bbox 635 248 716 286; x_wconf 90' lang='lat' dir='ltr'>sibi</span> <span class='ocrx_word' id='word_1_8' title='bbox 742 246 938 286; x_wconf 86' lang='lat' dir='ltr'>nonnihil</span> <span class='ocrx_word' id='word_1_9' title='bbox 960 247 1037 286; x_wconf 85' lang='grc'>1100</span> <span class='ocrx_word' id='word_1_10' title='bbox 1061 247 1231 285; x_wconf 89' lang='lat' dir='ltr'>nomine</span> <span class='ocrx_word' id='word_1_11' title='bbox 1257 246 1467 296; x_wconf 87' lang='lat' dir='ltr'>gratulari,</span> <span class='ocrx_word' id='word_1_12' title='bbox 1491 247 1599 297; x_wconf 90' lang='lat' dir='ltr'>quod</span> <span class='ocrx_word' id='word_1_13' title='bbox 1625 246 1892 286; x_wconf 80' lang='lat' dir='ltr'>faustissimis</span> 
     </span>
     <span class='ocr_line' id='line_1_3' title="bbox 303 311 1894 362; baseline -0.001 -10"><span class='ocrx_word' id='word_1_14' title='bbox 303 315 363 353; x_wconf 88' lang='lat' dir='ltr'>tui</span> <span class='ocrx_word' id='word_1_15' title='bbox 384 313 568 352; x_wconf 87' lang='lat' dir='ltr'>nominis</span> <span class='ocrx_word' id='word_1_16' title='bbox 586 312 781 362; x_wconf 82' lang='lat' dir='ltr'>auspiciis</span> <span class='ocrx_word' id='word_1_17' title='bbox 807 311 966 350; x_wconf 87' lang='lat' dir='ltr'>mundo</span> <span class='ocrx_word' id='word_1_18' title='bbox 993 311 1204 360; x_wconf 87' lang='lat' dir='ltr'>reuixerit,</span> <span class='ocrx_word' id='word_1_19' title='bbox 1226 313 1316 350; x_wconf 88' lang='lat' dir='ltr'>tam</span> <span class='ocrx_word' id='word_1_20' title='bbox 1336 311 1447 350; x_wconf 86' lang='lat' dir='ltr'>inter</span> <span class='ocrx_word' id='word_1_21' title='bbox 1466 311 1683 360; x_wconf 89' lang='lat' dir='ltr'>theologos</span> <span class='ocrx_word' id='word_1_22' title='bbox 1702 323 1894 350; x_wconf 86' lang='lat' dir='ltr'>summus</span> 
     </span>
     <span class='ocr_line' id='line_1_4' title="bbox 304 375 1894 428; baseline -0.001 -12"><span class='ocrx_word' id='word_1_23' title='bbox 304 390 426 428; x_wconf 89' lang='lat' dir='ltr'>quam</span> <span class='ocrx_word' id='word_1_24' title='bbox 457 380 504 416; x_wconf 93' lang='lat' dir='ltr'>tu</span> <span class='ocrx_word' id='word_1_25' title='bbox 538 377 647 416; x_wconf 86' lang='lat' dir='ltr'>inter</span> <span class='ocrx_word' id='word_1_26' title='bbox 676 377 866 415; x_wconf 87' lang='lat' dir='ltr'>laudatos</span> <span class='ocrx_word' id='word_1_27' title='bbox 897 376 1109 426; x_wconf 90' lang='lat' dir='ltr'>episcopos</span> <span class='ocrx_word' id='word_1_28' title='bbox 1141 375 1248 414; x_wconf 92' lang='lat' dir='ltr'>nulli</span> <span class='ocrx_word' id='word_1_29' title='bbox 1278 376 1494 416; x_wconf 89' lang='lat' dir='ltr'>secundus.</span> <span class='ocrx_word' id='word_1_30' title='bbox 1553 376 1725 414; x_wconf 90' lang='lat' dir='ltr'>Etenim</span> <span class='ocrx_word' id='word_1_31' title='bbox 1751 378 1798 415; x_wconf 89' lang='lat' dir='ltr'>vt</span> <span class='ocrx_word' id='word_1_32' title='bbox 1822 375 1894 414; x_wconf 89' lang='lat' dir='ltr'>ille</span> 
     </span>
     <span class='ocr_line' id='line_1_5' title="bbox 222 440 1894 491; baseline -0.001 -10"><span class='ocrx_word' id='word_1_33' title='bbox 222 461 284 491; x_wconf 80' lang='lat'>330</span> <span class='ocrx_word' id='word_1_34' title='bbox 301 443 512 482; x_wconf 83' lang='lat' dir='ltr'>doctrinae</span> <span class='ocrx_word' id='word_1_35' title='bbox 527 442 670 481; x_wconf 92' lang='lat' dir='ltr'>orbem</span> <span class='ocrx_word' id='word_1_36' title='bbox 685 441 871 480; x_wconf 91' lang='lat' dir='ltr'>numeris</span> <span class='ocrx_word' id='word_1_37' title='bbox 885 441 1081 480; x_wconf 91' lang='lat' dir='ltr'>omnibus</span> <span class='ocrx_word' id='word_1_38' title='bbox 1094 440 1333 480; x_wconf 80' lang='lat' dir='ltr'>felicissime</span> <span class='ocrx_word' id='word_1_39' title='bbox 1344 440 1534 489; x_wconf 85' lang='lat' dir='ltr'>absoluit,</span> <span class='ocrx_word' id='word_1_40' title='bbox 1553 441 1613 480; x_wconf 90' lang='lat' dir='ltr'>ita</span> <span class='ocrx_word' id='word_1_41' title='bbox 1627 443 1674 480; x_wconf 93' lang='lat' dir='ltr'>tu</span> <span class='ocrx_word' id='word_1_42' title='bbox 1688 440 1894 480; x_wconf 83' lang='lat' dir='ltr'>virtutum</span> 
     </span>
     <span class='ocr_line' id='line_1_6' title="bbox 304 506 1766 558; baseline -0.001 -12"><span class='ocrx_word' id='word_1_43' title='bbox 304 508 494 546; x_wconf 89' lang='lat' dir='ltr'>omnium</span> <span class='ocrx_word' id='word_1_44' title='bbox 513 507 809 558; x_wconf 86' lang='lat' dir='ltr'>episcopalium</span> <span class='ocrx_word' id='word_1_45' title='bbox 828 506 1030 546; x_wconf 90' lang='lat' dir='ltr'>circulum</span> <span class='ocrx_word' id='word_1_46' title='bbox 1049 508 1091 545; x_wconf 92' lang='lat' dir='ltr'>et</span> <span class='ocrx_word' id='word_1_47' title='bbox 1110 506 1371 546; x_wconf 78' lang='lat' dir='ltr'>harmoniam</span> <span class='ocrx_word' id='word_1_48' title='bbox 1391 506 1496 545; x_wconf 92' lang='lat' dir='ltr'>mire</span> <span class='ocrx_word' id='word_1_49' title='bbox 1514 506 1766 556; x_wconf 76' lang='lat' dir='ltr'>temperasti.</span> 
     </span>
     <span class='ocr_line' id='line_1_7' title="bbox 357 571 1897 623; baseline -0.001 -12"><span class='ocrx_word' id='word_1_50' title='bbox 357 572 523 611; x_wconf 82' lang='lat' dir='ltr'>Caetera</span> <span class='ocrx_word' id='word_1_51' title='bbox 545 572 711 623; x_wconf 89' lang='lat' dir='ltr'>quidem</span> <span class='ocrx_word' id='word_1_52' title='bbox 736 572 907 623; x_wconf 86' lang='lat' dir='ltr'>pulchre</span> <span class='ocrx_word' id='word_1_53' title='bbox 931 573 1176 623; x_wconf 89' lang='lat' dir='ltr'>congruunt.</span> <span class='ocrx_word' id='word_1_54' title='bbox 1236 572 1381 610; x_wconf 92' lang='lat' dir='ltr'>Vnum</span> <span class='ocrx_word' id='word_1_55' title='bbox 1399 571 1505 611; x_wconf 90' lang='lat' dir='ltr'>illud</span> <span class='ocrx_word' id='word_1_56' title='bbox 1523 585 1666 611; x_wconf 89' lang='lat' dir='ltr'>vereor</span> <span class='ocrx_word' id='word_1_57' title='bbox 1685 584 1736 609; x_wconf 90' lang='lat' dir='ltr'>ne</span> <span class='ocrx_word' id='word_1_58' title='bbox 1756 572 1897 610; x_wconf 86' lang='lat' dir='ltr'>nostra</span> 
     </span>
     <span class='ocr_line' id='line_1_8' title="bbox 303 635 1895 686; baseline -0.001 -11"><span class='ocrx_word' id='word_1_59' title='bbox 303 637 565 676; x_wconf 88' lang='lat' dir='ltr'>mediocritas</span> <span class='ocrx_word' id='word_1_60' title='bbox 584 651 670 676; x_wconf 89' lang='lat' dir='ltr'>non</span> <span class='ocrx_word' id='word_1_61' title='bbox 688 637 932 676; x_wconf 73' lang='lat' dir='ltr'>satisfecerit</span> <span class='ocrx_word' id='word_1_62' title='bbox 952 637 1019 676; x_wconf 88' lang='lat' dir='ltr'>vel</span> <span class='ocrx_word' id='word_1_63' title='bbox 1039 636 1290 686; x_wconf 88' lang='lat' dir='ltr'>Hieronymi</span> <span class='ocrx_word' id='word_1_64' title='bbox 1313 636 1510 686; x_wconf 86' lang='lat' dir='ltr'>dignitati</span> <span class='ocrx_word' id='word_1_65' title='bbox 1528 637 1597 676; x_wconf 86' lang='lat' dir='ltr'>vel</span> <span class='ocrx_word' id='word_1_66' title='bbox 1622 638 1717 675; x_wconf 89' lang='lat' dir='ltr'>tuae</span> <span class='ocrx_word' id='word_1_67' title='bbox 1736 635 1895 675; x_wconf 88' lang='lat' dir='ltr'>celsitu·</span> 
     </span>
     <span class='ocr_line' id='line_1_9' title="bbox 303 700 1895 752; baseline -0.001 -12"><span class='ocrx_word' id='word_1_68' title='bbox 303 703 403 742; x_wconf 90' lang='lat' dir='ltr'>dini.</span> <span class='ocrx_word' id='word_1_69' title='bbox 481 703 566 741; x_wconf 83' lang='lat' dir='ltr'>Neo</span> <span class='ocrx_word' id='word_1_70' title='bbox 603 703 716 742; x_wconf 89' lang='lat' dir='ltr'>enim</span> <span class='ocrx_word' id='word_1_71' title='bbox 752 715 928 752; x_wconf 88' lang='lat' dir='ltr'>vsquam</span> <span class='ocrx_word' id='word_1_72' title='bbox 958 702 1092 752; x_wconf 88' lang='lat' dir='ltr'>magis</span> <span class='ocrx_word' id='word_1_73' title='bbox 1128 701 1329 752; x_wconf 91' lang='lat' dir='ltr'>ingenioli</span> <span class='ocrx_word' id='word_1_74' title='bbox 1362 702 1448 741; x_wconf 91' lang='lat' dir='ltr'>mei</span> <span class='ocrx_word' id='word_1_75' title='bbox 1484 702 1731 741; x_wconf 87' lang='lat' dir='ltr'>tenuitatem</span> <span class='ocrx_word' id='word_1_76' title='bbox 1762 700 1895 739; x_wconf 88' lang='lat' dir='ltr'>sentio</span> 
     </span>
     <span class='ocr_line' id='line_1_10' title="bbox 223 767 1897 819; baseline -0.001 -13"><span class='ocrx_word' id='word_1_77' title='bbox 223 787 283 817; x_wconf 75' lang='lat'>535</span> <span class='ocrx_word' id='word_1_78' title='bbox 303 781 428 819; x_wconf 90' lang='lat' dir='ltr'>quam</span> <span class='ocrx_word' id='word_1_79' title='bbox 457 768 530 807; x_wconf 87' lang='lat' dir='ltr'>vbi</span> <span class='ocrx_word' id='word_1_80' title='bbox 561 768 764 807; x_wconf 86' lang='lat' dir='ltr'>contendo</span> <span class='ocrx_word' id='word_1_81' title='bbox 797 768 882 807; x_wconf 88' lang='lat' dir='ltr'>tuis</span> <span class='ocrx_word' id='word_1_82' title='bbox 914 768 1080 807; x_wconf 83' lang='lat' dir='ltr'>eximiis</span> <span class='ocrx_word' id='word_1_83' title='bbox 1113 767 1339 807; x_wconf 86' lang='lat' dir='ltr'>virtutibus</span> <span class='ocrx_word' id='word_1_84' title='bbox 1369 770 1410 806; x_wconf 89' lang='lat' dir='ltr'>et</span> <span class='ocrx_word' id='word_1_85' title='bbox 1442 767 1712 818; x_wconf 85' lang='lat' dir='ltr'>amplissimis</span> <span class='ocrx_word' id='word_1_86' title='bbox 1749 767 1793 805; x_wconf 90' lang='lat' dir='ltr'>in</span> <span class='ocrx_word' id='word_1_87' title='bbox 1830 779 1897 805; x_wconf 88' lang='lat' dir='ltr'>me</span> 
     </span>
     <span class='ocr_line' id='line_1_11' title="bbox 303 831 1897 884; baseline -0.001 -12"><span class='ocrx_word' id='word_1_88' title='bbox 303 833 467 872; x_wconf 87' lang='lat' dir='ltr'>meritis</span> <span class='ocrx_word' id='word_1_89' title='bbox 512 835 724 883; x_wconf 86' lang='lat' dir='ltr'>vtcunque</span> <span class='ocrx_word' id='word_1_90' title='bbox 764 834 1020 884; x_wconf 88' lang='lat' dir='ltr'>respondere.</span> <span class='ocrx_word' id='word_1_91' title='bbox 1101 833 1181 872; x_wconf 81' lang='lat' dir='ltr'>Sed</span> <span class='ocrx_word' id='word_1_92' title='bbox 1219 833 1317 884; x_wconf 91' lang='lat' dir='ltr'>quid</span> <span class='ocrx_word' id='word_1_93' title='bbox 1354 833 1543 881; x_wconf 87' lang='lat' dir='ltr'>facerem,</span> <span class='ocrx_word' id='word_1_94' title='bbox 1586 835 1650 872; x_wconf 90' lang='lat' dir='ltr'>tot</span> <span class='ocrx_word' id='word_1_95' title='bbox 1685 846 1731 871; x_wconf 92' lang='lat' dir='ltr'>ac</span> <span class='ocrx_word' id='word_1_96' title='bbox 1769 831 1897 871; x_wconf 83' lang='lat' dir='ltr'>tantis</span> 
     </span>
     <span class='ocr_line' id='line_1_12' title="bbox 305 896 1896 949; baseline -0.001 -13"><span class='ocrx_word' id='word_1_97' title='bbox 305 898 546 937; x_wconf 90' lang='lat' dir='ltr'>nominibus</span> <span class='ocrx_word' id='word_1_98' title='bbox 565 898 788 938; x_wconf 86' lang='lat' dir='ltr'>obstrictus</span> <span class='ocrx_word' id='word_1_99' title='bbox 800 899 881 938; x_wconf 91' lang='lat' dir='ltr'>tibi</span> <span class='ocrx_word' id='word_1_100' title='bbox 894 901 942 939; x_wconf 88' lang='lat' dir='ltr'>vt</span> <span class='ocrx_word' id='word_1_101' title='bbox 960 912 1013 938; x_wconf 91' lang='lat' dir='ltr'>ne</span> <span class='ocrx_word' id='word_1_102' title='bbox 1033 898 1180 949; x_wconf 88' lang='lat' dir='ltr'>capitis</span> <span class='ocrx_word' id='word_1_103' title='bbox 1200 899 1367 949; x_wconf 88' lang='lat' dir='ltr'>quidem</span> <span class='ocrx_word' id='word_1_104' title='bbox 1385 899 1578 938; x_wconf 80' lang='lat' dir='ltr'>auctione</span> <span class='ocrx_word' id='word_1_105' title='bbox 1595 899 1701 938; x_wconf 85' lang='lat' dir='ltr'>facta</span> <span class='ocrx_word' id='word_1_106' title='bbox 1720 899 1800 937; x_wconf 86' lang='lat' dir='ltr'>sim</span> <span class='ocrx_word' id='word_1_107' title='bbox 1819 896 1896 937; x_wconf 88' lang='lat' dir='ltr'>vlli</span> 
     </span>
     <span class='ocr_line' id='line_1_13' title="bbox 305 963 1898 1015; baseline -0.001 -12"><span class='ocrx_word' id='word_1_108' title='bbox 305 963 487 1014; x_wconf 86' lang='lat' dir='ltr'>portioni</span> <span class='ocrx_word' id='word_1_109' title='bbox 507 965 731 1003; x_wconf 88' lang='lat' dir='ltr'>soluendae</span> <span class='ocrx_word' id='word_1_110' title='bbox 752 976 826 1015; x_wconf 90' lang='lat' dir='ltr'>par</span> <span class='ocrx_word' id='word_1_111' title='bbox 847 965 1048 1004; x_wconf 81' lang='lat' dir='ltr'>futurus?</span> <span class='ocrx_word' id='word_1_112' title='bbox 1103 964 1199 1002; x_wconf 86' lang='lat' dir='ltr'>Feci</span> <span class='ocrx_word' id='word_1_113' title='bbox 1223 964 1332 1014; x_wconf 90' lang='lat' dir='ltr'>quod</span> <span class='ocrx_word' id='word_1_114' title='bbox 1356 964 1491 1003; x_wconf 88' lang='lat' dir='ltr'>solent</span> <span class='ocrx_word' id='word_1_115' title='bbox 1511 964 1593 1015; x_wconf 91' lang='lat' dir='ltr'>qui,</span> <span class='ocrx_word' id='word_1_116' title='bbox 1617 977 1712 1003; x_wconf 90' lang='lat' dir='ltr'>cum</span> <span class='ocrx_word' id='word_1_117' title='bbox 1731 975 1898 1014; x_wconf 86' lang='lat' dir='ltr'>prorsus</span> 
     </span>
     <span class='ocr_line' id='line_1_14' title="bbox 305 1028 1898 1080; baseline -0.001 -13"><span class='ocrx_word' id='word_1_118' title='bbox 305 1029 502 1068; x_wconf 88' lang='lat' dir='ltr'>soluendo</span> <span class='ocrx_word' id='word_1_119' title='bbox 531 1042 618 1068; x_wconf 89' lang='lat' dir='ltr'>non</span> <span class='ocrx_word' id='word_1_120' title='bbox 646 1029 741 1078; x_wconf 89' lang='lat' dir='ltr'>sint,</span> <span class='ocrx_word' id='word_1_121' title='bbox 773 1031 868 1069; x_wconf 85' lang='lat' dir='ltr'>data</span> <span class='ocrx_word' id='word_1_122' title='bbox 899 1029 1262 1080; x_wconf 88' lang='lat' dir='ltr'>quantulacunque</span> <span class='ocrx_word' id='word_1_123' title='bbox 1293 1030 1400 1068; x_wconf 91' lang='lat' dir='ltr'>aeris</span> <span class='ocrx_word' id='word_1_124' title='bbox 1433 1029 1622 1080; x_wconf 91' lang='lat' dir='ltr'>portione</span> <span class='ocrx_word' id='word_1_125' title='bbox 1650 1042 1736 1068; x_wconf 88' lang='lat' dir='ltr'>sese</span> <span class='ocrx_word' id='word_1_126' title='bbox 1764 1028 1898 1078; x_wconf 88' lang='lat' dir='ltr'>magis</span> 
     </span>
     <span class='ocr_line' id='line_1_15' title="bbox 226 1095 1897 1145; baseline 0 -13"><span class='ocrx_word' id='word_1_127' title='bbox 226 1112 287 1142; x_wconf 73' lang='lat'>340</span> <span class='ocrx_word' id='word_1_128' title='bbox 306 1095 431 1133; x_wconf 88' lang='lat' dir='ltr'>etiam</span> <span class='ocrx_word' id='word_1_129' title='bbox 460 1095 707 1145; x_wconf 86' lang='lat' dir='ltr'>astringunt,</span> <span class='ocrx_word' id='word_1_130' title='bbox 749 1097 790 1134; x_wconf 90' lang='lat' dir='ltr'>et</span> <span class='ocrx_word' id='word_1_131' title='bbox 827 1108 927 1145; x_wconf 84' lang='lat' dir='ltr'>rem,</span> <span class='ocrx_word' id='word_1_132' title='bbox 969 1109 1050 1134; x_wconf 91' lang='lat' dir='ltr'>non</span> <span class='ocrx_word' id='word_1_133' title='bbox 1083 1095 1284 1144; x_wconf 88' lang='lat' dir='ltr'>animum,</span> <span class='ocrx_word' id='word_1_134' title='bbox 1320 1095 1401 1134; x_wconf 89' lang='lat' dir='ltr'>sibi</span> <span class='ocrx_word' id='word_1_135' title='bbox 1433 1095 1570 1135; x_wconf 89' lang='lat' dir='ltr'>deesse</span> <span class='ocrx_word' id='word_1_136' title='bbox 1607 1095 1897 1142; x_wconf 86' lang='lat' dir='ltr'>testificantur,</span> 
     </span>
     <span class='ocr_line' id='line_1_16' title="bbox 307 1160 1900 1211; baseline 0 -14"><span class='ocrx_word' id='word_1_137' title='bbox 307 1160 441 1198; x_wconf 86' lang='lat' dir='ltr'>malae</span> <span class='ocrx_word' id='word_1_138' title='bbox 463 1160 653 1200; x_wconf 86' lang='lat' dir='ltr'>fortunae</span> <span class='ocrx_word' id='word_1_139' title='bbox 682 1160 823 1211; x_wconf 91' lang='lat' dir='ltr'>potius</span> <span class='ocrx_word' id='word_1_140' title='bbox 848 1174 974 1211; x_wconf 90' lang='lat' dir='ltr'>quam</span> <span class='ocrx_word' id='word_1_141' title='bbox 997 1161 1129 1200; x_wconf 83' lang='lat' dir='ltr'>malae</span> <span class='ocrx_word' id='word_1_142' title='bbox 1153 1161 1251 1199; x_wconf 92' lang='lat' dir='ltr'>fidei</span> <span class='ocrx_word' id='word_1_143' title='bbox 1276 1161 1492 1208; x_wconf 88' lang='lat' dir='ltr'>debitores,</span> <span class='ocrx_word' id='word_1_144' title='bbox 1513 1163 1555 1199; x_wconf 90' lang='lat' dir='ltr'>et</span> <span class='ocrx_word' id='word_1_145' title='bbox 1579 1160 1632 1199; x_wconf 91' lang='lat' dir='ltr'>ob</span> <span class='ocrx_word' id='word_1_146' title='bbox 1657 1160 1735 1199; x_wconf 92' lang='lat' dir='ltr'>hoc</span> <span class='ocrx_word' id='word_1_147' title='bbox 1760 1160 1900 1210; x_wconf 88' lang='lat' dir='ltr'>ipsum</span> 
     </span>
     <span class='ocr_line' id='line_1_17' title="bbox 304 1224 1895 1277; baseline 0.001 -15"><span class='ocrx_word' id='word_1_148' title='bbox 304 1225 489 1263; x_wconf 90' lang='lat' dir='ltr'>iudicum</span> <span class='ocrx_word' id='word_1_149' title='bbox 508 1226 692 1264; x_wconf 84' lang='lat' dir='ltr'>fauorem</span> <span class='ocrx_word' id='word_1_150' title='bbox 707 1226 878 1264; x_wconf 85' lang='lat' dir='ltr'>emereri</span> <span class='ocrx_word' id='word_1_151' title='bbox 897 1226 1022 1274; x_wconf 84' lang='lat' dir='ltr'>soliti,</span> <span class='ocrx_word' id='word_1_152' title='bbox 1041 1226 1150 1277; x_wconf 89' lang='lat' dir='ltr'>quod</span> <span class='ocrx_word' id='word_1_153' title='bbox 1169 1226 1310 1265; x_wconf 89' lang='lat' dir='ltr'>miseri</span> <span class='ocrx_word' id='word_1_154' title='bbox 1330 1227 1416 1265; x_wconf 88' lang='lat' dir='ltr'>sint</span> <span class='ocrx_word' id='word_1_155' title='bbox 1431 1226 1570 1266; x_wconf 87' lang='lat' dir='ltr'>verius</span> <span class='ocrx_word' id='word_1_156' title='bbox 1586 1238 1711 1276; x_wconf 89' lang='lat' dir='ltr'>quam</span> <span class='ocrx_word' id='word_1_157' title='bbox 1730 1224 1895 1275; x_wconf 85' lang='lat' dir='ltr'>ingrati.</span> 
     </span>
     <span class='ocr_line' id='line_1_18' title="bbox 308 1290 1902 1342; baseline -0.001 -13"><span class='ocrx_word' id='word_1_158' title='bbox 308 1292 449 1341; x_wconf 87' lang='lat' dir='ltr'>Atque</span> <span class='ocrx_word' id='word_1_159' title='bbox 467 1291 512 1329; x_wconf 91' lang='lat' dir='ltr'>in</span> <span class='ocrx_word' id='word_1_160' title='bbox 537 1291 615 1330; x_wconf 89' lang='lat' dir='ltr'>hoc</span> <span class='ocrx_word' id='word_1_161' title='bbox 639 1304 738 1330; x_wconf 89' lang='lat' dir='ltr'>sane</span> <span class='ocrx_word' id='word_1_162' title='bbox 763 1305 910 1342; x_wconf 86' lang='lat' dir='ltr'>genere</span> <span class='ocrx_word' id='word_1_163' title='bbox 935 1305 1075 1330; x_wconf 87' lang='lat' dir='ltr'>rerum</span> <span class='ocrx_word' id='word_1_164' title='bbox 1098 1305 1182 1331; x_wconf 87' lang='lat' dir='ltr'>vna</span> <span class='ocrx_word' id='word_1_165' title='bbox 1205 1294 1267 1330; x_wconf 88' lang='lat' dir='ltr'>est</span> <span class='ocrx_word' id='word_1_166' title='bbox 1291 1292 1525 1330; x_wconf 86' lang='lat' dir='ltr'>referendae</span> <span class='ocrx_word' id='word_1_167' title='bbox 1549 1291 1701 1342; x_wconf 87' lang='lat' dir='ltr'>gratiae</span> <span class='ocrx_word' id='word_1_168' title='bbox 1727 1290 1843 1337; x_wconf 87' lang='lat' dir='ltr'>ratio,</span> <span class='ocrx_word' id='word_1_169' title='bbox 1866 1290 1902 1328; x_wconf 90' lang='lat' dir='ltr'>si</span> 
     </span>
     <span class='ocr_line' id='line_1_19' title="bbox 306 1356 1901 1408; baseline 0 -15"><span class='ocrx_word' id='word_1_170' title='bbox 306 1356 397 1405; x_wconf 86' lang='lat' dir='ltr'>quis</span> <span class='ocrx_word' id='word_1_171' title='bbox 427 1356 608 1405; x_wconf 88' lang='lat' dir='ltr'>ingenue</span> <span class='ocrx_word' id='word_1_172' title='bbox 636 1356 895 1406; x_wconf 84' lang='lat' dir='ltr'>libenterque</span> <span class='ocrx_word' id='word_1_173' title='bbox 928 1357 1083 1405; x_wconf 89' lang='lat' dir='ltr'>debeat,</span> <span class='ocrx_word' id='word_1_174' title='bbox 1107 1358 1148 1395; x_wconf 93' lang='lat' dir='ltr'>et</span> <span class='ocrx_word' id='word_1_175' title='bbox 1180 1369 1398 1408; x_wconf 87' lang='lat' dir='ltr'>agnoscere</span> <span class='ocrx_word' id='word_1_176' title='bbox 1431 1357 1677 1395; x_wconf 91' lang='lat' dir='ltr'>creditorem</span> <span class='ocrx_word' id='word_1_177' title='bbox 1709 1369 1758 1394; x_wconf 84' lang='lat' dir='ltr'>ex</span> <span class='ocrx_word' id='word_1_178' title='bbox 1787 1356 1901 1405; x_wconf 84' lang='lat' dir='ltr'>parte</span> 
     </span>
     <span class='ocr_line' id='line_1_20' title="bbox 227 1421 1900 1472; baseline 0 -13"><span class='ocrx_word' id='word_1_179' title='bbox 227 1437 287 1468; x_wconf 74' lang='lat'>345</span> <span class='ocrx_word' id='word_1_180' title='bbox 309 1421 498 1460; x_wconf 87' lang='lat' dir='ltr'>retulisse</span> <span class='ocrx_word' id='word_1_181' title='bbox 523 1424 597 1460; x_wconf 84' lang='lat' dir='ltr'>est.</span> <span class='ocrx_word' id='word_1_182' title='bbox 653 1422 747 1460; x_wconf 91' lang='lat' dir='ltr'>Imo</span> <span class='ocrx_word' id='word_1_183' title='bbox 765 1424 812 1461; x_wconf 84' lang='lat' dir='ltr'>vt</span> <span class='ocrx_word' id='word_1_184' title='bbox 839 1422 949 1472; x_wconf 88' lang='lat' dir='ltr'>quod</span> <span class='ocrx_word' id='word_1_185' title='bbox 976 1422 1155 1460; x_wconf 88' lang='lat' dir='ltr'>similius</span> <span class='ocrx_word' id='word_1_186' title='bbox 1180 1425 1243 1461; x_wconf 88' lang='lat' dir='ltr'>est</span> <span class='ocrx_word' id='word_1_187' title='bbox 1268 1422 1489 1471; x_wconf 89' lang='lat' dir='ltr'>conferam,</span> <span class='ocrx_word' id='word_1_188' title='bbox 1512 1435 1654 1460; x_wconf 90' lang='lat' dir='ltr'>eorum</span> <span class='ocrx_word' id='word_1_189' title='bbox 1681 1421 1900 1460; x_wconf 88' lang='lat' dir='ltr'>consilium</span> 
     </span>
     <span class='ocr_line' id='line_1_21' title="bbox 308 1485 1900 1538; baseline -0.001 -13"><span class='ocrx_word' id='word_1_190' title='bbox 308 1489 473 1525; x_wconf 87' lang='lat' dir='ltr'>secutus</span> <span class='ocrx_word' id='word_1_191' title='bbox 514 1487 586 1537; x_wconf 92' lang='lat' dir='ltr'>qui</span> <span class='ocrx_word' id='word_1_192' title='bbox 623 1487 788 1526; x_wconf 89' lang='lat' dir='ltr'>malunt</span> <span class='ocrx_word' id='word_1_193' title='bbox 825 1500 1038 1526; x_wconf 88' lang='lat' dir='ltr'>versuram</span> <span class='ocrx_word' id='word_1_194' title='bbox 1076 1488 1209 1526; x_wconf 86' lang='lat' dir='ltr'>facere</span> <span class='ocrx_word' id='word_1_195' title='bbox 1256 1501 1380 1538; x_wconf 91' lang='lat' dir='ltr'>quam</span> <span class='ocrx_word' id='word_1_196' title='bbox 1425 1488 1470 1526; x_wconf 93' lang='lat' dir='ltr'>in</span> <span class='ocrx_word' id='word_1_197' title='bbox 1512 1500 1689 1525; x_wconf 92' lang='lat' dir='ltr'>neruum</span> <span class='ocrx_word' id='word_1_198' title='bbox 1737 1486 1808 1535; x_wconf 89' lang='lat' dir='ltr'>ire,</span> <span class='ocrx_word' id='word_1_199' title='bbox 1849 1485 1900 1524; x_wconf 90' lang='lat' dir='ltr'>ab</span> 
     </span>
     <span class='ocr_line' id='line_1_22' title="bbox 309 1551 1900 1603; baseline -0.003 -11"><span class='ocrx_word' id='word_1_200' title='bbox 309 1551 569 1601; x_wconf 89' lang='lat' dir='ltr'>Hieronymo</span> <span class='ocrx_word' id='word_1_201' title='bbox 588 1552 748 1602; x_wconf 90' lang='lat' dir='ltr'>sumpsi</span> <span class='ocrx_word' id='word_1_202' title='bbox 767 1554 964 1590; x_wconf 88' lang='lat' dir='ltr'>mutuum</span> <span class='ocrx_word' id='word_1_203' title='bbox 990 1553 1097 1602; x_wconf 90' lang='lat' dir='ltr'>quod</span> <span class='ocrx_word' id='word_1_204' title='bbox 1119 1552 1198 1591; x_wconf 90' lang='lat' dir='ltr'>tibi</span> <span class='ocrx_word' id='word_1_205' title='bbox 1218 1553 1507 1603; x_wconf 89' lang='lat' dir='ltr'>dependerem.</span> <span class='ocrx_word' id='word_1_206' title='bbox 1562 1552 1809 1602; x_wconf 80' lang='lat' dir='ltr'>Quanquam</span> <span class='ocrx_word' id='word_1_207' title='bbox 1827 1563 1900 1589; x_wconf 90' lang='lat' dir='ltr'>cur</span> 
     </span>
     <span class='ocr_line' id='line_1_23' title="bbox 306 1616 1903 1667; baseline 0 -13"><span class='ocrx_word' id='word_1_208' title='bbox 306 1617 349 1655; x_wconf 92' lang='lat' dir='ltr'>id</span> <span class='ocrx_word' id='word_1_209' title='bbox 378 1616 461 1655; x_wconf 86' lang='lat' dir='ltr'>iam</span> <span class='ocrx_word' id='word_1_210' title='bbox 490 1619 688 1655; x_wconf 88' lang='lat' dir='ltr'>mutuum</span> <span class='ocrx_word' id='word_1_211' title='bbox 715 1617 906 1656; x_wconf 88' lang='lat' dir='ltr'>videatur</span> <span class='ocrx_word' id='word_1_212' title='bbox 933 1631 978 1656; x_wconf 90' lang='lat' dir='ltr'>ac</span> <span class='ocrx_word' id='word_1_213' title='bbox 1008 1631 1092 1656; x_wconf 90' lang='lat' dir='ltr'>non</span> <span class='ocrx_word' id='word_1_214' title='bbox 1126 1618 1267 1667; x_wconf 91' lang='lat' dir='ltr'>potius</span> <span class='ocrx_word' id='word_1_215' title='bbox 1295 1619 1473 1656; x_wconf 80' lang='lat' dir='ltr'>meum?</span> <span class='ocrx_word' id='word_1_216' title='bbox 1516 1631 1615 1656; x_wconf 90' lang='lat' dir='ltr'>nam</span> <span class='ocrx_word' id='word_1_217' title='bbox 1645 1617 1803 1655; x_wconf 88' lang='lat' dir='ltr'>multae</span> <span class='ocrx_word' id='word_1_218' title='bbox 1837 1627 1903 1654; x_wconf 86' lang='lat' dir='ltr'>res</span> 
     </span>
     <span class='ocr_line' id='line_1_24' title="bbox 310 1681 1898 1733; baseline -0.001 -13"><span class='ocrx_word' id='word_1_219' title='bbox 310 1681 389 1720; x_wconf 89' lang='lat' dir='ltr'>soli</span> <span class='ocrx_word' id='word_1_220' title='bbox 416 1681 485 1721; x_wconf 88' lang='lat' dir='ltr'>vel</span> <span class='ocrx_word' id='word_1_221' title='bbox 517 1683 780 1731; x_wconf 87' lang='lat' dir='ltr'>occupatione</span> <span class='ocrx_word' id='word_1_222' title='bbox 813 1683 880 1721; x_wconf 87' lang='lat' dir='ltr'>vel</span> <span class='ocrx_word' id='word_1_223' title='bbox 917 1683 1235 1733; x_wconf 87' lang='lat' dir='ltr'>praescriptione</span> <span class='ocrx_word' id='word_1_224' title='bbox 1270 1684 1506 1733; x_wconf 87' lang='lat' dir='ltr'>demigrant</span> <span class='ocrx_word' id='word_1_225' title='bbox 1530 1683 1575 1721; x_wconf 92' lang='lat' dir='ltr'>in</span> <span class='ocrx_word' id='word_1_226' title='bbox 1602 1682 1667 1721; x_wconf 90' lang='lat' dir='ltr'>ius</span> <span class='ocrx_word' id='word_1_227' title='bbox 1700 1682 1898 1721; x_wconf 89' lang='lat' dir='ltr'>alienum.</span> 
     </span>
     <span class='ocr_line' id='line_1_25' title="bbox 227 1746 1903 1799; baseline 0 -15"><span class='ocrx_word' id='word_1_228' title='bbox 227 1764 290 1794; x_wconf 73' lang='lat'>350</span> <span class='ocrx_word' id='word_1_229' title='bbox 308 1746 527 1785; x_wconf 86' lang='lat' dir='ltr'>Caeterum</span> <span class='ocrx_word' id='word_1_230' title='bbox 553 1747 597 1785; x_wconf 90' lang='lat' dir='ltr'>in</span> <span class='ocrx_word' id='word_1_231' title='bbox 620 1748 697 1786; x_wconf 92' lang='lat' dir='ltr'>hoc</span> <span class='ocrx_word' id='word_1_232' title='bbox 723 1761 864 1786; x_wconf 89' lang='lat' dir='ltr'>rerum</span> <span class='ocrx_word' id='word_1_233' title='bbox 891 1762 1038 1799; x_wconf 87' lang='lat' dir='ltr'>genere</span> <span class='ocrx_word' id='word_1_234' title='bbox 1058 1748 1344 1798; x_wconf 87' lang='lat' dir='ltr'>Hieronymus</span> <span class='ocrx_word' id='word_1_235' title='bbox 1371 1748 1459 1799; x_wconf 89' lang='lat' dir='ltr'>ipse</span> <span class='ocrx_word' id='word_1_236' title='bbox 1485 1748 1606 1787; x_wconf 86' lang='lat' dir='ltr'>nobis</span> <span class='ocrx_word' id='word_1_237' title='bbox 1631 1748 1767 1798; x_wconf 88' lang='lat' dir='ltr'>legem</span> <span class='ocrx_word' id='word_1_238' title='bbox 1793 1759 1903 1796; x_wconf 92' lang='lat' dir='ltr'>prae-</span> 
     </span>
     <span class='ocr_line' id='line_1_26' title="bbox 308 1812 1902 1864; baseline 0.001 -15"><span class='ocrx_word' id='word_1_239' title='bbox 308 1812 483 1862; x_wconf 85' lang='lat' dir='ltr'>scripsit,</span> <span class='ocrx_word' id='word_1_240' title='bbox 517 1812 563 1850; x_wconf 89' lang='lat' dir='ltr'>in</span> <span class='ocrx_word' id='word_1_241' title='bbox 595 1825 642 1851; x_wconf 88' lang='lat' dir='ltr'>ca</span> <span class='ocrx_word' id='word_1_242' title='bbox 674 1813 927 1862; x_wconf 85' lang='lat' dir='ltr'>praefatione</span> <span class='ocrx_word' id='word_1_243' title='bbox 959 1827 1086 1863; x_wconf 91' lang='lat' dir='ltr'>quam</span> <span class='ocrx_word' id='word_1_244' title='bbox 1117 1813 1236 1852; x_wconf 88' lang='lat' dir='ltr'>libris</span> <span class='ocrx_word' id='word_1_245' title='bbox 1269 1814 1432 1864; x_wconf 86' lang='lat' dir='ltr'>Regum</span> <span class='ocrx_word' id='word_1_246' title='bbox 1464 1812 1715 1863; x_wconf 81' lang='lat' dir='ltr'>praeposuit,</span> <span class='ocrx_word' id='word_1_247' title='bbox 1748 1813 1902 1851; x_wconf 90' lang='lat' dir='ltr'>iterum</span> 
     </span>
     <span class='ocr_line' id='line_1_27' title="bbox 307 1877 1903 1929; baseline 0 -14"><span class='ocrx_word' id='word_1_248' title='bbox 307 1879 430 1926; x_wconf 88' lang='lat' dir='ltr'>atque</span> <span class='ocrx_word' id='word_1_249' title='bbox 462 1878 616 1916; x_wconf 90' lang='lat' dir='ltr'>iterum</span> <span class='ocrx_word' id='word_1_250' title='bbox 648 1877 753 1917; x_wconf 91' lang='lat' dir='ltr'>illud</span> <span class='ocrx_word' id='word_1_251' title='bbox 783 1891 887 1929; x_wconf 91' lang='lat' dir='ltr'>opus</span> <span class='ocrx_word' id='word_1_252' title='bbox 922 1891 1046 1917; x_wconf 90' lang='lat' dir='ltr'>suum</span> <span class='ocrx_word' id='word_1_253' title='bbox 1076 1879 1289 1929; x_wconf 88' lang='lat' dir='ltr'>appellans</span> <span class='ocrx_word' id='word_1_254' title='bbox 1319 1879 1536 1928; x_wconf 90' lang='lat' dir='ltr'>propterea</span> <span class='ocrx_word' id='word_1_255' title='bbox 1567 1879 1676 1928; x_wconf 93' lang='lat' dir='ltr'>quod</span> <span class='ocrx_word' id='word_1_256' title='bbox 1707 1877 1903 1928; x_wconf 89' lang='lat' dir='ltr'>quicquid</span> 
     </span>
     <span class='ocr_line' id='line_1_28' title="bbox 310 1942 1904 1994; baseline 0 -14"><span class='ocrx_word' id='word_1_257' title='bbox 310 1943 561 1993; x_wconf 86' lang='lat' dir='ltr'>corrigendo,</span> <span class='ocrx_word' id='word_1_258' title='bbox 598 1943 770 1993; x_wconf 88' lang='lat' dir='ltr'>legendo</span> <span class='ocrx_word' id='word_1_259' title='bbox 804 1944 1023 1994; x_wconf 87' lang='lat' dir='ltr'>crebroque</span> <span class='ocrx_word' id='word_1_260' title='bbox 1060 1944 1263 1983; x_wconf 87' lang='lat' dir='ltr'>versando</span> <span class='ocrx_word' id='word_1_261' title='bbox 1301 1946 1491 1983; x_wconf 88' lang='lat' dir='ltr'>nostrum</span> <span class='ocrx_word' id='word_1_262' title='bbox 1524 1943 1709 1992; x_wconf 87' lang='lat' dir='ltr'>fecimus,</span> <span class='ocrx_word' id='word_1_263' title='bbox 1738 1943 1782 1982; x_wconf 88' lang='lat' dir='ltr'>id</span> <span class='ocrx_word' id='word_1_264' title='bbox 1815 1942 1904 1981; x_wconf 89' lang='lat' dir='ltr'>iure</span> 
     </span>
     <span class='ocr_line' id='line_1_29' title="bbox 311 2007 1903 2060; baseline 0 -15"><span class='ocrx_word' id='word_1_265' title='bbox 311 2007 432 2046; x_wconf 89' lang='lat' dir='ltr'>nobis</span> <span class='ocrx_word' id='word_1_266' title='bbox 455 2008 725 2047; x_wconf 87' lang='lat' dir='ltr'>vindicamus.</span> <span class='ocrx_word' id='word_1_267' title='bbox 787 2008 877 2048; x_wconf 87' lang='lat' dir='ltr'>Hac</span> <span class='ocrx_word' id='word_1_268' title='bbox 903 2010 992 2059; x_wconf 90' lang='lat' dir='ltr'>lege</span> <span class='ocrx_word' id='word_1_269' title='bbox 1018 2022 1091 2048; x_wconf 89' lang='lat' dir='ltr'>cur</span> <span class='ocrx_word' id='word_1_270' title='bbox 1115 2023 1200 2048; x_wconf 92' lang='lat' dir='ltr'>non</span> <span class='ocrx_word' id='word_1_271' title='bbox 1226 2011 1268 2047; x_wconf 91' lang='lat' dir='ltr'>et</span> <span class='ocrx_word' id='word_1_272' title='bbox 1290 2009 1378 2060; x_wconf 90' lang='lat' dir='ltr'>ipse</span> <span class='ocrx_word' id='word_1_273' title='bbox 1401 2010 1506 2048; x_wconf 92' lang='lat' dir='ltr'>mihi</span> <span class='ocrx_word' id='word_1_274' title='bbox 1533 2009 1598 2048; x_wconf 92' lang='lat' dir='ltr'>ius</span> <span class='ocrx_word' id='word_1_275' title='bbox 1624 2009 1833 2048; x_wconf 89' lang='lat' dir='ltr'>vindicem</span> <span class='ocrx_word' id='word_1_276' title='bbox 1858 2007 1903 2045; x_wconf 90' lang='lat' dir='ltr'>in</span> 
     </span>
     <span class='ocr_line' id='line_1_30' title="bbox 229 2071 1904 2124; baseline 0 -14"><span class='ocrx_word' id='word_1_277' title='bbox 229 2086 289 2118; x_wconf 74' lang='lat'>355</span> <span class='ocrx_word' id='word_1_278' title='bbox 312 2071 656 2123; x_wconf 89' lang='lat' dir='ltr'>Hieronymianis</span> <span class='ocrx_word' id='word_1_279' title='bbox 683 2074 811 2122; x_wconf 90' lang='lat' dir='ltr'>libris,</span> <span class='ocrx_word' id='word_1_280' title='bbox 846 2088 948 2124; x_wconf 93' lang='lat' dir='ltr'>quos</span> <span class='ocrx_word' id='word_1_281' title='bbox 976 2076 1038 2113; x_wconf 82' lang='lat' dir='ltr'>tot</span> <span class='ocrx_word' id='word_1_282' title='bbox 1067 2075 1152 2113; x_wconf 92' lang='lat' dir='ltr'>iam</span> <span class='ocrx_word' id='word_1_283' title='bbox 1183 2075 1358 2113; x_wconf 90' lang='lat' dir='ltr'>saeculis</span> <span class='ocrx_word' id='word_1_284' title='bbox 1389 2088 1463 2124; x_wconf 92' lang='lat' dir='ltr'>pro</span> <span class='ocrx_word' id='word_1_285' title='bbox 1497 2074 1705 2113; x_wconf 87' lang='lat' dir='ltr'>derelictis</span> <span class='ocrx_word' id='word_1_286' title='bbox 1738 2073 1904 2112; x_wconf 83' lang='lat' dir='ltr'>habitos</span> 
     </span>
     <span class='ocr_line' id='line_1_31' title="bbox 311 2137 1904 2189; baseline 0.001 -14"><span class='ocrx_word' id='word_1_287' title='bbox 311 2137 427 2176; x_wconf 89' lang='lat' dir='ltr'>velut</span> <span class='ocrx_word' id='word_1_288' title='bbox 447 2138 489 2176; x_wconf 92' lang='lat' dir='ltr'>in</span> <span class='ocrx_word' id='word_1_289' title='bbox 510 2150 688 2177; x_wconf 88' lang='lat' dir='ltr'>vacuum</span> <span class='ocrx_word' id='word_1_290' title='bbox 706 2139 880 2178; x_wconf 89' lang='lat' dir='ltr'>veniens</span> <span class='ocrx_word' id='word_1_291' title='bbox 902 2153 986 2178; x_wconf 88' lang='lat' dir='ltr'>non</span> <span class='ocrx_word' id='word_1_292' title='bbox 1010 2141 1280 2179; x_wconf 87' lang='lat' dir='ltr'>aestimandis</span> <span class='ocrx_word' id='word_1_293' title='bbox 1299 2140 1518 2179; x_wconf 91' lang='lat' dir='ltr'>sudoribus</span> <span class='ocrx_word' id='word_1_294' title='bbox 1537 2153 1656 2179; x_wconf 88' lang='lat' dir='ltr'>verae</span> <span class='ocrx_word' id='word_1_295' title='bbox 1675 2138 1904 2189; x_wconf 85' lang='lat' dir='ltr'>theologiae</span> 
     </span>
     <span class='ocr_line' id='line_1_32' title="bbox 310 2203 717 2243; baseline 0.007 -3"><span class='ocrx_word' id='word_1_296' title='bbox 310 2203 507 2241; x_wconf 88' lang='lat' dir='ltr'>studiosis</span> <span class='ocrx_word' id='word_1_297' title='bbox 527 2204 682 2243; x_wconf 89' lang='lat' dir='ltr'>asserui</span> <span class='ocrx_word' id='word_1_298' title='bbox 697 2206 717 2243; x_wconf 80' lang='lat'>⁶?</span> 
     </span>
     <span class='ocr_line' id='line_1_33' title="bbox 364 2269 1904 2321; baseline 0.001 -15"><span class='ocrx_word' id='word_1_299' title='bbox 364 2269 553 2307; x_wconf 91' lang='lat' dir='ltr'>Aureum</span> <span class='ocrx_word' id='word_1_300' title='bbox 567 2270 724 2308; x_wconf 89' lang='lat' dir='ltr'>fiumen</span> <span class='ocrx_word' id='word_1_301' title='bbox 736 2270 870 2319; x_wconf 87' lang='lat' dir='ltr'>habet,</span> <span class='ocrx_word' id='word_1_302' title='bbox 886 2270 1255 2321; x_wconf 87' lang='lat' dir='ltr'>locupletissimam</span> <span class='ocrx_word' id='word_1_303' title='bbox 1270 2269 1564 2310; x_wconf 86' lang='lat' dir='ltr'>bibliothecam</span> <span class='ocrx_word' id='word_1_304' title='bbox 1578 2270 1703 2309; x_wconf 86' lang='lat' dir='ltr'>habet</span> <span class='ocrx_word' id='word_1_305' title='bbox 1718 2269 1904 2320; x_wconf 91' lang='lat' dir='ltr'>quisquis</span> 
     </span>
     <span class='ocr_line' id='line_1_34' title="bbox 311 2334 1904 2387; baseline 0.001 -15"><span class='ocrx_word' id='word_1_306' title='bbox 311 2347 442 2372; x_wconf 88' lang='lat' dir='ltr'>vnum</span> <span class='ocrx_word' id='word_1_307' title='bbox 470 2334 594 2373; x_wconf 90' lang='lat' dir='ltr'>habet</span> <span class='ocrx_word' id='word_1_308' title='bbox 624 2335 946 2386; x_wconf 87' lang='lat' dir='ltr'>Hieronymum.</span> <span class='ocrx_word' id='word_1_309' title='bbox 1018 2338 1156 2387; x_wconf 92' lang='lat' dir='ltr'>Atque</span> <span class='ocrx_word' id='word_1_310' title='bbox 1181 2337 1292 2375; x_wconf 92' lang='lat' dir='ltr'>hunc</span> <span class='ocrx_word' id='word_1_311' title='bbox 1319 2349 1485 2374; x_wconf 89' lang='lat' dir='ltr'>rursum</span> <span class='ocrx_word' id='word_1_312' title='bbox 1514 2349 1599 2374; x_wconf 91' lang='lat' dir='ltr'>non</span> <span class='ocrx_word' id='word_1_313' title='bbox 1628 2336 1764 2384; x_wconf 88' lang='lat' dir='ltr'>habet,</span> <span class='ocrx_word' id='word_1_314' title='bbox 1795 2334 1904 2386; x_wconf 84' lang='lat' dir='ltr'>quis·</span> 
     </span>
     <span class='ocr_line' id='line_1_35' title="bbox 232 2399 1905 2451; baseline 0.001 -15"><span class='ocrx_word' id='word_1_315' title='bbox 232 2404 293 2444; x_wconf 78' lang='lat'>360</span> <span class='ocrx_word' id='word_1_316' title='bbox 315 2399 407 2449; x_wconf 88' lang='lat' dir='ltr'>quis</span> <span class='ocrx_word' id='word_1_317' title='bbox 425 2399 551 2438; x_wconf 90' lang='lat' dir='ltr'>habet</span> <span class='ocrx_word' id='word_1_318' title='bbox 569 2400 802 2439; x_wconf 91' lang='lat' dir='ltr'>cuiusmodi</span> <span class='ocrx_word' id='word_1_319' title='bbox 821 2401 1029 2440; x_wconf 86' lang='lat' dir='ltr'>ferebatur</span> <span class='ocrx_word' id='word_1_320' title='bbox 1042 2402 1215 2440; x_wconf 87' lang='lat' dir='ltr'>antehac</span> <span class='ocrx_word' id='word_1_321' title='bbox 1229 2402 1494 2451; x_wconf 89' lang='lat' dir='ltr'>vndiquaque</span> <span class='ocrx_word' id='word_1_322' title='bbox 1514 2401 1733 2439; x_wconf 88' lang='lat' dir='ltr'>confusum</span> <span class='ocrx_word' id='word_1_323' title='bbox 1753 2402 1796 2439; x_wconf 90' lang='lat' dir='ltr'>et</span> <span class='ocrx_word' id='word_1_324' title='bbox 1814 2413 1905 2439; x_wconf 81' lang='lat' dir='ltr'>con-</span> 
     </span>
     <span class='ocr_line' id='line_1_36' title="bbox 313 2465 1903 2516; baseline 0.001 -13"><span class='ocrx_word' id='word_1_325' title='bbox 313 2465 575 2504; x_wconf 89' lang='lat' dir='ltr'>taminatum.</span> <span class='ocrx_word' id='word_1_326' title='bbox 650 2466 744 2505; x_wconf 88' lang='lat' dir='ltr'>Non</span> <span class='ocrx_word' id='word_1_327' title='bbox 776 2466 884 2516; x_wconf 88' lang='lat' dir='ltr'>quod</span> <span class='ocrx_word' id='word_1_328' title='bbox 919 2467 1055 2505; x_wconf 89' lang='lat' dir='ltr'>ausim</span> <span class='ocrx_word' id='word_1_329' title='bbox 1088 2468 1332 2505; x_wconf 85' lang='lat' dir='ltr'>confirmare</span> <span class='ocrx_word' id='word_1_330' title='bbox 1363 2466 1473 2505; x_wconf 91' lang='lat' dir='ltr'>nihil</span> <span class='ocrx_word' id='word_1_331' title='bbox 1507 2479 1682 2516; x_wconf 90' lang='lat' dir='ltr'>vsquam</span> <span class='ocrx_word' id='word_1_332' title='bbox 1713 2467 1903 2505; x_wconf 89' lang='lat' dir='ltr'>veterum</span> 
     </span>
     <span class='ocr_line' id='line_1_37' title="bbox 313 2530 1901 2582; baseline 0.001 -14"><span class='ocrx_word' id='word_1_333' title='bbox 313 2530 569 2580; x_wconf 87' lang='lat' dir='ltr'>mendarum,</span> <span class='ocrx_word' id='word_1_334' title='bbox 617 2531 696 2570; x_wconf 90' lang='lat' dir='ltr'>hoc</span> <span class='ocrx_word' id='word_1_335' title='bbox 742 2534 806 2570; x_wconf 89' lang='lat' dir='ltr'>est</span> <span class='ocrx_word' id='word_1_336' title='bbox 858 2531 974 2571; x_wconf 90' lang='lat' dir='ltr'>nulla</span> <span class='ocrx_word' id='word_1_337' title='bbox 1024 2532 1223 2582; x_wconf 89' lang='lat' dir='ltr'>pristinae</span> <span class='ocrx_word' id='word_1_338' title='bbox 1283 2532 1427 2571; x_wconf 88' lang='lat' dir='ltr'>ruinae</span> <span class='ocrx_word' id='word_1_339' title='bbox 1474 2532 1648 2582; x_wconf 84' lang='lat' dir='ltr'>vestigia</span> <span class='ocrx_word' id='word_1_340' title='bbox 1697 2532 1901 2570; x_wconf 87' lang='lat' dir='ltr'>residere:</span> 
     </span>
     <span class='ocr_line' id='line_1_38' title="bbox 311 2596 1904 2648; baseline 0 -14"><span class='ocrx_word' id='word_1_341' title='bbox 311 2596 420 2646; x_wconf 86' lang='lat' dir='ltr'>quod</span> <span class='ocrx_word' id='word_1_342' title='bbox 439 2596 550 2636; x_wconf 88' lang='lat' dir='ltr'>haud</span> <span class='ocrx_word' id='word_1_343' title='bbox 570 2598 654 2636; x_wconf 87' lang='lat' dir='ltr'>scio</span> <span class='ocrx_word' id='word_1_344' title='bbox 673 2610 726 2636; x_wconf 90' lang='lat' dir='ltr'>an</span> <span class='ocrx_word' id='word_1_345' title='bbox 746 2597 832 2647; x_wconf 88' lang='lat' dir='ltr'>ipse</span> <span class='ocrx_word' id='word_1_346' title='bbox 847 2599 1051 2648; x_wconf 88' lang='lat' dir='ltr'>praestare</span> <span class='ocrx_word' id='word_1_347' title='bbox 1080 2600 1202 2647; x_wconf 92' lang='lat' dir='ltr'>queat</span> <span class='ocrx_word' id='word_1_348' title='bbox 1228 2597 1528 2648; x_wconf 90' lang='lat' dir='ltr'>Hieronymus,</span> <span class='ocrx_word' id='word_1_349' title='bbox 1551 2598 1634 2636; x_wconf 90' lang='lat' dir='ltr'>nisi</span> <span class='ocrx_word' id='word_1_350' title='bbox 1658 2596 1904 2647; x_wconf 86' lang='lat' dir='ltr'>contingant</span> 
     </span>
     <span class='ocr_line' id='line_1_39' title="bbox 313 2660 1954 2713; baseline 0 -13"><span class='ocrx_word' id='word_1_351' title='bbox 313 2662 562 2712; x_wconf 82' lang='lat' dir='ltr'>exemplaria</span> <span class='ocrx_word' id='word_1_352' title='bbox 599 2662 860 2713; x_wconf 88' lang='lat' dir='ltr'>castigatiora</span> <span class='ocrx_word' id='word_1_353' title='bbox 903 2676 1031 2713; x_wconf 88' lang='lat' dir='ltr'>quam</span> <span class='ocrx_word' id='word_1_354' title='bbox 1073 2662 1193 2702; x_wconf 87' lang='lat' dir='ltr'>nobis</span> <span class='ocrx_word' id='word_1_355' title='bbox 1229 2663 1363 2702; x_wconf 89' lang='lat' dir='ltr'>adhuc</span> <span class='ocrx_word' id='word_1_356' title='bbox 1401 2662 1551 2702; x_wconf 86' lang='lat' dir='ltr'>habere</span> <span class='ocrx_word' id='word_1_357' title='bbox 1588 2663 1719 2702; x_wconf 87' lang='lat' dir='ltr'>licuit.</span> <span class='ocrx_word' id='word_1_358' title='bbox 1791 2662 1902 2700; x_wconf 92' lang='lat' dir='ltr'>Illud</span> <span class='ocrx_word' id='word_1_359' title='bbox 1952 2660 1954 2662; x_wconf 67' lang='grc'>’</span> 
     </span>
     <span class='ocr_line' id='line_1_40' title="bbox 234 2727 1905 2778; baseline 0 -13"><span class='ocrx_word' id='word_1_360' title='bbox 234 2730 293 2770; x_wconf 81' lang='lat'>365</span> <span class='ocrx_word' id='word_1_361' title='bbox 315 2740 480 2766; x_wconf 86' lang='lat' dir='ltr'>summo</span> <span class='ocrx_word' id='word_1_362' title='bbox 499 2728 642 2766; x_wconf 85' lang='lat' dir='ltr'>adnixi</span> <span class='ocrx_word' id='word_1_363' title='bbox 665 2728 801 2767; x_wconf 88' lang='lat' dir='ltr'>studio</span> <span class='ocrx_word' id='word_1_364' title='bbox 825 2728 1036 2767; x_wconf 90' lang='lat' dir='ltr'>consecuti</span> <span class='ocrx_word' id='word_1_365' title='bbox 1054 2741 1209 2776; x_wconf 89' lang='lat' dir='ltr'>sumus,</span> <span class='ocrx_word' id='word_1_366' title='bbox 1231 2731 1279 2767; x_wconf 88' lang='lat' dir='ltr'>vt</span> <span class='ocrx_word' id='word_1_367' title='bbox 1297 2741 1381 2767; x_wconf 91' lang='lat' dir='ltr'>non</span> <span class='ocrx_word' id='word_1_368' title='bbox 1401 2728 1582 2767; x_wconf 90' lang='lat' dir='ltr'>multum</span> <span class='ocrx_word' id='word_1_369' title='bbox 1603 2727 1792 2778; x_wconf 87' lang='lat' dir='ltr'>supersit.</span> <span class='ocrx_word' id='word_1_370' title='bbox 1849 2727 1905 2765; x_wconf 77' lang='lat' dir='ltr'>Et·</span> 
     </span>
     <span class='ocr_line' id='line_1_41' title="bbox 314 2792 1905 2841; baseline 0 -12"><span class='ocrx_word' id='word_1_371' title='bbox 314 2794 359 2829; x_wconf 72' lang='lat' dir='ltr'>vt</span> <span class='ocrx_word' id='word_1_372' title='bbox 379 2792 487 2831; x_wconf 91' lang='lat' dir='ltr'>nihil</span> <span class='ocrx_word' id='word_1_373' title='bbox 512 2792 637 2841; x_wconf 87' lang='lat' dir='ltr'>aliud,</span> <span class='ocrx_word' id='word_1_374' title='bbox 660 2797 768 2832; x_wconf 87' lang='lat' dir='ltr'>certe</span> <span class='ocrx_word' id='word_1_375' title='bbox 797 2796 939 2832; x_wconf 89' lang='lat' dir='ltr'>noster</span> <span class='ocrx_word' id='word_1_376' title='bbox 964 2795 1136 2832; x_wconf 86' lang='lat' dir='ltr'>conatus</span> <span class='ocrx_word' id='word_1_377' title='bbox 1162 2793 1388 2832; x_wconf 89' lang='lat' dir='ltr'>nonnullos</span> <span class='ocrx_word' id='word_1_378' title='bbox 1414 2793 1737 2832; x_wconf 82' lang='lat' dir='ltr'>extimulaturus</span> <span class='ocrx_word' id='word_1_379' title='bbox 1758 2793 1831 2839; x_wconf 90' lang='lat' dir='ltr'>est,</span> <span class='ocrx_word' id='word_1_380' title='bbox 1853 2804 1905 2830; x_wconf 89' lang='lat' dir='ltr'>ne</span> 
     </span>
     <span class='ocr_line' id='line_1_42' title="bbox 313 2857 1904 2910; baseline 0 -16"><span class='ocrx_word' id='word_1_381' title='bbox 313 2857 482 2904; x_wconf 83' lang='lat' dir='ltr'>posthac</span> <span class='ocrx_word' id='word_1_382' title='bbox 502 2858 620 2896; x_wconf 90' lang='lat' dir='ltr'>nullo</span> <span class='ocrx_word' id='word_1_383' title='bbox 646 2858 806 2897; x_wconf 90' lang='lat' dir='ltr'>delectu</span> <span class='ocrx_word' id='word_1_384' title='bbox 833 2859 1027 2910; x_wconf 89' lang='lat' dir='ltr'>quicquid</span> <span class='ocrx_word' id='word_1_385' title='bbox 1053 2859 1097 2897; x_wconf 91' lang='lat' dir='ltr'>in</span> <span class='ocrx_word' id='word_1_386' title='bbox 1122 2859 1240 2898; x_wconf 89' lang='lat' dir='ltr'>libris</span> <span class='ocrx_word' id='word_1_387' title='bbox 1268 2858 1516 2898; x_wconf 85' lang='lat' dir='ltr'>offenderint</span> <span class='ocrx_word' id='word_1_388' title='bbox 1535 2857 1804 2908; x_wconf 88' lang='lat' dir='ltr'>quantumuis</span> <span class='ocrx_word' id='word_1_389' title='bbox 1823 2869 1904 2895; x_wconf 88' lang='lat' dir='ltr'>cor·</span> 
     </span>
     <span class='ocr_line' id='line_1_43' title="bbox 315 2921 1905 2974; baseline 0.001 -17"><span class='ocrx_word' id='word_1_390' title='bbox 315 2923 485 2969; x_wconf 84' lang='lat' dir='ltr'>ruptum</span> <span class='ocrx_word' id='word_1_391' title='bbox 509 2935 532 2959; x_wconf 88' lang='lat' dir='ltr'>a</span> <span class='ocrx_word' id='word_1_392' title='bbox 558 2936 802 2973; x_wconf 88' lang='lat' dir='ltr'>quocunque</span> <span class='ocrx_word' id='word_1_393' title='bbox 831 2923 1068 2974; x_wconf 87' lang='lat' dir='ltr'>impostore,</span> <span class='ocrx_word' id='word_1_394' title='bbox 1099 2937 1342 2974; x_wconf 89' lang='lat' dir='ltr'>quocunque</span> <span class='ocrx_word' id='word_1_395' title='bbox 1362 2922 1487 2962; x_wconf 87' lang='lat' dir='ltr'>titulo</span> <span class='ocrx_word' id='word_1_396' title='bbox 1507 2922 1730 2971; x_wconf 88' lang='lat' dir='ltr'>subditum,</span> <span class='ocrx_word' id='word_1_397' title='bbox 1753 2921 1905 2972; x_wconf 88' lang='lat' dir='ltr'>ample·</span> 
     </span>
     <span class='ocr_line' id='line_1_44' title="bbox 926 2997 1286 3034; baseline 0.006 -9"><span class='ocrx_word' id='word_1_398' title='bbox 926 2997 1000 3034; x_wconf 84' lang='lat'>348.</span> <span class='ocrx_word' id='word_1_399' title='bbox 1026 3006 1109 3027; x_wconf 84' lang='lat' dir='ltr'>nam</span> <span class='ocrx_word' id='word_1_400' title='bbox 1126 2997 1149 3030; x_wconf 85' lang='grc' dir='ltr'><em>Β</em></span> <span class='ocrx_word' id='word_1_401' title='bbox 1165 3007 1172 3026; x_wconf 90' lang='lat'><strong>:</strong></span> <span class='ocrx_word' id='word_1_402' title='bbox 1199 3005 1238 3026; x_wconf 87' lang='lat' dir='ltr'>ac</span> <span class='ocrx_word' id='word_1_403' title='bbox 1253 3007 1286 3027; x_wconf 85' lang='grc' dir='ltr'>α.</span> 
     </span>
    </p>
   </div>
  </div>
 </body>
</html>
