2010 3417
144 172 242 227 447]
545 174 616 213 ΤΟ
652 174 999 214 LAMBERTUS
1038 173 1337 214 GRUNNIUS
1659 172 1738 211 297

141 283 270 323 homo
302 284 537 333 negociator
570 283 718 322 leuiter
755 283 832 322 hac
869 283 1151 322 sollicitudine
1187 283 1458 334 tangebatur).
1487 281 1736 332 gratissima,

141 349 190 387 vt
223 347 320 397 dixi,
354 349 527 388 victima
561 362 605 387 se
639 349 727 387 Deo
761 349 983 387 litaturum
1017 349 1305 398 arbitrabatur,
1341 349 1376 386 si
1409 349 1510 387 duas
1543 360 1642 386 oues
1674 346 1738 385 illi

142 415 376 454 mactasset.
435 414 687 461 Florentius,
722 416 770 453 vt
803 414 934 453 sensit
967 414 1062 453 illos
1095 414 1153 452 sic
1183 427 1302 463 agere
1334 413 1452 464 quasi
1482 413 1738 463 pupillorum

142 479 405 518 voluntatem
419 479 618 518 haberent
631 479 864 529 obligatam,
883 479 1060 518 contulit
1075 492 1170 517 cum
1185 492 1393 528 germano,
1416 492 1540 529 quem
1560 478 1738 516 habebat
1759 494 1794 525 15
1800 495 1816 526 ,ς

142 543 228 583 fere
265 544 447 583 triennio
486 545 696 593 maiorem,
738 544 825 594 ipse
861 545 1037 583 vixdum
1081 558 1270 594 egressus
1312 557 1472 583 annum
1517 544 1738 582 decimum-

143 610 351 660 quintum,
373 622 477 647 num
505 622 601 648 vere
627 612 734 648 esset
760 610 848 648 eius
874 610 1006 647 animi
1030 612 1075 648 vt
1101 623 1144 647 se
1169 610 1296 648 vellet
1321 609 1475 659 illigari
1495 609 1616 648 nodis
1635 621 1738 658 quos

144 674 189 712 in
207 677 422 724 posterum
442 688 525 713 non
545 676 683 725 posset
702 675 920 724 explicare.
977 675 1021 713 Is
1040 675 1217 724 ingenue
1235 675 1442 713 fatebatur
1468 688 1510 713 se
1537 687 1622 712 non
1642 674 1737 712 duci

141 752 282 778 amore
301 739 516 789 religionis
535 739 608 778 sed
627 739 739 778 trahi
757 742 873 778 metu
892 741 1091 778 tutorum.
1151 741 1160 759 ‘
1174 740 1282 787 Quid
1297 740 1306 754 ³
1325 739 1463 789 inquit
1483 738 1731 786 Florentius,

147 805 210 842 ‘te
241 805 488 852 dementius,
522 805 558 843 si
588 804 717 843 stulto
750 805 906 854 pudore
939 806 1133 854 metuque
1164 804 1394 853 hominum,
1426 817 1450 843 a
1478 804 1628 854 quibus
1660 803 1737 841 tibi
1760 811 1819 843 160

141 872 250 909 certe
281 883 366 908 non
399 872 500 908 sunt
532 870 753 908 metuenda
790 870 970 918 verbera,
1007 869 1278 920 temetipsum
1315 869 1509 907 coniicias
1546 869 1590 906 in
1627 869 1735 906 vitae

141 947 273 985 genus
312 935 421 984 quod
455 948 529 973 nec
560 934 794 973 cuiusmodi
824 935 878 973 sit
910 935 1033 981 nosti,
1064 948 1151 983 nec,
1189 935 1225 972 si
1257 935 1386 973 semel
1420 934 1633 983 ingressus
1666 934 1735 981 sis,

142 1013 267 1050 queas
297 1000 451 1038 referre
481 1000 685 1050 pedem?’
754 999 822 1037 Ibi
852 1000 1069 1038 Antonius
1100 1000 1277 1049 allegare
1308 1000 1442 1049 coepit
1470 998 1738 1037 facultatulas

142 1079 273 1116 quum
311 1079 384 1115 per
427 1079 470 1104 se
515 1065 695 1115 exiguas,
736 1067 829 1103 tum
865 1066 1052 1103 tutorum
1095 1065 1222 1103 etiam
1266 1065 1431 1103 attritas
1469 1063 1735 1114 negligentia.

145 1132 154 1149 ⁴
169 1129 289 1169 Nihil
309 1133 372 1169 est
386 1132 395 1147 ’
414 1130 552 1180 inquit
579 1130 825 1179 Florentius,
850 1131 859 1148 ‘
877 1130 987 1180 quod
1011 1132 1186 1169 metuas.
1245 1129 1520 1168 Corrademus
1539 1129 1736 1179 quicquid
1760 1135 1817 1175 165

142 1199 341 1246 superest,
372 1199 413 1235 et
444 1197 620 1234 conflata
652 1195 865 1234 summula
892 1197 1082 1246 petemus
1112 1196 1375 1234 academiam.
1437 1195 1531 1233 Non
1563 1195 1738 1233 deerunt

141 1261 276 1310 amici,
309 1264 350 1300 et
383 1261 510 1299 multi
548 1261 700 1310 quibus
733 1261 905 1299 omnino
938 1261 1047 1299 nihil
1084 1263 1158 1308 est,
1197 1275 1272 1300 sua
1308 1261 1479 1299 aluntur
1515 1260 1733 1299 industria.

141 1326 369 1373 Postremo,
402 1327 515 1365 Deus
542 1327 674 1365 aderit
701 1326 751 1364 ad
779 1326 954 1365 honesta
982 1327 1276 1365 tendentibus.’

195 1391 289 1430 Hoc
321 1404 568 1442 responsum
603 1392 705 1430 adeo
742 1392 934 1441 probauit
966 1392 1182 1431 Antonius
1216 1394 1261 1431 vt
1294 1392 1451 1430 multas
1485 1391 1611 1429 etiam
1643 1403 1735 1440 spes

141 1457 369 1495 ostenderit
389 1470 492 1507 quae
511 1456 664 1495 minori
689 1470 776 1495 non
793 1459 997 1496 venerant
1022 1457 1068 1495 in
1094 1460 1293 1496 mentem.
1355 1457 1505 1506 Itaque
1525 1455 1738 1495 communi
1759 1473 1818 1506 170

141 1522 316 1560 consilio
349 1523 559 1561 decretum
592 1524 656 1560 est
689 1523 736 1561 vt
769 1523 1050 1561 monasticum
1088 1523 1309 1573 negocium
1345 1524 1390 1560 in
1427 1522 1539 1561 aliud
1572 1523 1738 1571 tempus

140 1587 386 1636 reiiceretur,
408 1588 536 1626 donec
564 1588 664 1626 treis
692 1588 819 1626 etiam
846 1589 919 1626 aut
947 1590 1124 1638 quatuor
1153 1601 1285 1626 annos
1313 1588 1358 1626 in
1388 1587 1538 1626 scholis
1566 1587 1731 1635 versati,

140 1667 213 1704 per
231 1656 407 1692 aetatem
427 1667 472 1692 ac
492 1667 631 1692 rerum
650 1667 774 1692 vsum
798 1653 950 1691 rectius
969 1656 1137 1702 possent
1161 1653 1363 1703 dispicere
1389 1653 1488 1702 quid
1508 1652 1733 1702 expediret.

141 1719 391 1758 Constanter
419 1719 622 1758 ambobus
649 1719 804 1768 placuit
831 1719 931 1757 haec
960 1719 1177 1758 sententia.
1238 1719 1318 1756 Sed
1349 1719 1481 1756 maior
1510 1717 1737 1767 angebatur

140 1785 373 1824 etiamnum
411 1785 605 1833 scrupulo
639 1784 846 1833 quomodo
879 1785 1215 1834 respondendum
1249 1786 1355 1822 esset
1387 1783 1621 1830 tutoribus;
1664 1782 1736 1832 qui
1760 1802 1816 1834 ¹75

140 1863 225 1888 non
253 1850 462 1899 explorata
491 1849 745 1899 pupillorum
774 1850 990 1888 voluntate
1019 1850 1238 1898 negocium
1267 1850 1344 1888 hoc
1374 1848 1517 1887 sedulo
1548 1848 1735 1898 serioque

140 1915 328 1965 agebant.
390 1914 471 1952 Hic
500 1917 696 1964 concepta
724 1917 787 1952 est
815 1914 1098 1963 responsionis
1125 1913 1328 1961 formula;
1369 1926 1494 1963 quam
1522 1913 1736 1951 Antonius

140 1980 384 2030 approbauit
413 1980 593 2029 quidem,
618 1981 785 2018 tantum
815 1979 958 2018 orabat
986 1982 1032 2018 vt
1060 1980 1200 2017 minor
1228 1992 1317 2018 esse
1344 1979 1474 2017 vellet
1501 1978 1586 2016 dux
1614 1977 1733 2016 verbi

140 2050 181 2086 et
200 2046 420 2085 amborum
441 2045 610 2083 nomine
629 2045 878 2094 respondere
895 2059 904 2084 ε
934 2058 1032 2083 nam
1052 2046 1139 2082 erat
1161 2045 1198 2082 is
1217 2045 1267 2083 ad
1287 2043 1511 2082 dicendum
1530 2043 1736 2091 timidior,

140 2112 494 2163 quemadmodum
524 2112 564 2147 et
592 2110 806 2148 indoctior.
867 2112 927 2148 At
956 2110 1194 2148 Florentius
1221 2109 1375 2160 accepit
1405 2109 1572 2159 quidem
1602 2109 1738 2148 condi·
1759 2120 1819 2150 180

139 2178 307 2224 tionem,
343 2177 415 2214 sed
454 2175 674 2225 diligenter
706 2189 730 2213 a
762 2175 889 2213 fratre
926 2175 1152 2224 stipulatus
1188 2174 1390 2224 propositi
1425 2175 1733 2222 constantiam;
1799 2190 1801 2192 ·

142 2246 151 2263 ⁶
163 2256 226 2290 ne,
244 2242 281 2281 si
300 2254 367 2280 me
381 2242 390 2257 '
408 2241 559 2290 inquit,
584 2242 700 2290 ‘post
720 2239 866 2278 datum
881 2252 1128 2290 responsum
1148 2240 1395 2288 destitueris,
1415 2242 1502 2278 tota
1521 2239 1732 2289 tragoedia

140 2307 385 2346 deuoluatur
412 2307 458 2345 in
487 2308 608 2357 caput
635 2319 787 2345 meum.
849 2305 970 2344 Nunc
998 2306 1137 2356 potius
1165 2307 1281 2344 muta
1309 2305 1572 2354 sententiam,
1604 2305 1640 2343 si
1667 2305 1734 2344 vel

138 2371 439 2410 blandimentis
455 2372 523 2411 vel
546 2371 682 2410 saeuis
706 2371 830 2409 dictis
854 2373 978 2421 putas
1003 2373 1046 2409 te
1070 2383 1190 2420 posse
1214 2370 1366 2419 depelli
1390 2371 1535 2419 gradu.
1594 2371 1733 2420 Neque

140 2436 265 2484 enim,
297 2436 404 2474 mihi
438 2437 567 2485 crede,
599 2449 664 2474 res
690 2437 826 2486 agitur
855 2436 1042 2474 ludicra.'
1098 2435 1245 2474 Sancte
1275 2435 1477 2473 deierauit
1508 2435 1732 2484 Antonius,
1758 2446 1815 2486 185

141 2502 334 2551 deditque
354 2501 480 2540 fidem
501 2515 544 2540 se
563 2502 685 2540 dictis
704 2515 962 2540 mansurum.

194 2566 322 2605 Venit
348 2569 442 2615 post
467 2567 626 2616 aliquot
646 2567 733 2605 dies
758 2568 872 2605 tutor
895 2566 978 2614 ille,
1000 2566 1217 2615 multaque
1234 2566 1444 2615 praefatus
1471 2566 1521 2603 de
1547 2578 1622 2603 sua
1640 2578 1735 2614 erga

140 2632 321 2683 pupillos
339 2632 491 2681 pietate
511 2632 642 2680 deque
662 2632 768 2670 miro
787 2631 925 2669 studio
952 2644 997 2668 ac
1016 2631 1246 2681 vigilantia,
1269 2631 1402 2680 coepit
1424 2630 1511 2668 illis
1530 2629 1730 2679 gratulari

142 2697 251 2747 quod
271 2695 474 2734 ambobus
503 2696 746 2745 repperisset
772 2696 912 2734 locum
937 2696 1045 2745 apud
1072 2709 1140 2734 eos
1167 2695 1239 2745 qui
1263 2695 1328 2734 bis
1348 2695 1533 2732 canonici
1552 2695 1732 2744 gaudent

139 2762 350 2813 appellari.
409 2760 491 2799 Hic
520 2760 760 2799 Florentius
793 2774 896 2810 puer
926 2774 975 2799 ex
1003 2762 1121 2810 pacto
1153 2774 1228 2809 pro
1261 2760 1450 2809 vtrisque
1479 2760 1732 2809 respondens
1757 2780 1818 2813 190

141 2828 225 2878 egit
255 2827 422 2877 quidem
451 2826 605 2875 gratias
630 2839 706 2875 pro
732 2826 1023 2864 beneuolentia
1049 2839 1203 2875 proque
1228 2825 1456 2863 sedulitate.
1517 2825 1733 2864 Caeterum

141 2893 310 2943 negauit
341 2892 420 2930 sibi
448 2891 645 2941 fratrique
674 2904 749 2929 suo
775 2890 909 2930 videri
938 2891 1178 2929 consultum
1206 2892 1253 2929 vt
1287 2890 1329 2929 id
1362 2890 1519 2938 aetatis,
1550 2890 1601 2929 ad
1634 2890 1734 2929 haec

638 3021 709 3059 189.
736 3020 790 3051 bis
806 3019 988 3060 canonici]
1015 3019 1066 3050 Cf.
1084 3028 1123 3050 11.
1141 3020 1229 3058 65‚6.
