2010 3417
132 548 170 569 10

133 1532 170 1562 25

133 1859 172 1889 30

133 2186 171 2216 35

112 2491 174 2543 ‚40

187 162 266 199 592
656 159 909 197 LETTERS
947 158 1017 197 OF
1054 158 1320 198 ERASMUS
1660 157 1698 212 [1
1708 171 1729 208 5
1739 171 1782 209 17

185 270 419 320 intrepidus
445 269 496 307 ad
525 270 565 306 te
591 268 787 307 scriberet
799 268 844 317 5³),
869 268 1147 307 nihilominus
1174 268 1274 308 vicit
1307 268 1448 307 omnia
1465 268 1555 317 ista,
1577 269 1787 309 humanis-

187 337 289 376 sime
328 335 388 373 mi
425 334 605 382 Erasme,
638 334 862 384 singularis
899 335 971 372 tua
1009 334 1172 373 bonitas
1208 334 1497 383 immensaque
1534 334 1786 383 humanitas,

188 402 430 450 animosque
457 399 566 437 mihi
594 398 694 437 adeo
725 398 822 438 fecit
850 400 898 438 vt
926 399 977 437 ad
1006 402 1048 437 te
1078 399 1152 438 has
1180 399 1337 449 alioqui
1360 400 1534 438 audaces
1556 413 1669 438 meas
1692 400 1788 439 dare

187 466 390 505 litterulas
423 465 598 503 minime
627 465 919 503 erubescerem.
978 465 1049 512 At,
1071 465 1246 515 inquies,
1279 478 1359 515 qua
1393 465 1443 503 de
1472 467 1628 504 causa?
1683 465 1788 505 Heri

187 533 288 570 dum
316 531 425 580 apud
459 530 760 578 doctissimum,
792 530 1145 569 humanissimum
1173 544 1218 569 ac
1246 530 1382 569 modis
1413 530 1608 569 omnibus
1636 530 1789 569 incom-

188 596 413 646 parabilem
451 597 655 635 Thomam
692 596 858 634 Morum
890 609 1032 645 essem,
1064 598 1137 634 tua
1166 596 1478 646 elegantissima
1510 597 1561 635 ab
1600 610 1647 635 eo
1681 596 1788 635 mihi

189 662 361 700 recitata
389 662 470 700 fuit
497 662 698 712 epistola3
733 675 856 711 quam
877 661 1128 712 simulatque
1154 661 1205 700 ab
1236 661 1311 700 illo
1335 662 1483 711 accepi,
1505 662 1618 701 illico
1647 664 1788 713 terque

188 730 415 777 quaterque
430 726 663 766 incredibili
679 740 774 765 cum
786 727 999 776 voluptate
1019 727 1186 777 perlegi.
1229 727 1336 766 Nam
1348 730 1395 766 vt
1410 727 1566 778 reliqua
1580 728 1784 778 omittam,

188 794 287 843 quid
316 795 380 831 est
413 806 486 843 per
514 793 798 831 immortalem
832 793 968 831 Deum
998 794 1108 843 quod
1142 807 1279 832 meam
1309 793 1427 832 illam
1457 794 1686 844 epistolam,
1709 808 1789 844 qua

187 858 325 897 Marco
355 859 524 897 Musuro
556 859 791 908 gratulatus
820 871 927 905 sum,
955 858 1005 897 ad
1038 861 1080 897 te
1114 859 1398 908 perferendam
1426 861 1599 898 curem?
1655 860 1787 908 Quam

187 925 260 973 (ita
280 937 348 962 me
368 923 427 961 dii
446 924 552 963 bene
570 924 726 974 ament)
757 923 829 962 vix
849 923 1022 973 dignam
1041 924 1218 963 arbitror
1243 937 1346 974 quae
1366 924 1418 963 ab
1446 924 1617 963 homine
1637 924 1788 964 medio-

188 990 313 1027 criter
340 990 460 1028 docto
486 989 614 1028 semel
644 989 814 1039 legatur,
837 991 1004 1028 tantum
1033 989 1147 1028 abest
1170 990 1217 1028 vt
1246 990 1298 1028 ad
1329 990 1554 1029 Erasmum
1581 990 1787 1037 mittatur,

187 1068 277 1092 mea
298 1055 465 1104 quidem
482 1055 691 1093 sententia
705 1055 897 1093 omnium
916 1055 1139 1093 hominum
1160 1056 1231 1105 qui
1250 1055 1431 1104 fuerunt,
1452 1055 1524 1105 qui
1543 1057 1698 1094 suntet
1718 1055 1789 1106 qui

188 1120 317 1158 futuri
347 1122 455 1167 sunt,
479 1120 601 1170 longe
631 1121 934 1168 doctissimum,
956 1121 1008 1160 ab
1041 1134 1172 1170 eoque
1200 1121 1420 1171 relegatur.
1476 1121 1634 1160 Verum
1659 1121 1789 1160 malui

129 1204 144 1225 2
189 1185 298 1235 quod
338 1188 409 1224 tua
441 1186 615 1224 lectione
648 1185 990 1236 indignissimum
1024 1186 1262 1225 existimaui
1299 1186 1379 1225 tibi
1413 1200 1575 1225 morem
1609 1187 1789 1236 gerendo

189 1251 367 1300 mittere,
390 1265 515 1301 quam
539 1253 634 1290 tuae
653 1252 862 1290 voluntati
888 1251 1129 1302 refragando
1155 1252 1332 1291 retinere
1359 1253 1468 1302 quod
1498 1252 1634 1291 debui.
1697 1252 1789 1291 Duo

190 1317 331 1355 iccirco
361 1317 531 1356 habebis
556 1317 810 1367 exemplaria
838 1317 904 1355 his
929 1331 1091 1356 annexa
1120 1317 1282 1357 litteris.
1343 1318 1540 1356 Alterum
1568 1318 1648 1356 erit
1675 1318 1790 1357 illius

189 1396 306 1421 verae
337 1382 670 1432 elegantissimae
697 1383 895 1432 epistolae
925 1382 1147 1421 clarissimi
1175 1383 1356 1422 oratorisv
1380 1383 1463 1421 mei
1494 1396 1620 1433 quam
1644 1384 1790 1422 scribis

188 1447 387 1495 amisisse,
408 1447 582 1486 alterum
604 1450 745 1486 autem
765 1461 953 1487 mearum
974 1461 1190 1498 nugarum.

245 1513 311 1551 Ad
361 1513 459 1551 haec
497 1512 625 1552 velim
674 1513 754 1551 tibi
800 1513 1058 1563 persuadeas,
1099 1514 1272 1552 Erasme
1309 1513 1579 1562 charissime,
1605 1515 1714 1564 quod
1752 1515 1788 1552 si

190 1578 501 1616 abditissimum
543 1578 937 1629 penitissimumque
976 1579 1112 1617 cordis
1151 1579 1236 1618 mei
1274 1579 1503 1618 sacrarium
1541 1579 1788 1618 medullitus

192 1643 392 1693 inspicere
430 1657 582 1693 posses,
615 1645 736 1683 tuum
775 1644 885 1683 haud
928 1645 1051 1683 dubie
1090 1645 1136 1682 in
1175 1659 1222 1683 eo
1261 1645 1524 1696 insculptum
1561 1645 1789 1695 inspiceres

192 1723 371 1748 nomen:
402 1723 451 1748 ex
481 1724 562 1760 quo
592 1710 673 1749 nisi
702 1710 812 1749 haud
840 1710 1023 1761 amplius
1056 1710 1287 1761 palpitante
1315 1723 1532 1760 nunquam
1558 1712 1784 1750 euanescet.

191 1775 309 1823 Quod
326 1775 494 1825 quidem
511 1789 676 1825 nomen,
693 1777 808 1814 omni
824 1776 1096 1815 celeberrimo
1112 1776 1289 1827 dignum
1305 1776 1449 1827 elogio,
1464 1775 1543 1815 etsi
1557 1776 1607 1814 ab
1629 1774 1789 1814 Oceano

191 1841 240 1878 ad
269 1841 540 1891 Egyptiacam
569 1855 698 1892 vsque
727 1842 939 1892 regionem
970 1843 1111 1894 ipsum
1142 1855 1214 1893 per
1248 1856 1291 1881 se
1329 1856 1404 1881 suo
1439 1841 1656 1892 splendore
1688 1841 1790 1880 satis

191 1906 404 1954 affluxerit,
426 1907 631 1946 aduolarit
649 1909 772 1957 atque
791 1909 1040 1958 peruenerit,
1060 1908 1296 1958 vbicunque
1317 1910 1461 1947 tamen
1481 1910 1522 1947 et
1544 1908 1652 1958 apud
1673 1921 1790 1958 quos-

192 1985 354 2021 cunque
366 1986 446 2020 ero,
467 1972 572 2011 illud
594 1974 789 2012 omnibus
809 1974 961 2024 quibus
980 1976 1122 2024 potero
1143 1974 1403 2025 dignissimis
1422 1974 1643 2013 honestare
1664 1975 1789 2024 atque

191 2038 335 2075 efferre
354 2038 553 2077 encomiis
573 2052 791 2089 nunquam
818 2039 901 2078 nisi
925 2043 1118 2079 mortuus
1139 2040 1328 2079 satiabor.
1389 2040 1443 2079 Et
1474 2040 1510 2079 si
1535 2053 1632 2078 cum
1651 2039 1791 2089 aliquo

191 2102 308 2140 Zoilo
328 2103 433 2141 mihi
462 2104 568 2142 forte
594 2105 762 2143 fortuna
781 2119 884 2155 opus
903 2106 984 2144 erit
1007 2106 1051 2144 in
1071 2107 1281 2144 certamen
1310 2106 1569 2154 descendere,
1591 2105 1730 2144 verbis
1748 2107 1789 2143 et

191 2168 344 2218 pugnis
371 2169 538 2218 quidem
564 2183 610 2208 ac
638 2171 816 2210 fustibus
847 2171 897 2220 (si
926 2171 1137 2222 acciderit)
1167 2171 1317 2210 acriter
1345 2171 1572 2210 dimicabo:
1602 2184 1677 2220 pro
1708 2183 1789 2220 quo

192 2237 333 2272 tamen
355 2235 556 2274 mercedis
575 2235 684 2274 nihil
704 2236 776 2275 abs
796 2239 849 2286 te,
871 2237 932 2275 mi
952 2238 1133 2286 Erasme,
1149 2237 1269 2287 exigo
1290 2237 1375 2275 nisi
1394 2238 1440 2275 vt
1461 2249 1529 2275 me
1549 2236 1706 2285 diligas,
1723 2249 1790 2274 me

191 2300 405 2339 absentem
430 2301 652 2351 aliquando
677 2302 878 2341 memoria
905 2302 1124 2352 complecti
1155 2302 1340 2352 digneris
1371 2304 1412 2341 et
1442 2302 1486 2340 in
1512 2304 1584 2340 tuo
1605 2315 1696 2340 aere
1722 2314 1790 2339 me

192 2379 278 2403 esse
306 2366 488 2416 patiaris.
548 2367 750 2417 Rogarem
779 2371 990 2418 praeterea
1018 2370 1069 2416 te,
1100 2368 1185 2407 imo
1216 2368 1485 2416 obsecrarem,
1509 2369 1555 2406 vt
1587 2367 1654 2405 his
1682 2367 1788 2405 meis

192 2432 458 2481 responderes
480 2432 659 2482 ineptiis,
684 2433 729 2471 ni
759 2447 826 2472 me
852 2434 944 2472 istis
974 2434 1058 2472 tuis
1087 2433 1363 2473 diuinissimis
1394 2433 1547 2472 litteris
1565 2432 1788 2483 indignum

195 2509 282 2534 esse
308 2510 607 2547 cognoscerem.
668 2499 755 2537 Nos
774 2513 872 2538 vero
901 2500 969 2538 hic
997 2513 1070 2549 pro
1100 2513 1213 2539 more
1233 2499 1421 2538 viuimus
1449 2502 1489 2538 et
1519 2498 1672 2537 studiis
1700 2500 1789 2537 toto

193 2563 352 2609 pectore
365 2562 648 2603 incumbimus
664 2579 674 2603 ε
695 2565 846 2614 quibus
858 2565 1092 2603 carentibus
1106 2578 1189 2603 non
1204 2578 1418 2614 possemus
1431 2566 1539 2603 certe
1551 2563 1620 2602 hic
1632 2563 1784 2603 viuere.

194 2626 385 2665 Ceterum
413 2628 483 2666 vix
512 2629 592 2667 dici
618 2630 768 2679 potest,
791 2630 963 2668 Erasme
992 2631 1052 2668 mi
1079 2630 1327 2679 doctissime,
1352 2643 1454 2680 quos
1484 2629 1788 2668 mellitissimos

194 2692 432 2731 exhauriam
470 2707 612 2732 succos
645 2709 693 2734 ex
731 2695 1037 2734 amoenissimis
1066 2710 1112 2734 ac
1142 2696 1251 2734 succi
1289 2695 1547 2745 plenissimis
1580 2694 1666 2733 illis
1703 2694 1789 2733 tuis

425 2821 478 2848 35.
503 2822 573 2851 quo
589 2836 596 2843 .
617 2837 625 2844 .
642 2838 650 2845 .
671 2815 722 2852 36.
743 2813 918 2844 mercedis
934 2817 1048 2851 scr-ipsi
1064 2825 1071 2843 :
1095 2824 1162 2853 qua
1180 2837 1188 2844 .
1210 2840 1216 2845 .
1234 2837 1241 2844 .
1261 2813 1424 2844 mercede
1437 2815 1506 2844 MS.

242 2934 289 2954 12.
316 2927 480 2967 epistola]
505 2928 568 2966 Ep.
589 2930 662 2967 584.
1067 2939 1118 2968 41.
1143 2928 1362 2970 carentibus]
1393 2929 1478 2960 This
1501 2939 1564 2960 use
1587 2929 1626 2960 of
1645 2939 1780 2960 carere=

242 2977 290 3005 14.
314 2970 518 3010 epistolam]
536 2971 599 3011 Ep.
620 2982 693 3010 574.
1023 2977 1121 3004 deesse
1144 2973 1175 3004 is
1201 2973 1314 3004 found
1338 2973 1378 3003 in
1403 2973 1467 3003 the
1483 2975 1664 3009 Assumpcio
1687 2974 1787 3010 Moysi

237 3020 288 3048 23.
314 3013 498 3053 epistolae]
522 3014 586 3054 Ep.
601 3025 676 3054 559.
1027 3019 1111 3057 (ante
1128 3016 1219 3057 500),
1241 3026 1290 3047 12.
1313 3025 1348 3046 11
1368 3025 1376 3054 ;
1399 3026 1456 3047 see
1472 3017 1534 3047 the
1550 3019 1733 3047 Thesaurus.
