2010 3417
317 133 396 171 256
781 131 1031 170 LETTERS
1070 131 1140 170 OF
1178 132 1445 173 ERASMUS
1786 132 1825 187 [1
1833 144 1855 183 5
1864 147 1879 172 1
1890 135 1915 171 6

316 242 458 280 literae
474 254 483 277 ἓ
525 241 634 278 αἴτιοι
672 242 707 278 οἱ
741 242 916 291 ἄρχοντες
947 241 1218 289 ἀμὸυσᾶπατοι.
1288 241 1438 291 Magna
1466 243 1609 280 tamen
1643 253 1737 292 spes
1773 245 1836 282 est
1865 243 1911 281 in

317 306 474 344 Ioanne
507 304 714 354 Syluagio,
736 305 1005 355 Burgundiae
1025 305 1288 353 Cancellario‚
1324 306 1399 355 qui
1427 306 1609 356 quidem,
1635 308 1682 345 vt
1710 307 1797 356 ipse
1826 321 1913 347 non

238 385 298 418 140
314 369 451 409 solum
481 370 689 408 maximus
717 372 778 408 est
807 383 852 408 ac
881 369 1236 419 prudentissimus
1261 384 1410 410 verum
1429 371 1557 409 etiam
1583 371 1907 422 eruditissimus,

314 435 374 473 ita
392 435 580 484 impense
595 434 707 473 fauet
722 434 917 474 omnibus
930 449 1032 485 quos
1058 435 1240 486 insignis
1267 436 1442 475 eruditio
1457 436 1735 476 commendat.
1784 437 1913 476 Hunc

313 500 449 547 heroa,
465 500 500 538 si
519 499 639 538 nobis
659 513 856 550 superum
876 501 1112 550 benignitas
1131 501 1204 539 diu
1222 501 1324 540 velit
1343 502 1609 550 incolumem,
1633 515 1726 552 spes
1745 503 1808 540 est
1826 502 1915 541 fore

313 566 360 603 vt
379 565 487 614 apud
508 577 584 603 nos
603 578 765 615 quoque
783 565 1029 615 proueniant
1048 567 1120 616 qui
1139 567 1300 616 ingenii
1318 567 1384 605 sui
1403 567 1690 605 monumentis
1702 567 1912 618 Principis

313 629 379 668 sui
398 642 584 679 regnum,
602 632 759 669 caetera
770 630 1074 680 felicissimum,
1089 631 1300 671 illustrent
1319 634 1360 671 et
1380 634 1541 672 ornent.
1602 633 1788 672 Rursum
1807 632 1914 672 vale.

723 787 821 825 422.
886 785 1017 826 FRoM
1050 785 1270 826 VVILLIAM
1303 786 1506 829 BROELIS.

360 887 550 922 Deventer
567 886 646 922 MS.
664 897 720 932 91,
742 888 769 923 f.
789 898 865 933 149.

361 945 433 980 LB.
453 945 552 990 App.
572 946 628 989 64.

358 1026 409 1068 [A
425 1025 533 1057 letter
548 1026 585 1057 of
603 1027 771 1057 welcome
787 1037 832 1058 on
854 1028 1033 1058 Erasmus'
1060 1026 1189 1059 second
1213 1028 1341 1058 return
1362 1026 1455 1058 from
1472 1026 1590 1059 Basle.
1634 1027 1681 1059 Of
1702 1028 1765 1059 the
1787 1029 1915 1060 writer

313 1071 468 1109 nothing
483 1069 554 1101 else
572 1080 685 1102 seems
701 1072 738 1101 to
754 1072 796 1101 be
813 1071 977 1113 known.]

1526 928 1572 953 20
1587 919 1686 954 June
1709 918 1865 967 (1516).

623 1169 901 1200 GVILIELMVS
933 1169 1113 1200 BRIELIS
1145 1169 1325 1200 DOMINO
1357 1169 1537 1201 ERASMO
1569 1170 1602 1202 S.

367 1251 658 1300 QVAMPRIMVM
678 1251 895 1289 olfeceram
923 1263 972 1288 ex
999 1250 1222 1289 Germania
1246 1250 1293 1287 in
1312 1250 1586 1289 Brabantiam
1609 1250 1763 1289 iterum
1790 1253 1830 1290 te
1853 1265 1914 1291 re-

313 1317 479 1367 cepisse,
515 1315 575 1354 mi
609 1316 783 1355 Erasme
821 1316 1077 1363 suauissime,
1115 1315 1225 1353 haud
1263 1315 1382 1365 potui
1412 1315 1570 1354 diutius
1605 1316 1815 1356 continere
1843 1331 1916 1356 me

312 1395 394 1431 quo
428 1394 514 1420 non
546 1381 735 1430 loquerer
765 1383 904 1420 tecum
937 1381 1086 1419 absens
1115 1393 1188 1430 per
1217 1380 1449 1430 epistolam,
1472 1393 1567 1418 cum
1597 1382 1838 1431 praesertim
1868 1383 1911 1421 id

313 1459 450 1485 coram
471 1446 576 1484 mihi
596 1460 681 1484 non
700 1446 825 1494 licet;
871 1446 1020 1496 quippe
1041 1446 1114 1496 qui
1134 1445 1292 1495 aliquid
1319 1445 1404 1483 iam
1431 1445 1503 1484 diu
1527 1445 1761 1491 litterarum
1791 1446 1841 1484 ad
1869 1449 1913 1486 te

275 1527 292 1559 5
312 1512 406 1550 dare
427 1512 716 1561 concupieram
737 1514 860 1562 teque
880 1511 986 1550 meis
1005 1511 1159 1561 ineptis
1178 1511 1401 1550 verborum
1416 1510 1652 1561 quisquiliis
1667 1511 1906 1561 obtundere,

311 1577 358 1616 ni
375 1578 571 1615 inuidens
590 1577 777 1615 locorum
798 1577 997 1615 distantia
1016 1576 1350 1626 arctissimaeque
1370 1576 1612 1614 solitudinis
1641 1578 1804 1615 nostrae
1823 1591 1910 1627 pro·

310 1643 436 1682 fessio
457 1643 758 1693 impedimento
783 1643 941 1680 fuisset.
1004 1641 1150 1692 Itaque
1180 1642 1278 1692 quid
1308 1642 1353 1680 in
1380 1644 1566 1680 mentem
1595 1641 1703 1679 mihi
1732 1642 1912 1682 scribere

313 1708 430 1747 venit
448 1708 594 1757 accipe,
619 1709 660 1746 et
685 1708 870 1746 breuiter
898 1707 1077 1758 quidem.
1138 1707 1183 1746 Si
1206 1708 1322 1746 locus
1350 1706 1517 1746 amandi
1547 1708 1732 1756 superest
1762 1708 1909 1758 adhuc,

310 1786 452 1823 precor
481 1787 548 1811 me
567 1773 680 1822 (licet
701 1786 787 1811 non
813 1773 974 1823 fecero).
999 1803 1008 1811 .
1031 1803 1039 1812 .
1063 1802 1072 1810 .
1091 1773 1247 1812 Multos
1267 1772 1345 1811 tibi
1365 1774 1561 1822 patronos
1581 1773 1622 1810 et
1642 1772 1797 1811 amicos
1816 1775 1910 1813 tum

254 1854 293 1876 10
310 1839 511 1889 singulari
539 1838 770 1877 eruditione
801 1840 874 1877 tua
903 1840 996 1877 tum
1023 1839 1091 1877 vel
1110 1851 1280 1877 morum
1299 1837 1491 1887 vitaeque
1511 1837 1751 1887 integritate
1781 1839 1910 1877 conci-

309 1904 432 1952 liasti,
457 1903 530 1953 qui
548 1904 729 1953 profecto
749 1906 791 1942 te
811 1906 1011 1954 tanquam
1030 1905 1190 1954 patrem
1211 1905 1283 1941 aut
1296 1903 1470 1942 fratrem
1484 1903 1808 1953 flagrantissime
1826 1917 1910 1944 am-

311 1969 561 2019 plectuntur.
634 1969 689 2008 Et
707 1969 846 2008 felices
867 1970 1039 2019 quidem
1058 1969 1133 2018 illi,
1158 1969 1231 2019 qui
1250 1970 1292 2007 te
1312 1982 1449 2007 coram
1469 1970 1511 2007 et
1530 1967 1673 2007 videre
1697 1970 1738 2007 et
1767 1970 1909 2010 audire

311 2035 546 2072 mereantur
571 2048 616 2072 ac
645 2034 891 2073 suauissima
911 2036 983 2073 tua
1001 2048 1075 2085 per
1097 2035 1256 2073 litteras
1280 2033 1459 2084 sepicule
1485 2033 1783 2073 consuetudine
1812 2035 1907 2075 frui.

310 2099 442 2149 Atqui
460 2098 621 2137 vtinam
634 2099 701 2137 vel
722 2099 850 2138 semel
870 2099 990 2138 liceat
1009 2100 1141 2138 mihi!
1211 2099 1394 2138 Proinde
1412 2099 1548 2137 ausim
1568 2098 1710 2146 dicere,
1735 2100 1807 2138 sed
1827 2101 1906 2139 for-

253 2179 291 2211 15
308 2164 432 2203 tassis
450 2164 711 2214 arrogantius
731 2167 772 2202 et
792 2166 932 2203 tamen
952 2178 1059 2212 vere,
1076 2178 1161 2203 non
1181 2164 1338 2203 minori
1357 2177 1425 2202 me
1445 2177 1555 2202 nexu
1574 2164 1726 2202 amoris
1741 2165 1780 2203 te
1801 2178 1908 2204 com-

309 2229 434 2280 plecti
454 2242 580 2279 quam
595 2228 626 2266 ii
646 2228 718 2279 qui
739 2229 858 2267 vnice
877 2232 919 2268 te
932 2230 1084 2278 colunt,
1107 2231 1361 2268 venerantur
1379 2242 1425 2267 ac
1445 2228 1637 2279 diligunt.
1690 2228 1824 2269 Testis
1843 2234 1906 2271 est

309 2294 415 2333 mihi
433 2294 557 2342 Deus,
580 2294 615 2332 si
635 2294 826 2332 mentior.
877 2295 933 2333 Et
952 2294 1144 2345 quamuis
1162 2294 1372 2332 beneficiis
1391 2296 1431 2332 te
1452 2307 1565 2332 nunc
1585 2293 1787 2344 donisque
1805 2297 1907 2334 tem-

309 2359 519 2409 poralibus
552 2372 748 2398 exornare
767 2373 851 2398 non
871 2361 1068 2408 valemus,
1093 2373 1195 2410 quae
1214 2360 1397 2410 profecto
1417 2359 1664 2409 reliquimus
1685 2361 1840 2410 omnia,
1859 2365 1906 2402 vt

307 2425 527 2475 aliquando
540 2424 696 2464 Christi
715 2425 811 2463 Iesu
830 2427 1073 2475 paupertate
1094 2425 1345 2473 ditaremur;
1373 2424 1562 2474 praestiti
1582 2426 1725 2463 tamen
1743 2426 1908 2466 assidue

253 2505 291 2527 20
308 2493 430 2540 atque
449 2489 662 2540 praestabo
683 2490 792 2540 quod
811 2490 955 2538 habui,
975 2503 1184 2529 summam
1204 2490 1399 2529 videlicet
1420 2489 1484 2528 tui
1511 2489 1558 2527 in
1584 2489 1774 2539 precibus
1796 2492 1905 2541 apud

309 2556 446 2594 Deum
467 2555 882 2604 commendationem,
906 2556 1086 2594 maxime
1106 2556 1150 2593 in
1178 2556 1436 2594 sacrosancto
1455 2556 1590 2594 sancti
1616 2555 1761 2593 altaris
1786 2557 1905 2595 sacri-

308 2621 412 2659 ficio.
487 2621 633 2669 Quare,
652 2620 713 2659 mi
731 2621 904 2659 Erasme
926 2620 1177 2669 dulcissime,
1202 2621 1319 2659 cadat
1339 2634 1482 2671 precor
1501 2620 1547 2658 in
1574 2623 1795 2670 conspectu
1822 2621 1905 2660 iam
1959 2651 1962 2653 .

308 2688 380 2724 tuo
402 2685 633 2735 deprecatio
653 2699 755 2733 mea,
775 2700 826 2724 ne
846 2686 1020 2736 repellas
1039 2700 1107 2724 me
1126 2699 1150 2724 a
1166 2688 1334 2725 tuorum
1353 2699 1538 2724 numero.
1581 2686 1640 2724 At
1660 2699 1711 2724 ne
1726 2685 1907 2737 longiori

308 2750 386 2789 tibi
416 2750 650 2800 prolixitate
681 2750 933 2801 displiceam,
968 2751 1142 2790 verbum
1172 2765 1256 2790 non
1286 2751 1464 2801 amplius
1489 2751 1650 2790 addam.
1706 2750 1821 2801 Vale,
1843 2751 1904 2791 mi

351 2837 427 2866 422.
451 2847 482 2875 9.
507 2839 576 2867 Post
592 2837 716 2878 fecero,
735 2841 872 2874 vbifinis
889 2842 932 2869 est
946 2849 1062 2876 versus,
1079 2840 1159 2869 deest
1174 2840 1302 2876 aliquid.
1407 2847 1460 2869 20.
1484 2837 1548 2868 heo
1564 2841 1636 2868 ante
1652 2837 1762 2868 habui
1778 2839 1904 2875 scripsit

309 2884 514 2910 awmnumzsis
530 2884 556 2910 et
570 2884 705 2912 deleuit:
729 2884 805 2913 aelel.
825 2884 889 2913 LB.

353 2978 427 3009 422.
458 2979 504 3008 18.
532 2980 762 3021 reliquimus]
782 2981 884 3013 Matt.
905 2991 953 3020 19.
974 2991 1027 3020 27.
1163 2990 1214 3019 24.
1239 2979 1403 3020 verbum]
1422 2978 1509 3009 Hor.
1528 2981 1560 3009 S.
1583 2988 1609 3009 1.
1628 2987 1656 3009 1.
1679 2987 1748 3009 121.
