2010 3417
253 162 332 201 402
719 154 968 194 LETTERS
1006 154 1075 192 OF
1115 153 1379 192 ERASMUS
1718 149 1758 204 [1
1768 163 1789 200 5
1799 164 1813 188 1
1821 154 1844 188 6

257 270 403 309 scribet
422 268 639 317 (quantum
668 265 718 302 ab
744 277 790 302 eo
816 262 1017 310 intellexi)
1036 261 1299 300 amicissime.
1360 260 1524 299 Literas
1550 260 1664 298 enim
1690 262 1783 299 tuas
1807 260 1846 298 ei

255 334 524 385 pluribusque
546 331 639 369 aliis
663 331 869 369 ostentare
898 328 1018 373 soleo,
1043 329 1282 377 tantamque
1310 326 1537 365 amicitiam
1563 326 1671 364 inter
1696 325 1849 363 amicos

257 398 541 449 depredicare:
569 409 650 446 quo
676 394 856 433 maxime
881 393 1050 431 nomine
1075 392 1200 431 fidem
1227 405 1361 430 meam
1381 394 1422 430 et
1440 391 1702 431 autoritatem
1731 392 1850 429 tueor

175 478 236 512 415
257 465 366 502 inter
384 477 453 502 eos
472 462 663 500 homines
683 460 753 510 qui
772 462 814 497 te
833 459 1063 497 Varronem
1084 469 1171 496 esse
1191 457 1415 496 memoriae
1435 458 1595 495 nostrae
1613 457 1845 504 autumant,

257 530 341 568 nisi
361 528 467 579 quod
489 527 583 576 plus
601 524 881 575 eloquentiam
910 522 1180 572 amplecteris.
1240 522 1308 560 Ibi
1327 523 1418 561 tum
1442 535 1517 572 ego
1536 522 1572 561 si
1591 521 1850 572 aliquantum

257 595 334 634 tibi
353 593 575 640 inuideam,
597 594 738 630 tamen
766 590 812 628 in
830 588 1114 627 vniuersitatis
1141 588 1393 627 sententiam
1411 589 1458 626 vt
1476 600 1567 626 eam
1592 599 1756 625 necesse
1774 588 1849 635 est,

258 673 343 698 non
371 659 543 709 pedibus
570 657 693 695 modo
721 655 792 694 sed
821 656 862 693 et
890 667 958 692 ore
985 655 1024 691 et
1054 653 1248 691 omnibus
1275 652 1489 692 sensibus:
1517 653 1746 704 vsqueadeo
1770 651 1853 691 ista

259 725 344 764 stili
362 725 539 775 puritate
557 725 598 761 et
618 721 776 771 ingenii
794 719 1043 759 amoenitate
1062 718 1251 757 omnium
1270 720 1424 768 puncta
1443 718 1667 757 emeruisti.
1719 717 1851 756 Ludo-

177 805 240 836 4²0
259 790 376 829 uicus
390 790 563 836 Ruzeus,
583 787 796 825 Parisinus
811 785 1103 835 supprefectUS,
1121 784 1314 833 quamuis
1332 784 1377 822 in
1392 784 1494 822 iuris
1512 783 1650 823 studio
1664 785 1853 822 versetur

259 855 310 895 ob
347 867 501 894 munus
536 852 746 891 iudicandi
779 864 860 901 quo
898 850 1097 899 fungitur,
1133 851 1278 887 natura
1312 851 1454 888 tamen
1484 850 1596 887 totus
1626 849 1678 887 ad
1710 848 1851 887 literas

259 921 514 960 amoeniores
542 919 696 966 fertur3
726 917 770 955 in
795 915 945 967 quibus
973 915 1132 953 iamdiu
1160 914 1412 965 tyrocinium
1439 914 1588 964 posuit,
1619 914 1664 953 in
1693 927 1851 965 compo-

260 986 408 1026 sitione
428 984 560 1023 facilis
579 985 620 1021 et
638 983 811 1032 elegans.
856 981 900 1019 Is
919 980 1025 1019 mihi
1045 980 1159 1018 omni
1178 993 1325 1030 genere
1346 979 1467 1018 officii
1486 979 1852 1019 coniunctissimus

260 1054 332 1099 est,
350 1053 397 1090 vt
416 1052 500 1088 iam
516 1049 713 1088 Deloinus
732 1048 819 1097 ipse
839 1048 1005 1085 nostrae
1023 1058 1108 1084 non
1128 1045 1184 1084 sit
1197 1044 1378 1084 familiae
1397 1044 1536 1083 notior
1554 1047 1596 1083 et
1614 1045 1781 1093 foribus,
1805 1057 1851 1084 ac

177 1133 217 1164 4²
223 1132 239 1164 5
260 1116 416 1156 nescias
436 1115 571 1154 vtrius
597 1115 680 1153 iam
698 1113 827 1151 limen
852 1112 985 1162 magis
1004 1113 1147 1149 teram.
1205 1109 1297 1149 Hos
1316 1124 1391 1160 pro
1410 1110 1642 1160 Pomponio
1661 1112 1702 1148 et
1721 1111 1854 1149 Bruto

260 1181 464 1228 haberem,
496 1179 533 1218 si
560 1179 697 1228 aliqua
725 1191 774 1216 ex
802 1179 920 1227 parte
948 1176 1153 1216 Ciceronis
1181 1175 1333 1214 similis
1360 1188 1493 1214 essem
1508 1190 1519 1224 ;
1548 1177 1739 1226 totosque
1768 1175 1851 1214 iam

259 1246 520 1297 possiderem,
553 1245 634 1283 nisi
662 1246 708 1282 tu
736 1243 883 1282 absens
911 1243 951 1281 in
982 1255 1171 1281 meorum
1204 1241 1436 1280 amicorum
1468 1241 1765 1291 possessionem
1793 1241 1855 1281 in·

261 1312 447 1359 uasisses,
471 1311 498 1348 ὦ
517 1311 662 1348 πάντων
680 1312 752 1347 τῶν
772 1308 924 1352 ἐνδόξων
942 1308 1284 1346 πλεονεκτικώτατε.
1335 1307 1445 1355 Quos
1464 1309 1606 1345 tamen
1625 1307 1735 1357 ipsos
1756 1320 1850 1346 cum

262 1389 335 1416 nec
358 1375 399 1414 vi
427 1388 501 1414 nec
529 1375 635 1413 clam
663 1388 738 1412 nec
767 1374 948 1423 precario
976 1373 1183 1423 possideas
1209 1372 1332 1420 (Vltro
1360 1372 1473 1411 enim
1502 1386 1589 1411 sese
1618 1373 1856 1424 ingerentes

179 1457 244 1491 430
261 1441 338 1480 tibi
357 1441 540 1491 possides
561 1442 600 1479 et
621 1439 758 1490 palam
783 1452 869 1478 sese
888 1438 1147 1486 addicentes),
1169 1451 1252 1476 non
1273 1441 1334 1476 est
1355 1438 1463 1487 quod
1485 1438 1563 1476 tibi
1581 1438 1761 1477 iudicem
1781 1441 1853 1477 aut

261 1508 584 1557 recuperatorem
604 1505 745 1554 feram,
768 1505 875 1554 apud
897 1517 1018 1554 quem
1039 1507 1176 1542 tecum
1195 1503 1415 1542 interdicto
1435 1504 1694 1542 contendam.

317 1571 564 1622 Itaqueiam
592 1573 728 1609 tecum
755 1570 991 1609 societatem
1017 1569 1245 1607 amicorum
1271 1581 1374 1617 coeo,
1400 1569 1435 1607 si
1454 1582 1527 1619 per
1546 1571 1588 1607 te
1614 1568 1719 1617 licet,
1742 1583 1855 1620 prae-

263 1638 405 1676 sertim
422 1650 516 1676 cum
536 1650 603 1675 me
622 1637 746 1675 etiam
766 1636 915 1685 ipsum,
934 1648 1018 1673 non
1039 1646 1152 1673 meos
1171 1636 1347 1683 tantum,
1366 1636 1487 1673 tuum
1506 1634 1648 1673 feceris
1667 1649 1675 1682 ;
1703 1637 1749 1673 vt
1768 1635 1853 1673 iam

263 1703 316 1742 sit
335 1702 438 1741 illud
458 1702 566 1740 inter
586 1714 660 1740 nos
678 1703 843 1751 pactum
862 1713 946 1738 non
964 1699 1147 1749 vulgaris
1171 1699 1377 1738 amicitiae
1405 1700 1471 1737 his
1489 1699 1626 1739 verbis
1643 1699 1754 1737 bona
1772 1699 1855 1738 fide

179 1785 240 1817 435
263 1770 532 1818 conceptum:
560 1768 597 1804 αἶ
626 1766 663 1805 δὲ
693 1766 872 1815 συνθῆκαι
901 1766 1002 1814 ἡμῶν
1021 1764 1289 1803 συντεθείσθων
1310 1763 1368 1813 ἐφ’
1389 1763 1415 1816 ᾧ
1434 1766 1480 1802 τά
1504 1782 1544 1802 τε
1569 1765 1690 1802 πάντα
1718 1765 1854 1814 κτησό-

262 1834 358 1884 μεθα
387 1835 488 1872 κοινὰ
518 1833 576 1870 καὶ
603 1833 686 1873 τοὺς
714 1832 847 1879 φίλους
881 1831 1020 1871 κοινοὺς
1049 1831 1187 1879 ἕξομεν.
1247 1830 1430 1869 Tametsi
1459 1830 1580 1868 Video
1608 1830 1652 1868 in
1681 1830 1757 1868 hac
1785 1843 1853 1869 me

264 1899 455 1938 societate
467 1911 551 1937 non
563 1910 712 1948 aequas
726 1898 863 1947 partes
877 1897 1058 1935 laturum
1072 1896 1155 1935 οὐδὲ
1168 1899 1240 1934 τῶν
1251 1895 1397 1934 δικαίων
1407 1897 1635 1945 τευξόμενον,
1647 1895 1854 1945 siquidem

263 1965 327 2004 illi
346 1964 424 2014 ipsi
451 1965 535 2002 iam
554 1966 723 2002 tuorum
749 1962 996 2012 scriptorum
1021 1961 1271 2000 amantiores
1300 1961 1611 2012 cupidioresque
1633 1961 1731 2000 facti
1756 1963 1854 2000 sunt

265 2043 388 2080 quam
421 2042 621 2067 meorum.
682 2028 935 2078 Quapropter
964 2030 1080 2066 tuam
1117 2027 1292 2077 gloriam
1325 2040 1411 2066 non
1443 2026 1567 2065 modo
1597 2026 1752 2065 nostris
1782 2026 1853 2065 sed

183 2111 247 2144 440
264 2095 390 2134 etiam
409 2095 599 2133 omnium
618 2107 743 2143 prope
763 2093 938 2132 dixerim
960 2093 1195 2143 aequalium
1213 2092 1445 2132 luminibus
1464 2093 1622 2132 officere
1640 2093 1827 2143 intelligo
1843 2108 1854 2132 ε

264 2161 493 2211 vsqueadeo
513 2160 563 2197 ab
584 2159 775 2197 omnibus
795 2160 984 2198 adamare
1004 2161 1045 2197 et
1065 2159 1279 2208 suspicere,
1301 2160 1348 2197 vt
1368 2172 1420 2198 ne
1439 2159 1665 2197 obtrectare
1685 2159 1854 2208 quidem

264 2226 332 2265 hic
360 2225 438 2263 tibi
457 2224 675 2275 quisquam
703 2225 858 2272 audeat,
880 2225 916 2263 si
940 2224 1116 2262 maxime
1146 2224 1293 2274 cupiat,
1315 2238 1367 2262 ne
1390 2224 1666 2274 perfunctorie
1686 2225 1853 2274 quidem

266 2289 431 2329 laudare
451 2290 552 2328 citra
569 2289 973 2339 praeuaricationem,
996 2288 1217 2328 hominum
1238 2289 1443 2340 opinione.

320 2355 437 2404 Quod
457 2355 610 2393 librum
630 2357 819 2393 nostrum
838 2354 998 2392 nemini
1017 2355 1216 2404 priuatim
1236 2355 1475 2401 dicauimus‚
1496 2354 1606 2393 malo
1626 2357 1668 2393 te
1686 2367 1854 2393 causam

184 2440 245 2471 445
266 2421 457 2473 quamuis
483 2420 681 2470 suspicari
701 2433 824 2469 quam
843 2433 866 2458 a
886 2433 950 2457 me
976 2420 1192 2458 certiorem
1218 2420 1318 2458 fieri.
1379 2420 1556 2459 Obuiam
1583 2420 1743 2470 aliquot
1770 2421 1854 2459 iam

309 2516 384 2547 415.
409 2509 598 2538 autumant
616 2509 653 2537 C:
679 2506 848 2537 dictitant
864 2508 898 2541 β.
1065 2507 1139 2544 416.
1162 2507 1388 2545 eloquentiae
1403 2508 1436 2540 β.
1547 2509 1625 2538 tum
1642 2517 1702 2546 ego
1719 2507 1749 2537 si
1767 2505 1852 2541 0²6:

267 2562 329 2592 ego
347 2551 487 2583 tametsi
506 2550 550 2581 Οἳ.
627 2552 699 2584 CB:
723 2549 991 2589 aliquantulum
1007 2552 1043 2580 F.
1144 2560 1216 2588 420.
1245 2550 1278 2579 01
1290 2552 1313 2584 Β
1329 2562 1335 2580 :
1359 2550 1516 2581 Rusaeus
1534 2550 1577 2581 ὄλ.
1680 2561 1754 2589 424.
1778 2560 1853 2582 non

267 2598 339 2626 adol.
359 2597 400 2625 N.
532 2603 605 2633 442.
629 2604 675 2624 ne
692 2594 933 2634 perfunctorie
949 2617 957 2624 .
978 2618 985 2624 .
1004 2603 1078 2632 443.
1096 2595 1265 2633 opinione
1282 2597 1355 2624 add.
1371 2595 1405 2628 β.

310 2683 387 2711 420.
410 2671 562 2713 Ruzeus]
587 2671 627 2712 (†
638 2681 665 2701 c.
685 2679 726 2709 25
747 2669 827 2700 Jan.
851 2670 961 2709 1526),
979 2678 1026 2700 an
1093 2669 1238 2700 Badius’
1261 2670 1391 2701 second
1413 2670 1552 2700 edition
1580 2670 1619 2700 of
1639 2669 1853 2710 Quintilian,

267 2717 434 2747 intimate
455 2715 572 2746 friend
594 2715 632 2745 of
652 2714 827 2744 Budaeus.
875 2714 932 2744 He
954 2723 1027 2743 was
1095 2714 1134 2743 18
1161 2713 1247 2743 Nov.
1275 2723 1368 2753 1520,
1399 2723 1457 2743 are
1483 2712 1672 2743 dedicated
1700 2715 1736 2744 to
1762 2713 1851 2745 him.

266 2759 575 2791 town-councillor
590 2758 627 2788 of
640 2757 739 2788 Paris
759 2766 852 2796 1500,
867 2757 1027 2787 member
1093 2757 1138 2788 In
1157 2757 1278 2787 March
1298 2766 1390 2795 1519,
1410 2757 1534 2787 whilst
1557 2766 1603 2787 on
1625 2767 1669 2787 an
1691 2757 1855 2796 embassy

269 2803 305 2833 of
326 2803 542 2834 Parliament
561 2811 654 2840 1511,
673 2800 745 2831 and
767 2800 1025 2839 subsequently
1092 2803 1129 2831 to
1139 2800 1357 2839 Liege,Ruze
1367 2800 1506 2831 indited
1518 2809 1564 2830 an
1574 2800 1699 2839 epistle
1711 2802 1744 2830 to
1755 2800 1855 2831 Eras-

269 2847 488 2877 ‘lieutenant
526 2845 628 2876 civil’
664 2854 703 2874 or
741 2844 954 2882 sub-prefect
992 2842 1031 2873 of
1093 2853 1188 2881 mus3
1202 2844 1323 2874 which
1335 2844 1528 2883 appearsin
1537 2843 1613 2882 E,p.
1630 2844 1856 2882 152,butwas

269 2889 380 2919 Paris.
429 2889 484 2919 He
500 2898 573 2919 was
593 2898 613 2918 a
628 2891 754 2927 patron
776 2887 813 2917 of
826 2887 1024 2926 literature,
1094 2887 1254 2925 omitted,
1262 2887 1431 2926 probably
1442 2887 1597 2925 through
1608 2897 1653 2917 an
1664 2887 1856 2927 oversight‚

268 2932 338 2962 and
352 2932 540 2971 Longolius
553 2932 623 2962 and
634 2932 796 2961 Tusanus
808 2930 906 2960 owed
920 2930 1026 2960 much
1093 2931 1132 2960 in
1150 2931 1241 2961 later
1256 2930 1424 2961 editions.
1470 2931 1535 2961 See
1552 2929 1627 2960 ΒΕ4
1643 2940 1675 2969 p.
1696 2940 1736 2960 10
1751 2940 1787 2960 11,

269 2978 306 3003 to
329 2974 417 3005 him.
463 2975 595 3005 Robert
616 2974 843 3005 Fortunatus’
860 2973 1027 3013 Cyprian.
1138 2984 1212 3012 444.
1239 2974 1389 3014 librum]
1412 2973 1487 3004 The
1507 2976 1552 3004 De
1572 2976 1659 3013 Asse,
1678 2973 1799 3004 which
1823 2972 1854 3002 is

270 3016 378 3057 Paris,
403 3018 442 3048 Β.
469 3017 641 3056 Rembolt,
668 3027 706 3056 13
728 3018 813 3048 Nov.
842 3026 933 3055 1512,
957 3016 1028 3046 and
1096 3017 1280 3048 dedicated
1297 3019 1334 3047 to
1350 3017 1529 3048 students.
