<?xml version="1.0" encoding="UTF-8"?>
<!DOCTYPE html PUBLIC "-//W3C//DTD XHTML 1.0 Transitional//EN"
    "http://www.w3.org/TR/xhtml1/DTD/xhtml1-transitional.dtd">
<html xmlns="http://www.w3.org/1999/xhtml" xml:lang="en" lang="en">
 <head>
  <title>
</title>
<meta http-equiv="Content-Type" content="text/html;charset=utf-8" />
  <meta name='ocr-system' content='tesseract 3.04.00' />
  <meta name='ocr-capabilities' content='ocr_page ocr_carea ocr_par ocr_line ocrx_word'/>
</head>
<body>
  <div class='ocr_page' id='page_1' title='image "./opusepistolarumd02erasuoft/opusepistolarumd02erasuoft_0112.png"; bbox 0 0 2010 3417; ppageno 0'>
   <div class='ocr_carea' id='block_1_1' title="bbox 329 140 1912 194">
    <p class='ocr_par' dir='ltr' id='par_1_1' title="bbox 329 140 1912 194">
     <span class='ocr_line' id='line_1_1' title="bbox 329 140 1912 194; baseline -0.006 -6"><span class='ocrx_word' id='word_1_1' title='bbox 329 150 381 188; x_wconf 78' lang='lat'>88</span> <span class='ocrx_word' id='word_1_2' title='bbox 791 146 1041 186; x_wconf 78' lang='lat' dir='ltr'>LETTERS</span> <span class='ocrx_word' id='word_1_3' title='bbox 1080 145 1148 184; x_wconf 80' lang='lat' dir='ltr'>OF</span> <span class='ocrx_word' id='word_1_4' title='bbox 1185 144 1450 183; x_wconf 79' lang='lat' dir='ltr'>ERAsMus</span> <span class='ocrx_word' id='word_1_5' title='bbox 1789 140 1912 194; x_wconf 86' lang='lat'><strong>[1515</strong></span> 
     </span>
    </p>
   </div>
   <div class='ocr_carea' id='block_1_2' title="bbox 251 250 1988 2649">
    <p class='ocr_par' dir='ltr' id='par_1_2' title="bbox 251 250 1922 565">
     <span class='ocr_line' id='line_1_2' title="bbox 251 250 1916 306; baseline -0.003 -11"><span class='ocrx_word' id='word_1_6' title='bbox 251 266 309 306; x_wconf 80' lang='lat'>285</span> <span class='ocrx_word' id='word_1_7' title='bbox 329 272 413 298; x_wconf 92' lang='lat' dir='ltr'>non</span> <span class='ocrx_word' id='word_1_8' title='bbox 431 258 684 297; x_wconf 88' lang='lat' dir='ltr'>resecuimus</span> <span class='ocrx_word' id='word_1_9' title='bbox 704 255 881 306; x_wconf 88' lang='lat' dir='ltr'>quidem,</span> <span class='ocrx_word' id='word_1_10' title='bbox 896 254 967 293; x_wconf 88' lang='lat' dir='ltr'>sed</span> <span class='ocrx_word' id='word_1_11' title='bbox 988 253 1040 292; x_wconf 88' lang='lat' dir='ltr'>ab</span> <span class='ocrx_word' id='word_1_12' title='bbox 1055 252 1147 290; x_wconf 90' lang='lat' dir='ltr'>aliis</span> <span class='ocrx_word' id='word_1_13' title='bbox 1160 253 1340 290; x_wconf 88' lang='lat' dir='ltr'>semotos</span> <span class='ocrx_word' id='word_1_14' title='bbox 1355 250 1556 300; x_wconf 87' lang='lat' dir='ltr'>ademptis</span> <span class='ocrx_word' id='word_1_15' title='bbox 1574 251 1709 290; x_wconf 89' lang='lat' dir='ltr'>titulis</span> <span class='ocrx_word' id='word_1_16' title='bbox 1728 252 1772 290; x_wconf 90' lang='lat' dir='ltr'>in</span> <span class='ocrx_word' id='word_1_17' title='bbox 1793 265 1916 290; x_wconf 86' lang='lat' dir='ltr'>suum</span> 
     </span>
     <span class='ocr_line' id='line_1_3' title="bbox 331 316 1918 373; baseline -0.004 -11"><span class='ocrx_word' id='word_1_18' title='bbox 331 323 606 373; x_wconf 87' lang='lat' dir='ltr'>relegauimus</span> <span class='ocrx_word' id='word_1_19' title='bbox 637 323 800 359; x_wconf 90' lang='lat' dir='ltr'>tomum</span> <span class='ocrx_word' id='word_1_20' title='bbox 815 333 825 367; x_wconf 90' lang='grc'>;</span> <span class='ocrx_word' id='word_1_21' title='bbox 867 321 914 357; x_wconf 84' lang='lat' dir='ltr'>vt</span> <span class='ocrx_word' id='word_1_22' title='bbox 947 331 1079 368; x_wconf 90' lang='lat' dir='ltr'>neque</span> <span class='ocrx_word' id='word_1_23' title='bbox 1114 316 1169 355; x_wconf 88' lang='lat' dir='ltr'>sit</span> <span class='ocrx_word' id='word_1_24' title='bbox 1202 316 1310 366; x_wconf 87' lang='lat' dir='ltr'>quod</span> <span class='ocrx_word' id='word_1_25' title='bbox 1339 316 1581 366; x_wconf 88' lang='lat' dir='ltr'>desyderare</span> <span class='ocrx_word' id='word_1_26' title='bbox 1609 318 1745 365; x_wconf 88' lang='lat' dir='ltr'>posset</span> <span class='ocrx_word' id='word_1_27' title='bbox 1772 317 1918 356; x_wconf 89' lang='lat' dir='ltr'>auidus</span> 
     </span>
     <span class='ocr_line' id='line_1_4' title="bbox 330 380 1920 438; baseline -0.003 -12"><span class='ocrx_word' id='word_1_28' title='bbox 330 387 460 438; x_wconf 87' lang='lat' dir='ltr'>magis</span> <span class='ocrx_word' id='word_1_29' title='bbox 488 399 614 437; x_wconf 88' lang='lat' dir='ltr'>quam</span> <span class='ocrx_word' id='word_1_30' title='bbox 642 385 807 434; x_wconf 81' lang='lat' dir='ltr'>elegans</span> <span class='ocrx_word' id='word_1_31' title='bbox 835 383 974 430; x_wconf 89' lang='lat' dir='ltr'>lector,</span> <span class='ocrx_word' id='word_1_32' title='bbox 997 395 1131 432; x_wconf 88' lang='lat' dir='ltr'>neque</span> <span class='ocrx_word' id='word_1_33' title='bbox 1159 394 1326 420; x_wconf 88' lang='lat' dir='ltr'>rursum</span> <span class='ocrx_word' id='word_1_34' title='bbox 1349 382 1437 420; x_wconf 90' lang='lat' dir='ltr'>tam</span> <span class='ocrx_word' id='word_1_35' title='bbox 1462 380 1644 419; x_wconf 89' lang='lat' dir='ltr'>insulsae</span> <span class='ocrx_word' id='word_1_36' title='bbox 1668 380 1813 419; x_wconf 80' lang='lat' dir='ltr'>neniae</span> <span class='ocrx_word' id='word_1_37' title='bbox 1832 394 1920 421; x_wconf 89' lang='lat' dir='ltr'>sese</span> 
     </span>
     <span class='ocr_line' id='line_1_5' title="bbox 331 446 1922 502; baseline -0.003 -11"><span class='ocrx_word' id='word_1_38' title='bbox 331 452 499 502; x_wconf 88' lang='lat' dir='ltr'>posthac</span> <span class='ocrx_word' id='word_1_39' title='bbox 527 453 615 490; x_wconf 89' lang='lat' dir='ltr'>tam</span> <span class='ocrx_word' id='word_1_40' title='bbox 645 448 982 499; x_wconf 89' lang='lat' dir='ltr'>incomparabilis</span> <span class='ocrx_word' id='word_1_41' title='bbox 1014 447 1097 487; x_wconf 89' lang='lat' dir='ltr'>viri</span> <span class='ocrx_word' id='word_1_42' title='bbox 1128 447 1255 486; x_wconf 88' lang='lat' dir='ltr'>titulo</span> <span class='ocrx_word' id='word_1_43' title='bbox 1288 446 1562 485; x_wconf 88' lang='lat' dir='ltr'>venditarent.</span> <span class='ocrx_word' id='word_1_44' title='bbox 1619 447 1762 496; x_wconf 87' lang='lat' dir='ltr'>Atque</span> <span class='ocrx_word' id='word_1_45' title='bbox 1792 446 1835 484; x_wconf 92' lang='lat' dir='ltr'>id</span> <span class='ocrx_word' id='word_1_46' title='bbox 1869 460 1922 486; x_wconf 86' lang='lat' dir='ltr'>ne</span> 
     </span>
     <span class='ocr_line' id='line_1_6' title="bbox 331 511 1922 565; baseline -0.004 -10"><span class='ocrx_word' id='word_1_47' title='bbox 331 517 523 555; x_wconf 76' lang='lat' dir='ltr'>audacter</span> <span class='ocrx_word' id='word_1_48' title='bbox 559 515 693 565; x_wconf 85' lang='lat' dir='ltr'>magis</span> <span class='ocrx_word' id='word_1_49' title='bbox 729 527 855 565; x_wconf 89' lang='lat' dir='ltr'>quam</span> <span class='ocrx_word' id='word_1_50' title='bbox 893 513 1045 552; x_wconf 88' lang='lat' dir='ltr'>iudicio</span> <span class='ocrx_word' id='word_1_51' title='bbox 1078 512 1223 551; x_wconf 88' lang='lat' dir='ltr'>fecisse</span> <span class='ocrx_word' id='word_1_52' title='bbox 1251 512 1499 561; x_wconf 81' lang='lat' dir='ltr'>videremur,</span> <span class='ocrx_word' id='word_1_53' title='bbox 1522 511 1849 562; x_wconf 75' lang='lat' dir='ltr'>praefationibus</span> <span class='ocrx_word' id='word_1_54' title='bbox 1880 514 1922 550; x_wconf 88' lang='lat' dir='ltr'>et</span> 
     </span>
    </p>

    <p class='ocr_par' dir='ltr' id='par_1_3' title="bbox 253 577 1926 895">
     <span class='ocr_line' id='line_1_7' title="bbox 253 577 1923 631; baseline -0.002 -11"><span class='ocrx_word' id='word_1_55' title='bbox 253 598 314 631; x_wconf 83' lang='lat'>²90</span> <span class='ocrx_word' id='word_1_56' title='bbox 332 581 513 621; x_wconf 84' lang='lat' dir='ltr'>censuris</span> <span class='ocrx_word' id='word_1_57' title='bbox 531 580 693 629; x_wconf 89' lang='lat' dir='ltr'>additis,</span> <span class='ocrx_word' id='word_1_58' title='bbox 715 579 815 631; x_wconf 91' lang='lat' dir='ltr'>quid</span> <span class='ocrx_word' id='word_1_59' title='bbox 842 580 888 618; x_wconf 91' lang='lat' dir='ltr'>in</span> <span class='ocrx_word' id='word_1_60' title='bbox 915 579 984 618; x_wconf 91' lang='lat' dir='ltr'>his</span> <span class='ocrx_word' id='word_1_61' title='bbox 1009 578 1139 617; x_wconf 89' lang='lat' dir='ltr'>secuti</span> <span class='ocrx_word' id='word_1_62' title='bbox 1163 578 1294 616; x_wconf 88' lang='lat' dir='ltr'>simus</span> <span class='ocrx_word' id='word_1_63' title='bbox 1313 577 1508 616; x_wconf 90' lang='lat' dir='ltr'>lectorem</span> <span class='ocrx_word' id='word_1_64' title='bbox 1528 577 1754 616; x_wconf 84' lang='lat' dir='ltr'>docuimus.</span> <span class='ocrx_word' id='word_1_65' title='bbox 1814 577 1923 626; x_wconf 79' lang='lat' dir='ltr'>Quid</span> 
     </span>
     <span class='ocr_line' id='line_1_8' title="bbox 333 641 1925 692; baseline -0.004 -6"><span class='ocrx_word' id='word_1_66' title='bbox 333 647 475 686; x_wconf 90' lang='lat' dir='ltr'>multis</span> <span class='ocrx_word' id='word_1_67' title='bbox 487 648 508 686; x_wconf 79' lang='lat'>⁶?</span> <span class='ocrx_word' id='word_1_68' title='bbox 563 646 745 685; x_wconf 87' lang='lat' dir='ltr'>Tantum</span> <span class='ocrx_word' id='word_1_69' title='bbox 763 645 830 683; x_wconf 89' lang='lat' dir='ltr'>hic</span> <span class='ocrx_word' id='word_1_70' title='bbox 850 644 1002 683; x_wconf 90' lang='lat' dir='ltr'>laboris</span> <span class='ocrx_word' id='word_1_71' title='bbox 1021 643 1280 682; x_wconf 74' lang='lat' dir='ltr'>exantlatum</span> <span class='ocrx_word' id='word_1_72' title='bbox 1300 644 1372 690; x_wconf 85' lang='lat' dir='ltr'>est,</span> <span class='ocrx_word' id='word_1_73' title='bbox 1394 644 1441 681; x_wconf 86' lang='lat' dir='ltr'>vt</span> <span class='ocrx_word' id='word_1_74' title='bbox 1460 655 1607 692; x_wconf 90' lang='lat' dir='ltr'>parum</span> <span class='ocrx_word' id='word_1_75' title='bbox 1625 641 1804 681; x_wconf 89' lang='lat' dir='ltr'>abfuerit</span> <span class='ocrx_word' id='word_1_76' title='bbox 1823 641 1925 692; x_wconf 89' lang='lat' dir='ltr'>quin</span> 
     </span>
     <span class='ocr_line' id='line_1_9' title="bbox 334 707 1921 763; baseline -0.003 -12"><span class='ocrx_word' id='word_1_77' title='bbox 334 713 541 763; x_wconf 88' lang='lat' dir='ltr'>meipsum</span> <span class='ocrx_word' id='word_1_78' title='bbox 567 711 786 759; x_wconf 86' lang='lat' dir='ltr'>enecarim,</span> <span class='ocrx_word' id='word_1_79' title='bbox 808 711 910 750; x_wconf 92' lang='lat' dir='ltr'>dum</span> <span class='ocrx_word' id='word_1_80' title='bbox 939 709 1083 749; x_wconf 89' lang='lat' dir='ltr'>sedulo</span> <span class='ocrx_word' id='word_1_81' title='bbox 1111 708 1274 748; x_wconf 87' lang='lat' dir='ltr'>adnitor</span> <span class='ocrx_word' id='word_1_82' title='bbox 1294 710 1340 747; x_wconf 91' lang='lat' dir='ltr'>vt</span> <span class='ocrx_word' id='word_1_83' title='bbox 1365 707 1649 757; x_wconf 83' lang='lat' dir='ltr'>Hieronymus</span> <span class='ocrx_word' id='word_1_84' title='bbox 1675 710 1921 747; x_wconf 84' lang='lat' dir='ltr'>renascatur.</span> 
     </span>
     <span class='ocr_line' id='line_1_10' title="bbox 334 773 1926 828; baseline -0.004 -11"><span class='ocrx_word' id='word_1_85' title='bbox 334 778 476 828; x_wconf 87' lang='lat' dir='ltr'>Neque</span> <span class='ocrx_word' id='word_1_86' title='bbox 496 777 664 817; x_wconf 90' lang='lat' dir='ltr'>verebor</span> <span class='ocrx_word' id='word_1_87' title='bbox 686 777 791 816; x_wconf 92' lang='lat' dir='ltr'>illud</span> <span class='ocrx_word' id='word_1_88' title='bbox 811 776 877 816; x_wconf 89' lang='lat' dir='ltr'>vel</span> <span class='ocrx_word' id='word_1_89' title='bbox 902 774 1167 814; x_wconf 90' lang='lat' dir='ltr'>iureiurando</span> <span class='ocrx_word' id='word_1_90' title='bbox 1197 774 1451 822; x_wconf 89' lang='lat' dir='ltr'>confirmare,</span> <span class='ocrx_word' id='word_1_91' title='bbox 1473 773 1649 812; x_wconf 87' lang='lat' dir='ltr'>minoris</span> <span class='ocrx_word' id='word_1_92' title='bbox 1676 774 1755 823; x_wconf 88' lang='lat' dir='ltr'>ipsi</span> <span class='ocrx_word' id='word_1_93' title='bbox 1782 773 1926 812; x_wconf 90' lang='lat' dir='ltr'>Hiero-</span> 
     </span>
     <span class='ocr_line' id='line_1_11' title="bbox 335 839 1926 895; baseline -0.004 -12"><span class='ocrx_word' id='word_1_94' title='bbox 335 857 462 895; x_wconf 93' lang='lat' dir='ltr'>nymo</span> <span class='ocrx_word' id='word_1_95' title='bbox 482 843 717 883; x_wconf 84' lang='lat' dir='ltr'>constitisse</span> <span class='ocrx_word' id='word_1_96' title='bbox 736 856 830 882; x_wconf 88' lang='lat' dir='ltr'>suas</span> <span class='ocrx_word' id='word_1_97' title='bbox 853 842 1064 892; x_wconf 86' lang='lat' dir='ltr'>scripsisse</span> <span class='ocrx_word' id='word_1_98' title='bbox 1089 840 1396 880; x_wconf 86' lang='lat' dir='ltr'>lucubrationes</span> <span class='ocrx_word' id='word_1_99' title='bbox 1416 852 1539 889; x_wconf 87' lang='lat' dir='ltr'>quam</span> <span class='ocrx_word' id='word_1_100' title='bbox 1559 839 1680 878; x_wconf 87' lang='lat' dir='ltr'>nobis</span> <span class='ocrx_word' id='word_1_101' title='bbox 1699 839 1926 879; x_wconf 88' lang='lat' dir='ltr'>restituisse</span> 
     </span>
    </p>

    <p class='ocr_par' dir='ltr' id='par_1_4' title="bbox 257 909 634 959">
     <span class='ocr_line' id='line_1_12' title="bbox 257 909 634 959; baseline -0.003 -11"><span class='ocrx_word' id='word_1_102' title='bbox 257 926 316 959; x_wconf 86' lang='lat'>295</span> <span class='ocrx_word' id='word_1_103' title='bbox 335 912 376 950; x_wconf 89' lang='lat' dir='ltr'>et</span> <span class='ocrx_word' id='word_1_104' title='bbox 394 909 634 949; x_wconf 85' lang='lat' dir='ltr'>illustrasse.</span> 
     </span>
    </p>

    <p class='ocr_par' dir='ltr' id='par_1_5' title="bbox 338 969 1933 1220">
     <span class='ocr_line' id='line_1_13' title="bbox 390 969 1929 1024; baseline -0.003 -11"><span class='ocrx_word' id='word_1_105' title='bbox 390 975 539 1014; x_wconf 88' lang='lat' dir='ltr'>Feruet</span> <span class='ocrx_word' id='word_1_106' title='bbox 558 974 685 1024; x_wconf 86' lang='lat' dir='ltr'>igitur</span> <span class='ocrx_word' id='word_1_107' title='bbox 704 973 953 1024; x_wconf 89' lang='lat' dir='ltr'>iampridem</span> <span class='ocrx_word' id='word_1_108' title='bbox 972 972 1120 1022; x_wconf 85' lang='lat' dir='ltr'>ingens</span> <span class='ocrx_word' id='word_1_109' title='bbox 1141 984 1254 1022; x_wconf 88' lang='lat' dir='ltr'>opus,</span> <span class='ocrx_word' id='word_1_110' title='bbox 1273 972 1314 1009; x_wconf 89' lang='lat' dir='ltr'>et</span> <span class='ocrx_word' id='word_1_111' title='bbox 1333 971 1442 1019; x_wconf 89' lang='lat' dir='ltr'>apud</span> <span class='ocrx_word' id='word_1_112' title='bbox 1462 969 1665 1019; x_wconf 91' lang='lat' dir='ltr'>inclytam</span> <span class='ocrx_word' id='word_1_113' title='bbox 1685 969 1929 1009; x_wconf 84' lang='lat' dir='ltr'>Germaniae</span> 
     </span>
     <span class='ocr_line' id='line_1_14' title="bbox 338 1035 1925 1086; baseline -0.004 -7"><span class='ocrx_word' id='word_1_114' title='bbox 338 1040 542 1080; x_wconf 88' lang='lat' dir='ltr'>Basileam</span> <span class='ocrx_word' id='word_1_115' title='bbox 557 1041 671 1078; x_wconf 89' lang='lat' dir='ltr'>totus</span> <span class='ocrx_word' id='word_1_116' title='bbox 689 1038 920 1078; x_wconf 84' lang='lat' dir='ltr'>renascitur</span> <span class='ocrx_word' id='word_1_117' title='bbox 936 1037 1221 1086; x_wconf 85' lang='lat' dir='ltr'>Hieronymus</span> <span class='ocrx_word' id='word_1_118' title='bbox 1237 1049 1247 1073; x_wconf 75' lang='lat' dir='ltr'>t</span> <span class='ocrx_word' id='word_1_119' title='bbox 1276 1035 1401 1085; x_wconf 90' lang='lat' dir='ltr'>idque</span> <span class='ocrx_word' id='word_1_120' title='bbox 1416 1035 1461 1073; x_wconf 92' lang='lat' dir='ltr'>in</span> <span class='ocrx_word' id='word_1_121' title='bbox 1482 1035 1643 1073; x_wconf 88' lang='lat' dir='ltr'>officina</span> <span class='ocrx_word' id='word_1_122' title='bbox 1658 1035 1925 1083; x_wconf 86' lang='lat' dir='ltr'>Frobeniana,</span> 
     </span>
     <span class='ocr_line' id='line_1_15' title="bbox 340 1100 1927 1155; baseline -0.004 -11"><span class='ocrx_word' id='word_1_123' title='bbox 340 1118 419 1155; x_wconf 90' lang='lat' dir='ltr'>qua</span> <span class='ocrx_word' id='word_1_124' title='bbox 437 1118 522 1143; x_wconf 90' lang='lat' dir='ltr'>non</span> <span class='ocrx_word' id='word_1_125' title='bbox 537 1106 601 1143; x_wconf 90' lang='lat' dir='ltr'>est</span> <span class='ocrx_word' id='word_1_126' title='bbox 620 1104 700 1143; x_wconf 86' lang='lat' dir='ltr'>alia</span> <span class='ocrx_word' id='word_1_127' title='bbox 713 1103 781 1143; x_wconf 87' lang='lat' dir='ltr'>vel</span> <span class='ocrx_word' id='word_1_128' title='bbox 798 1102 1023 1141; x_wconf 87' lang='lat' dir='ltr'>accuratior</span> <span class='ocrx_word' id='word_1_129' title='bbox 1042 1102 1110 1141; x_wconf 89' lang='lat' dir='ltr'>vel</span> <span class='ocrx_word' id='word_1_130' title='bbox 1126 1101 1236 1141; x_wconf 86' lang='lat' dir='ltr'>vnde</span> <span class='ocrx_word' id='word_1_131' title='bbox 1255 1100 1351 1151; x_wconf 89' lang='lat' dir='ltr'>plus</span> <span class='ocrx_word' id='word_1_132' title='bbox 1370 1100 1574 1139; x_wconf 89' lang='lat' dir='ltr'>bonorum</span> <span class='ocrx_word' id='word_1_133' title='bbox 1593 1102 1711 1139; x_wconf 83' lang='lat' dir='ltr'>exeat</span> <span class='ocrx_word' id='word_1_134' title='bbox 1729 1100 1927 1148; x_wconf 89' lang='lat' dir='ltr'>codicum,</span> 
     </span>
     <span class='ocr_line' id='line_1_16' title="bbox 338 1165 1933 1220; baseline -0.004 -11"><span class='ocrx_word' id='word_1_135' title='bbox 338 1169 579 1220; x_wconf 87' lang='lat' dir='ltr'>praesertim</span> <span class='ocrx_word' id='word_1_136' title='bbox 597 1169 668 1219; x_wconf 92' lang='lat' dir='ltr'>qui</span> <span class='ocrx_word' id='word_1_137' title='bbox 680 1169 730 1207; x_wconf 90' lang='lat' dir='ltr'>ad</span> <span class='ocrx_word' id='word_1_138' title='bbox 746 1181 880 1207; x_wconf 89' lang='lat' dir='ltr'>sacras</span> <span class='ocrx_word' id='word_1_139' title='bbox 894 1168 1129 1218; x_wconf 89' lang='lat' dir='ltr'>pertineant</span> <span class='ocrx_word' id='word_1_140' title='bbox 1141 1167 1310 1206; x_wconf 87' lang='lat' dir='ltr'>litteras.</span> <span class='ocrx_word' id='word_1_141' title='bbox 1349 1166 1490 1216; x_wconf 89' lang='lat' dir='ltr'>Neque</span> <span class='ocrx_word' id='word_1_142' title='bbox 1504 1178 1602 1205; x_wconf 88' lang='lat' dir='ltr'>vero</span> <span class='ocrx_word' id='word_1_143' title='bbox 1614 1166 1739 1204; x_wconf 82' lang='lat' dir='ltr'>vnius</span> <span class='ocrx_word' id='word_1_144' title='bbox 1750 1165 1933 1204; x_wconf 81' lang='lat' dir='ltr'>hominis</span> 
     </span>
    </p>

    <p class='ocr_par' dir='ltr' id='par_1_6' title="bbox 260 1231 1936 1545">
     <span class='ocr_line' id='line_1_17' title="bbox 260 1231 1934 1285; baseline -0.003 -10"><span class='ocrx_word' id='word_1_145' title='bbox 260 1237 406 1285; x_wconf 75' lang='grc'><strong>3001110</strong></span> <span class='ocrx_word' id='word_1_146' title='bbox 433 1236 551 1274; x_wconf 89' lang='lat' dir='ltr'>labor</span> <span class='ocrx_word' id='word_1_147' title='bbox 579 1237 641 1274; x_wconf 92' lang='lat' dir='ltr'>est</span> <span class='ocrx_word' id='word_1_148' title='bbox 669 1248 803 1284; x_wconf 89' lang='lat' dir='ltr'>neque</span> <span class='ocrx_word' id='word_1_149' title='bbox 831 1235 956 1273; x_wconf 88' lang='lat' dir='ltr'>vnius</span> <span class='ocrx_word' id='word_1_150' title='bbox 982 1233 1165 1272; x_wconf 88' lang='lat' dir='ltr'>hominis</span> <span class='ocrx_word' id='word_1_151' title='bbox 1199 1232 1468 1282; x_wconf 87' lang='lat' dir='ltr'>impendium.</span> <span class='ocrx_word' id='word_1_152' title='bbox 1543 1231 1652 1270; x_wconf 87' lang='lat' dir='ltr'>Nam</span> <span class='ocrx_word' id='word_1_153' title='bbox 1685 1231 1732 1270; x_wconf 92' lang='lat' dir='ltr'>in</span> <span class='ocrx_word' id='word_1_154' title='bbox 1764 1231 1934 1270; x_wconf 87' lang='lat' dir='ltr'>caeteris</span> 
     </span>
     <span class='ocr_line' id='line_1_18' title="bbox 341 1296 1935 1350; baseline -0.004 -10"><span class='ocrx_word' id='word_1_155' title='bbox 341 1301 591 1350; x_wconf 89' lang='lat' dir='ltr'>Hieronymi</span> <span class='ocrx_word' id='word_1_156' title='bbox 610 1299 907 1347; x_wconf 86' lang='lat' dir='ltr'>monumentis,</span> <span class='ocrx_word' id='word_1_157' title='bbox 928 1312 1031 1349; x_wconf 90' lang='lat' dir='ltr'>quae</span> <span class='ocrx_word' id='word_1_158' title='bbox 1051 1298 1158 1337; x_wconf 93' lang='lat' dir='ltr'>mihi</span> <span class='ocrx_word' id='word_1_159' title='bbox 1174 1311 1257 1336; x_wconf 91' lang='lat' dir='ltr'>non</span> <span class='ocrx_word' id='word_1_160' title='bbox 1278 1297 1448 1347; x_wconf 89' lang='lat' dir='ltr'>sumpsi,</span> <span class='ocrx_word' id='word_1_161' title='bbox 1465 1296 1591 1335; x_wconf 90' lang='lat' dir='ltr'>etiam</span> <span class='ocrx_word' id='word_1_162' title='bbox 1605 1296 1641 1335; x_wconf 90' lang='lat' dir='ltr'>si</span> <span class='ocrx_word' id='word_1_163' title='bbox 1655 1310 1730 1346; x_wconf 91' lang='lat' dir='ltr'>pro</span> <span class='ocrx_word' id='word_1_164' title='bbox 1745 1298 1935 1347; x_wconf 89' lang='lat' dir='ltr'>tempore</span> 
     </span>
     <span class='ocr_line' id='line_1_19' title="bbox 341 1361 1934 1416; baseline -0.003 -11"><span class='ocrx_word' id='word_1_165' title='bbox 341 1366 534 1406; x_wconf 89' lang='lat' dir='ltr'>nonnihil</span> <span class='ocrx_word' id='word_1_166' title='bbox 561 1365 751 1416; x_wconf 87' lang='lat' dir='ltr'>opitulor,</span> <span class='ocrx_word' id='word_1_167' title='bbox 775 1378 799 1403; x_wconf 92' lang='lat' dir='ltr'>a</span> <span class='ocrx_word' id='word_1_168' title='bbox 827 1363 1110 1414; x_wconf 89' lang='lat' dir='ltr'>compluribus</span> <span class='ocrx_word' id='word_1_169' title='bbox 1138 1363 1432 1401; x_wconf 87' lang='lat' dir='ltr'>eruditissimis</span> <span class='ocrx_word' id='word_1_170' title='bbox 1450 1363 1553 1401; x_wconf 89' lang='lat' dir='ltr'>viris</span> <span class='ocrx_word' id='word_1_171' title='bbox 1576 1362 1662 1400; x_wconf 91' lang='lat' dir='ltr'>iam</span> <span class='ocrx_word' id='word_1_172' title='bbox 1687 1361 1848 1411; x_wconf 89' lang='lat' dir='ltr'>pridem</span> <span class='ocrx_word' id='word_1_173' title='bbox 1871 1364 1934 1400; x_wconf 89' lang='lat' dir='ltr'>est</span> 
     </span>
     <span class='ocr_line' id='line_1_20' title="bbox 343 1427 1935 1480; baseline -0.003 -10"><span class='ocrx_word' id='word_1_174' title='bbox 343 1432 602 1471; x_wconf 90' lang='lat' dir='ltr'>desudatum.</span> <span class='ocrx_word' id='word_1_175' title='bbox 677 1431 796 1469; x_wconf 89' lang='lat' dir='ltr'>Inter</span> <span class='ocrx_word' id='word_1_176' title='bbox 825 1443 928 1480; x_wconf 91' lang='lat' dir='ltr'>quos</span> <span class='ocrx_word' id='word_1_177' title='bbox 955 1430 1020 1468; x_wconf 89' lang='lat' dir='ltr'>est</span> <span class='ocrx_word' id='word_1_178' title='bbox 1047 1428 1224 1467; x_wconf 85' lang='lat' dir='ltr'>eximius</span> <span class='ocrx_word' id='word_1_179' title='bbox 1261 1428 1333 1466; x_wconf 93' lang='lat' dir='ltr'>ille</span> <span class='ocrx_word' id='word_1_180' title='bbox 1361 1428 1436 1476; x_wconf 82' lang='lat' dir='ltr'>vir,</span> <span class='ocrx_word' id='word_1_181' title='bbox 1470 1427 1649 1466; x_wconf 90' lang='lat' dir='ltr'>Ioannes</span> <span class='ocrx_word' id='word_1_182' title='bbox 1678 1427 1935 1466; x_wconf 84' lang='lat' dir='ltr'>Reuchlinus</span> 
     </span>
     <span class='ocr_line' id='line_1_21' title="bbox 343 1492 1936 1545; baseline -0.004 -9"><span class='ocrx_word' id='word_1_183' title='bbox 343 1496 604 1545; x_wconf 88' lang='lat' dir='ltr'>Phorcensis,</span> <span class='ocrx_word' id='word_1_184' title='bbox 628 1496 759 1535; x_wconf 90' lang='lat' dir='ltr'>trium</span> <span class='ocrx_word' id='word_1_185' title='bbox 779 1495 1019 1545; x_wconf 84' lang='lat' dir='ltr'>linguarum</span> <span class='ocrx_word' id='word_1_186' title='bbox 1046 1495 1231 1541; x_wconf 84' lang='lat' dir='ltr'>Graecae,</span> <span class='ocrx_word' id='word_1_187' title='bbox 1255 1494 1426 1531; x_wconf 88' lang='lat' dir='ltr'>Latinae</span> <span class='ocrx_word' id='word_1_188' title='bbox 1451 1494 1491 1531; x_wconf 84' lang='lat' dir='ltr'>et</span> <span class='ocrx_word' id='word_1_189' title='bbox 1516 1492 1744 1531; x_wconf 86' lang='lat' dir='ltr'>Hebraicae</span> <span class='ocrx_word' id='word_1_190' title='bbox 1762 1506 1866 1542; x_wconf 90' lang='lat' dir='ltr'>pene</span> <span class='ocrx_word' id='word_1_191' title='bbox 1885 1505 1936 1530; x_wconf 82' lang='lat' dir='ltr'>ex</span> 
     </span>
    </p>

    <p class='ocr_par' dir='ltr' id='par_1_7' title="bbox 265 1557 1941 1872">
     <span class='ocr_line' id='line_1_22' title="bbox 265 1557 1937 1613; baseline -0.004 -12"><span class='ocrx_word' id='word_1_192' title='bbox 265 1581 324 1613; x_wconf 77' lang='lat'>305</span> <span class='ocrx_word' id='word_1_193' title='bbox 343 1575 471 1612; x_wconf 90' lang='lat' dir='ltr'>aequo</span> <span class='ocrx_word' id='word_1_194' title='bbox 490 1562 647 1611; x_wconf 89' lang='lat' dir='ltr'>peritus</span> <span class='ocrx_word' id='word_1_195' title='bbox 663 1575 672 1609; x_wconf 82' lang='lat'><em>3</em></span> <span class='ocrx_word' id='word_1_196' title='bbox 702 1561 753 1599; x_wconf 91' lang='lat' dir='ltr'>ad</span> <span class='ocrx_word' id='word_1_197' title='bbox 773 1561 873 1599; x_wconf 88' lang='lat' dir='ltr'>haec</span> <span class='ocrx_word' id='word_1_198' title='bbox 894 1560 938 1598; x_wconf 89' lang='lat' dir='ltr'>in</span> <span class='ocrx_word' id='word_1_199' title='bbox 966 1559 1081 1598; x_wconf 92' lang='lat' dir='ltr'>nullo</span> <span class='ocrx_word' id='word_1_200' title='bbox 1107 1558 1317 1597; x_wconf 87' lang='lat' dir='ltr'>doctrinae</span> <span class='ocrx_word' id='word_1_201' title='bbox 1337 1571 1482 1607; x_wconf 87' lang='lat' dir='ltr'>genere</span> <span class='ocrx_word' id='word_1_202' title='bbox 1503 1570 1587 1595; x_wconf 91' lang='lat' dir='ltr'>non</span> <span class='ocrx_word' id='word_1_203' title='bbox 1606 1557 1664 1595; x_wconf 91' lang='lat' dir='ltr'>ita</span> <span class='ocrx_word' id='word_1_204' title='bbox 1682 1559 1870 1596; x_wconf 87' lang='lat' dir='ltr'>versatus</span> <span class='ocrx_word' id='word_1_205' title='bbox 1889 1558 1937 1596; x_wconf 86' lang='lat' dir='ltr'>vt</span> 
     </span>
     <span class='ocr_line' id='line_1_23' title="bbox 344 1622 1938 1676; baseline -0.003 -11"><span class='ocrx_word' id='word_1_206' title='bbox 344 1641 439 1666; x_wconf 89' lang='lat' dir='ltr'>cum</span> <span class='ocrx_word' id='word_1_207' title='bbox 458 1627 605 1676; x_wconf 89' lang='lat' dir='ltr'>primis</span> <span class='ocrx_word' id='word_1_208' title='bbox 624 1628 775 1664; x_wconf 86' lang='lat' dir='ltr'>certare</span> <span class='ocrx_word' id='word_1_209' title='bbox 794 1625 935 1675; x_wconf 83' lang='lat' dir='ltr'>possit.</span> <span class='ocrx_word' id='word_1_210' title='bbox 994 1624 1114 1663; x_wconf 90' lang='lat' dir='ltr'>Vnde</span> <span class='ocrx_word' id='word_1_211' title='bbox 1133 1623 1282 1662; x_wconf 89' lang='lat' dir='ltr'>merito</span> <span class='ocrx_word' id='word_1_212' title='bbox 1302 1624 1442 1661; x_wconf 84' lang='lat' dir='ltr'>virum</span> <span class='ocrx_word' id='word_1_213' title='bbox 1461 1622 1574 1660; x_wconf 88' lang='lat' dir='ltr'>hunc</span> <span class='ocrx_word' id='word_1_214' title='bbox 1596 1636 1669 1660; x_wconf 91' lang='lat' dir='ltr'>ceu</span> <span class='ocrx_word' id='word_1_215' title='bbox 1692 1622 1938 1671; x_wconf 86' lang='lat' dir='ltr'>phoenicem</span> 
     </span>
     <span class='ocr_line' id='line_1_24' title="bbox 346 1687 1939 1739; baseline -0.004 -8"><span class='ocrx_word' id='word_1_216' title='bbox 346 1695 385 1731; x_wconf 93' lang='lat' dir='ltr'>et</span> <span class='ocrx_word' id='word_1_217' title='bbox 404 1692 573 1731; x_wconf 86' lang='lat' dir='ltr'>vnicum</span> <span class='ocrx_word' id='word_1_218' title='bbox 593 1704 716 1730; x_wconf 92' lang='lat' dir='ltr'>suum</span> <span class='ocrx_word' id='word_1_219' title='bbox 740 1690 862 1729; x_wconf 90' lang='lat' dir='ltr'>decus</span> <span class='ocrx_word' id='word_1_220' title='bbox 882 1692 971 1729; x_wconf 90' lang='lat' dir='ltr'>tota</span> <span class='ocrx_word' id='word_1_221' title='bbox 997 1689 1166 1739; x_wconf 88' lang='lat' dir='ltr'>suspicit</span> <span class='ocrx_word' id='word_1_222' title='bbox 1193 1702 1240 1727; x_wconf 88' lang='lat' dir='ltr'>ac</span> <span class='ocrx_word' id='word_1_223' title='bbox 1259 1689 1479 1727; x_wconf 84' lang='lat' dir='ltr'>veneratur</span> <span class='ocrx_word' id='word_1_224' title='bbox 1505 1687 1735 1726; x_wconf 75' lang='lat' dir='ltr'>Germania.</span> <span class='ocrx_word' id='word_1_225' title='bbox 1795 1687 1939 1738; x_wconf 90' lang='lat' dir='ltr'>Neque</span> 
     </span>
     <span class='ocr_line' id='line_1_25' title="bbox 346 1752 1941 1807; baseline -0.002 -12"><span class='ocrx_word' id='word_1_226' title='bbox 346 1770 491 1807; x_wconf 88' lang='lat' dir='ltr'>parum</span> <span class='ocrx_word' id='word_1_227' title='bbox 509 1756 651 1795; x_wconf 87' lang='lat' dir='ltr'>attulit</span> <span class='ocrx_word' id='word_1_228' title='bbox 668 1755 873 1794; x_wconf 90' lang='lat' dir='ltr'>momenti</span> <span class='ocrx_word' id='word_1_229' title='bbox 888 1755 1032 1794; x_wconf 85' lang='lat' dir='ltr'>Conon</span> <span class='ocrx_word' id='word_1_230' title='bbox 1052 1753 1423 1803; x_wconf 85' lang='lat' dir='ltr'>Nurenbergensis,</span> <span class='ocrx_word' id='word_1_231' title='bbox 1439 1752 1659 1802; x_wconf 85' lang='lat' dir='ltr'>theologus</span> <span class='ocrx_word' id='word_1_232' title='bbox 1678 1765 1727 1791; x_wconf 86' lang='lat' dir='ltr'>ex</span> <span class='ocrx_word' id='word_1_233' title='bbox 1745 1752 1941 1792; x_wconf 87' lang='lat' dir='ltr'>instituto</span> 
     </span>
     <span class='ocr_line' id='line_1_26' title="bbox 346 1818 1941 1872; baseline -0.003 -12"><span class='ocrx_word' id='word_1_234' title='bbox 346 1824 497 1861; x_wconf 91' lang='lat' dir='ltr'>horum</span> <span class='ocrx_word' id='word_1_235' title='bbox 526 1834 628 1872; x_wconf 90' lang='lat' dir='ltr'>quos</span> <span class='ocrx_word' id='word_1_236' title='bbox 652 1821 778 1870; x_wconf 86' lang='lat' dir='ltr'>vulgo</span> <span class='ocrx_word' id='word_1_237' title='bbox 807 1820 1113 1859; x_wconf 88' lang='lat' dir='ltr'>Praedicatores</span> <span class='ocrx_word' id='word_1_238' title='bbox 1138 1821 1298 1866; x_wconf 87' lang='lat' dir='ltr'>vocant,</span> <span class='ocrx_word' id='word_1_239' title='bbox 1321 1820 1386 1857; x_wconf 87' lang='lat' dir='ltr'>vir</span> <span class='ocrx_word' id='word_1_240' title='bbox 1404 1820 1449 1857; x_wconf 92' lang='lat' dir='ltr'>vt</span> <span class='ocrx_word' id='word_1_241' title='bbox 1480 1818 1656 1856; x_wconf 84' lang='lat' dir='ltr'>Graecae</span> <span class='ocrx_word' id='word_1_242' title='bbox 1683 1818 1941 1857; x_wconf 87' lang='lat' dir='ltr'>litteraturae</span> 
     </span>
    </p>

    <p class='ocr_par' dir='ltr' id='par_1_8' title="bbox 269 1883 1945 2196">
     <span class='ocr_line' id='line_1_27' title="bbox 269 1883 1942 1936; baseline -0.003 -9"><span class='ocrx_word' id='word_1_243' title='bbox 269 1906 330 1936; x_wconf 80' lang='lat'>310</span> <span class='ocrx_word' id='word_1_244' title='bbox 348 1887 681 1934; x_wconf 83' lang='lat' dir='ltr'>callentissimus,</span> <span class='ocrx_word' id='word_1_245' title='bbox 711 1886 770 1925; x_wconf 91' lang='lat' dir='ltr'>ita</span> <span class='ocrx_word' id='word_1_246' title='bbox 802 1887 849 1924; x_wconf 89' lang='lat' dir='ltr'>in</span> <span class='ocrx_word' id='word_1_247' title='bbox 881 1885 1130 1924; x_wconf 89' lang='lat' dir='ltr'>adiuuandis</span> <span class='ocrx_word' id='word_1_248' title='bbox 1158 1884 1279 1923; x_wconf 90' lang='lat' dir='ltr'>bonis</span> <span class='ocrx_word' id='word_1_249' title='bbox 1307 1883 1454 1922; x_wconf 91' lang='lat' dir='ltr'>litteris</span> <span class='ocrx_word' id='word_1_250' title='bbox 1485 1883 1736 1933; x_wconf 84' lang='lat' dir='ltr'>infatigabili</span> <span class='ocrx_word' id='word_1_251' title='bbox 1765 1884 1942 1933; x_wconf 89' lang='lat' dir='ltr'>quadam</span> 
     </span>
     <span class='ocr_line' id='line_1_28' title="bbox 351 1948 1943 2002; baseline -0.003 -11"><span class='ocrx_word' id='word_1_252' title='bbox 351 1952 576 2002; x_wconf 83' lang='lat' dir='ltr'>diligentia,</span> <span class='ocrx_word' id='word_1_253' title='bbox 599 1964 773 2001; x_wconf 89' lang='lat' dir='ltr'>cumque</span> <span class='ocrx_word' id='word_1_254' title='bbox 800 1951 866 1989; x_wconf 89' lang='lat' dir='ltr'>his</span> <span class='ocrx_word' id='word_1_255' title='bbox 891 1951 1044 1990; x_wconf 88' lang='lat' dir='ltr'>Beatus</span> <span class='ocrx_word' id='word_1_256' title='bbox 1071 1950 1297 1988; x_wconf 88' lang='lat' dir='ltr'>Rhenanus</span> <span class='ocrx_word' id='word_1_257' title='bbox 1323 1948 1647 1996; x_wconf 80' lang='lat' dir='ltr'>SelestadiensiS,</span> <span class='ocrx_word' id='word_1_258' title='bbox 1667 1948 1832 1987; x_wconf 91' lang='lat' dir='ltr'>iuuenis</span> <span class='ocrx_word' id='word_1_259' title='bbox 1849 1950 1943 1987; x_wconf 90' lang='lat' dir='ltr'>tum</span> 
     </span>
     <span class='ocr_line' id='line_1_29' title="bbox 350 2013 1943 2067; baseline -0.003 -11"><span class='ocrx_word' id='word_1_260' title='bbox 350 2017 553 2067; x_wconf 83' lang='lat' dir='ltr'>exquisite</span> <span class='ocrx_word' id='word_1_261' title='bbox 593 2016 738 2055; x_wconf 84' lang='lat' dir='ltr'>doctus</span> <span class='ocrx_word' id='word_1_262' title='bbox 776 2018 870 2054; x_wconf 91' lang='lat' dir='ltr'>tum</span> <span class='ocrx_word' id='word_1_263' title='bbox 907 2016 952 2053; x_wconf 93' lang='lat' dir='ltr'>in</span> <span class='ocrx_word' id='word_1_264' title='bbox 989 2015 1211 2053; x_wconf 89' lang='lat' dir='ltr'>iudicando</span> <span class='ocrx_word' id='word_1_265' title='bbox 1250 2013 1361 2052; x_wconf 89' lang='lat' dir='ltr'>naris</span> <span class='ocrx_word' id='word_1_266' title='bbox 1406 2013 1751 2052; x_wconf 88' lang='lat' dir='ltr'>emunctissimae.</span> <span class='ocrx_word' id='word_1_267' title='bbox 1812 2013 1943 2052; x_wconf 85' lang='lat' dir='ltr'>Pon-0</span> 
     </span>
     <span class='ocr_line' id='line_1_30' title="bbox 351 2077 1944 2132; baseline -0.004 -11"><span class='ocrx_word' id='word_1_268' title='bbox 351 2082 582 2132; x_wconf 87' lang='lat' dir='ltr'>plurimum</span> <span class='ocrx_word' id='word_1_269' title='bbox 629 2081 860 2120; x_wconf 86' lang='lat' dir='ltr'>attulerunt</span> <span class='ocrx_word' id='word_1_270' title='bbox 905 2080 1108 2119; x_wconf 87' lang='lat' dir='ltr'>momenti</span> <span class='ocrx_word' id='word_1_271' title='bbox 1154 2079 1302 2117; x_wconf 89' lang='lat' dir='ltr'>fratres</span> <span class='ocrx_word' id='word_1_272' title='bbox 1348 2077 1628 2126; x_wconf 89' lang='lat' dir='ltr'>Amorbachii‚</span> <span class='ocrx_word' id='word_1_273' title='bbox 1680 2091 1856 2127; x_wconf 89' lang='lat' dir='ltr'>quorum</span> <span class='ocrx_word' id='word_1_274' title='bbox 1901 2079 1944 2116; x_wconf 88' lang='lat' dir='ltr'>et</span> 
     </span>
     <span class='ocr_line' id='line_1_31' title="bbox 351 2142 1945 2196; baseline -0.003 -12"><span class='ocrx_word' id='word_1_275' title='bbox 351 2146 574 2196; x_wconf 89' lang='lat' dir='ltr'>impendiis</span> <span class='ocrx_word' id='word_1_276' title='bbox 610 2147 651 2184; x_wconf 92' lang='lat' dir='ltr'>et</span> <span class='ocrx_word' id='word_1_277' title='bbox 688 2145 906 2184; x_wconf 91' lang='lat' dir='ltr'>sudoribus</span> <span class='ocrx_word' id='word_1_278' title='bbox 944 2158 1039 2183; x_wconf 89' lang='lat' dir='ltr'>cum</span> <span class='ocrx_word' id='word_1_279' title='bbox 1078 2143 1279 2183; x_wconf 89' lang='lat' dir='ltr'>Frobenio</span> <span class='ocrx_word' id='word_1_280' title='bbox 1318 2143 1634 2182; x_wconf 88' lang='lat' dir='ltr'>communicatis</span> <span class='ocrx_word' id='word_1_281' title='bbox 1670 2142 1747 2181; x_wconf 90' lang='lat' dir='ltr'>hoc</span> <span class='ocrx_word' id='word_1_282' title='bbox 1788 2142 1945 2192; x_wconf 88' lang='lat' dir='ltr'>negotii</span> 
     </span>
    </p>

    <p class='ocr_par' dir='ltr' id='par_1_9' title="bbox 275 2207 1948 2516">
     <span class='ocr_line' id='line_1_32' title="bbox 275 2207 1944 2262; baseline -0.004 -11"><span class='ocrx_word' id='word_1_283' title='bbox 275 2231 333 2262; x_wconf 76' lang='lat'>315</span> <span class='ocrx_word' id='word_1_284' title='bbox 353 2211 619 2262; x_wconf 89' lang='lat' dir='ltr'>potissimum</span> <span class='ocrx_word' id='word_1_285' title='bbox 638 2211 856 2260; x_wconf 86' lang='lat' dir='ltr'>peragitur.</span> <span class='ocrx_word' id='word_1_286' title='bbox 917 2210 1027 2258; x_wconf 78' lang='lat' dir='ltr'>Quae</span> <span class='ocrx_word' id='word_1_287' title='bbox 1057 2209 1225 2259; x_wconf 90' lang='lat' dir='ltr'>quidem</span> <span class='ocrx_word' id='word_1_288' title='bbox 1253 2209 1400 2246; x_wconf 87' lang='lat' dir='ltr'>domus</span> <span class='ocrx_word' id='word_1_289' title='bbox 1427 2209 1472 2246; x_wconf 89' lang='lat' dir='ltr'>in</span> <span class='ocrx_word' id='word_1_290' title='bbox 1497 2208 1609 2246; x_wconf 91' lang='lat' dir='ltr'>hunc</span> <span class='ocrx_word' id='word_1_291' title='bbox 1628 2220 1752 2246; x_wconf 87' lang='lat' dir='ltr'>vsum</span> <span class='ocrx_word' id='word_1_292' title='bbox 1771 2207 1822 2246; x_wconf 87' lang='lat' dir='ltr'>ab</span> <span class='ocrx_word' id='word_1_293' title='bbox 1841 2207 1944 2256; x_wconf 90' lang='lat' dir='ltr'>ipsis</span> 
     </span>
     <span class='ocr_line' id='line_1_33' title="bbox 354 2272 1942 2326; baseline -0.004 -11"><span class='ocrx_word' id='word_1_294' title='bbox 354 2277 449 2315; x_wconf 88' lang='lat' dir='ltr'>fatis</span> <span class='ocrx_word' id='word_1_295' title='bbox 469 2278 610 2326; x_wconf 88' lang='lat' dir='ltr'>parata</span> <span class='ocrx_word' id='word_1_296' title='bbox 627 2276 806 2324; x_wconf 87' lang='lat' dir='ltr'>videtur,</span> <span class='ocrx_word' id='word_1_297' title='bbox 830 2277 876 2314; x_wconf 82' lang='lat' dir='ltr'>vt</span> <span class='ocrx_word' id='word_1_298' title='bbox 902 2275 991 2313; x_wconf 90' lang='lat' dir='ltr'>eius</span> <span class='ocrx_word' id='word_1_299' title='bbox 1016 2288 1137 2325; x_wconf 84' lang='lat' dir='ltr'>opera</span> <span class='ocrx_word' id='word_1_300' title='bbox 1163 2274 1426 2312; x_wconf 87' lang='lat' dir='ltr'>reuiuisceret</span> <span class='ocrx_word' id='word_1_301' title='bbox 1453 2273 1749 2322; x_wconf 88' lang='lat' dir='ltr'>Hieronymus.</span> <span class='ocrx_word' id='word_1_302' title='bbox 1808 2272 1942 2317; x_wconf 87' lang='lat' dir='ltr'>Pater,</span> 
     </span>
     <span class='ocr_line' id='line_1_34' title="bbox 354 2337 1946 2391; baseline -0.003 -11"><span class='ocrx_word' id='word_1_303' title='bbox 354 2342 420 2381; x_wconf 89' lang='lat' dir='ltr'>vir</span> <span class='ocrx_word' id='word_1_304' title='bbox 453 2342 642 2380; x_wconf 89' lang='lat' dir='ltr'>omnium</span> <span class='ocrx_word' id='word_1_305' title='bbox 674 2341 868 2391; x_wconf 84' lang='lat' dir='ltr'>optimus,</span> <span class='ocrx_word' id='word_1_306' title='bbox 898 2340 999 2378; x_wconf 89' lang='lat' dir='ltr'>treis</span> <span class='ocrx_word' id='word_1_307' title='bbox 1032 2340 1141 2378; x_wconf 89' lang='lat' dir='ltr'>filios</span> <span class='ocrx_word' id='word_1_308' title='bbox 1174 2339 1219 2377; x_wconf 91' lang='lat' dir='ltr'>in</span> <span class='ocrx_word' id='word_1_309' title='bbox 1254 2338 1428 2386; x_wconf 89' lang='lat' dir='ltr'>Graecis,</span> <span class='ocrx_word' id='word_1_310' title='bbox 1468 2337 1671 2376; x_wconf 88' lang='lat' dir='ltr'>Hebraeis</span> <span class='ocrx_word' id='word_1_311' title='bbox 1703 2351 1750 2376; x_wconf 89' lang='lat' dir='ltr'>ac</span> <span class='ocrx_word' id='word_1_312' title='bbox 1782 2337 1946 2376; x_wconf 87' lang='lat' dir='ltr'>Latinis</span> 
     </span>
     <span class='ocr_line' id='line_1_35' title="bbox 355 2400 1947 2452; baseline -0.003 -10"><span class='ocrx_word' id='word_1_313' title='bbox 355 2404 505 2443; x_wconf 89' lang='lat' dir='ltr'>litteris</span> <span class='ocrx_word' id='word_1_314' title='bbox 524 2405 682 2442; x_wconf 87' lang='lat' dir='ltr'>curarat</span> <span class='ocrx_word' id='word_1_315' title='bbox 709 2403 996 2442; x_wconf 89' lang='lat' dir='ltr'>instituendos.</span> <span class='ocrx_word' id='word_1_316' title='bbox 1056 2402 1151 2452; x_wconf 91' lang='lat' dir='ltr'>Ipse</span> <span class='ocrx_word' id='word_1_317' title='bbox 1179 2401 1379 2440; x_wconf 88' lang='lat' dir='ltr'>decedens</span> <span class='ocrx_word' id='word_1_318' title='bbox 1397 2400 1539 2439; x_wconf 91' lang='lat' dir='ltr'>liberis</span> <span class='ocrx_word' id='word_1_319' title='bbox 1557 2400 1645 2438; x_wconf 90' lang='lat' dir='ltr'>suis</span> <span class='ocrx_word' id='word_1_320' title='bbox 1662 2400 1851 2438; x_wconf 89' lang='lat' dir='ltr'>studium</span> <span class='ocrx_word' id='word_1_321' title='bbox 1869 2400 1947 2439; x_wconf 90' lang='lat' dir='ltr'>hoc</span> 
     </span>
     <span class='ocr_line' id='line_1_36' title="bbox 357 2465 1948 2516; baseline -0.002 -9"><span class='ocrx_word' id='word_1_322' title='bbox 357 2469 471 2507; x_wconf 91' lang='lat' dir='ltr'>velut</span> <span class='ocrx_word' id='word_1_323' title='bbox 516 2468 813 2507; x_wconf 89' lang='lat' dir='ltr'>hereditarium</span> <span class='ocrx_word' id='word_1_324' title='bbox 852 2466 1171 2515; x_wconf 86' lang='lat' dir='ltr'>commendauit,</span> <span class='ocrx_word' id='word_1_325' title='bbox 1212 2466 1406 2516; x_wconf 84' lang='lat' dir='ltr'>quicquid</span> <span class='ocrx_word' id='word_1_326' title='bbox 1444 2468 1530 2503; x_wconf 88' lang='lat' dir='ltr'>erat</span> <span class='ocrx_word' id='word_1_327' title='bbox 1566 2465 1812 2504; x_wconf 86' lang='lat' dir='ltr'>facultatum</span> <span class='ocrx_word' id='word_1_328' title='bbox 1848 2465 1948 2504; x_wconf 89' lang='lat' dir='ltr'>huic</span> 
     </span>
    </p>

    <p class='ocr_par' dir='ltr' id='par_1_10' title="bbox 279 2530 1988 2649">
     <span class='ocr_line' id='line_1_37' title="bbox 279 2530 1948 2584; baseline -0.003 -11"><span class='ocrx_word' id='word_1_329' title='bbox 279 2553 340 2584; x_wconf 79' lang='lat'>320</span> <span class='ocrx_word' id='word_1_330' title='bbox 358 2533 525 2583; x_wconf 84' lang='lat' dir='ltr'>negocio</span> <span class='ocrx_word' id='word_1_331' title='bbox 545 2533 749 2572; x_wconf 89' lang='lat' dir='ltr'>dedicans.</span> <span class='ocrx_word' id='word_1_332' title='bbox 809 2534 948 2583; x_wconf 86' lang='lat' dir='ltr'>Atque</span> <span class='ocrx_word' id='word_1_333' title='bbox 972 2532 1122 2582; x_wconf 91' lang='lat' dir='ltr'>optimi</span> <span class='ocrx_word' id='word_1_334' title='bbox 1147 2531 1317 2570; x_wconf 87' lang='lat' dir='ltr'>iuuenes</span> <span class='ocrx_word' id='word_1_335' title='bbox 1345 2530 1670 2580; x_wconf 89' lang='lat' dir='ltr'>pulcherrimam</span> <span class='ocrx_word' id='word_1_336' title='bbox 1689 2530 1948 2581; x_wconf 87' lang='lat' dir='ltr'>prouinciam</span> 
     </span>
     <span class='ocr_line' id='line_1_38' title="bbox 356 2595 1988 2649; baseline -0.003 -12"><span class='ocrx_word' id='word_1_337' title='bbox 356 2599 408 2637; x_wconf 91' lang='lat' dir='ltr'>ab</span> <span class='ocrx_word' id='word_1_338' title='bbox 437 2599 593 2648; x_wconf 87' lang='lat' dir='ltr'>optimo</span> <span class='ocrx_word' id='word_1_339' title='bbox 625 2600 795 2649; x_wconf 91' lang='lat' dir='ltr'>parente</span> <span class='ocrx_word' id='word_1_340' title='bbox 829 2598 1070 2637; x_wconf 87' lang='lat' dir='ltr'>mandatam</span> <span class='ocrx_word' id='word_1_341' title='bbox 1103 2597 1292 2647; x_wconf 83' lang='lat' dir='ltr'>gnauiter</span> <span class='ocrx_word' id='word_1_342' title='bbox 1324 2597 1488 2641; x_wconf 91' lang='lat' dir='ltr'>obeunt,</span> <span class='ocrx_word' id='word_1_343' title='bbox 1521 2595 1578 2633; x_wconf 86' lang='lat' dir='ltr'>sic</span> <span class='ocrx_word' id='word_1_344' title='bbox 1609 2608 1771 2634; x_wconf 89' lang='lat' dir='ltr'>mecum</span> <span class='ocrx_word' id='word_1_345' title='bbox 1803 2595 1949 2646; x_wconf 88' lang='lat' dir='ltr'>partiti</span> <span class='ocrx_word' id='word_1_346' title='bbox 1986 2640 1988 2642; x_wconf 21' lang='grc' dir='ltr'>Ι</span> 
     </span>
    </p>
   </div>
   <div class='ocr_carea' id='block_1_3' title="bbox 360 2661 1948 2777">
    <p class='ocr_par' dir='ltr' id='par_1_11' title="bbox 360 2661 1948 2777">
     <span class='ocr_line' id='line_1_39' title="bbox 360 2661 1948 2714; baseline -0.003 -12"><span class='ocrx_word' id='word_1_347' title='bbox 360 2664 679 2713; x_wconf 86' lang='lat' dir='ltr'>Hieronymum,</span> <span class='ocrx_word' id='word_1_348' title='bbox 702 2667 747 2703; x_wconf 88' lang='lat' dir='ltr'>vt</span> <span class='ocrx_word' id='word_1_349' title='bbox 767 2664 875 2714; x_wconf 93' lang='lat' dir='ltr'>quod</span> <span class='ocrx_word' id='word_1_350' title='bbox 899 2663 950 2702; x_wconf 89' lang='lat' dir='ltr'>ab</span> <span class='ocrx_word' id='word_1_351' title='bbox 976 2663 1264 2713; x_wconf 88' lang='lat' dir='ltr'>epistolaribus</span> <span class='ocrx_word' id='word_1_352' title='bbox 1284 2661 1405 2700; x_wconf 89' lang='lat' dir='ltr'>libris</span> <span class='ocrx_word' id='word_1_353' title='bbox 1425 2662 1620 2711; x_wconf 88' lang='lat' dir='ltr'>superest,</span> <span class='ocrx_word' id='word_1_354' title='bbox 1645 2661 1688 2700; x_wconf 88' lang='lat' dir='ltr'>id</span> <span class='ocrx_word' id='word_1_355' title='bbox 1707 2662 1758 2700; x_wconf 88' lang='lat' dir='ltr'>ad</span> <span class='ocrx_word' id='word_1_356' title='bbox 1778 2661 1948 2700; x_wconf 87' lang='lat' dir='ltr'>illorum</span> 
     </span>
     <span class='ocr_line' id='line_1_40' title="bbox 361 2729 737 2777; baseline 0.008 -12"><span class='ocrx_word' id='word_1_357' title='bbox 361 2729 563 2777; x_wconf 83' lang='lat' dir='ltr'>pertineat</span> <span class='ocrx_word' id='word_1_358' title='bbox 583 2742 737 2768; x_wconf 87' lang='lat' dir='ltr'>curam.</span> 
     </span>
    </p>
   </div>
   <div class='ocr_carea' id='block_1_4' title="bbox 365 2815 1951 2946">
    <p class='ocr_par' dir='ltr' id='par_1_12' title="bbox 365 2815 1951 2946">
     <span class='ocr_line' id='line_1_41' title="bbox 407 2815 1948 2859; baseline -0.002 -10"><span class='ocrx_word' id='word_1_359' title='bbox 407 2821 481 2857; x_wconf 85' lang='lat'>285.</span> <span class='ocrx_word' id='word_1_360' title='bbox 506 2830 605 2851; x_wconf 86' lang='lat' dir='ltr'>suam</span> <span class='ocrx_word' id='word_1_361' title='bbox 624 2832 652 2851; x_wconf 84' lang='grc' dir='ltr'>α.</span> <span class='ocrx_word' id='word_1_362' title='bbox 832 2821 905 2851; x_wconf 87' lang='lat'>286.</span> <span class='ocrx_word' id='word_1_363' title='bbox 929 2820 1039 2859; x_wconf 85' lang='lat' dir='ltr'>possit</span> <span class='ocrx_word' id='word_1_364' title='bbox 1054 2830 1084 2850; x_wconf 83' lang='grc' dir='ltr'>α.</span> <span class='ocrx_word' id='word_1_365' title='bbox 1257 2820 1331 2857; x_wconf 81' lang='lat'>287.</span> <span class='ocrx_word' id='word_1_366' title='bbox 1356 2821 1429 2849; x_wconf 79' lang='lat' dir='ltr'>tam</span> <span class='ocrx_word' id='word_1_367' title='bbox 1446 2818 1603 2849; x_wconf 86' lang='lat' dir='ltr'>insulsae</span> <span class='ocrx_word' id='word_1_368' title='bbox 1620 2820 1650 2849; x_wconf 84' lang='lat' dir='ltr'><strong><em>A</em></strong></span> <span class='ocrx_word' id='word_1_369' title='bbox 1666 2828 1673 2847; x_wconf 90' lang='lat'><strong>:</strong></span> <span class='ocrx_word' id='word_1_370' title='bbox 1696 2815 1902 2848; x_wconf 87' lang='lat' dir='ltr'>huiusmodi</span> <span class='ocrx_word' id='word_1_371' title='bbox 1919 2826 1948 2846; x_wconf 90' lang='grc' dir='ltr'>α.</span> 
     </span>
     <span class='ocr_line' id='line_1_42' title="bbox 365 2858 1951 2902; baseline -0.002 -10"><span class='ocrx_word' id='word_1_372' title='bbox 365 2863 436 2892; x_wconf 84' lang='lat'>288.</span> <span class='ocrx_word' id='word_1_373' title='bbox 467 2864 584 2901; x_wconf 81' lang='lat' dir='ltr'>Atque</span> <span class='ocrx_word' id='word_1_374' title='bbox 608 2864 643 2894; x_wconf 89' lang='lat' dir='ltr'>id</span> <span class='ocrx_word' id='word_1_375' title='bbox 668 2887 675 2894; x_wconf 94' lang='lat'>.</span> <span class='ocrx_word' id='word_1_376' title='bbox 704 2888 711 2894; x_wconf 88' lang='lat'>.</span> <span class='ocrx_word' id='word_1_377' title='bbox 738 2889 745 2895; x_wconf 90' lang='lat'>.</span> <span class='ocrx_word' id='word_1_378' title='bbox 769 2866 843 2902; x_wconf 87' lang='lat'>326.</span> <span class='ocrx_word' id='word_1_379' title='bbox 868 2866 903 2895; x_wconf 90' lang='lat' dir='ltr'>et</span> <span class='ocrx_word' id='word_1_380' title='bbox 925 2866 1047 2894; x_wconf 87' lang='lat' dir='ltr'>tamen</span> <span class='ocrx_word' id='word_1_381' title='bbox 1066 2865 1096 2893; x_wconf 80' lang='lat' dir='ltr'><strong><em>A</em></strong></span> <span class='ocrx_word' id='word_1_382' title='bbox 1124 2862 1212 2902; x_wconf 86' lang='lat'>(296.</span> <span class='ocrx_word' id='word_1_383' title='bbox 1245 2862 1458 2893; x_wconf 85' lang='lat' dir='ltr'>Germaniae</span> <span class='ocrx_word' id='word_1_384' title='bbox 1477 2866 1527 2893; x_wconf 89' lang='lat' dir='ltr'>A:</span> <span class='ocrx_word' id='word_1_385' title='bbox 1556 2862 1794 2892; x_wconf 87' lang='lat' dir='ltr'>Rauracorum</span> <span class='ocrx_word' id='word_1_386' title='bbox 1816 2859 1878 2899; x_wconf 83' lang='lat' dir='ltr'>F):</span> <span class='ocrx_word' id='word_1_387' title='bbox 1903 2858 1951 2889; x_wconf 90' lang='lat' dir='ltr'>In</span> 
     </span>
     <span class='ocr_line' id='line_1_43' title="bbox 365 2902 1951 2946; baseline -0.001 -12"><span class='ocrx_word' id='word_1_388' title='bbox 365 2915 503 2936; x_wconf 75' lang='lat' dir='ltr'>summa</span> <span class='ocrx_word' id='word_1_389' title='bbox 528 2907 577 2936; x_wconf 87' lang='lat' dir='ltr'>sic</span> <span class='ocrx_word' id='word_1_390' title='bbox 601 2916 680 2937; x_wconf 88' lang='lat' dir='ltr'>cum</span> <span class='ocrx_word' id='word_1_391' title='bbox 704 2917 724 2938; x_wconf 90' lang='lat' dir='ltr'>a</span> <span class='ocrx_word' id='word_1_392' title='bbox 747 2908 874 2938; x_wconf 88' lang='lat' dir='ltr'>multis</span> <span class='ocrx_word' id='word_1_393' title='bbox 897 2908 975 2938; x_wconf 88' lang='lat' dir='ltr'>tum</span> <span class='ocrx_word' id='word_1_394' title='bbox 998 2917 1018 2937; x_wconf 88' lang='lat' dir='ltr'>a</span> <span class='ocrx_word' id='word_1_395' title='bbox 1042 2916 1099 2937; x_wconf 92' lang='lat' dir='ltr'>me</span> <span class='ocrx_word' id='word_1_396' title='bbox 1123 2907 1289 2946; x_wconf 88' lang='lat' dir='ltr'>precipue</span> <span class='ocrx_word' id='word_1_397' title='bbox 1312 2905 1479 2936; x_wconf 81' lang='lat' dir='ltr'>sudatum</span> <span class='ocrx_word' id='word_1_398' title='bbox 1503 2907 1556 2935; x_wconf 86' lang='lat' dir='ltr'>est</span> <span class='ocrx_word' id='word_1_399' title='bbox 1583 2906 1622 2935; x_wconf 92' lang='lat' dir='ltr'>in</span> <span class='ocrx_word' id='word_1_400' title='bbox 1648 2904 1715 2934; x_wconf 87' lang='lat' dir='ltr'>hoc</span> <span class='ocrx_word' id='word_1_401' title='bbox 1741 2902 1885 2942; x_wconf 82' lang='lat' dir='ltr'>negocio</span> <span class='ocrx_word' id='word_1_402' title='bbox 1911 2904 1951 2933; x_wconf 87' lang='lat' dir='ltr'>vt</span> 
     </span>
    </p>
   </div>
   <div class='ocr_carea' id='block_1_5' title="bbox 367 2946 1952 3031">
    <p class='ocr_par' dir='ltr' id='par_1_13' title="bbox 367 2946 1952 3031">
     <span class='ocr_line' id='line_1_44' title="bbox 367 2946 1952 2991; baseline -0.003 -12"><span class='ocrx_word' id='word_1_403' title='bbox 367 2949 551 2991; x_wconf 81' lang='lat' dir='ltr'>aliquanto</span> <span class='ocrx_word' id='word_1_404' title='bbox 581 2950 729 2981; x_wconf 84' lang='lat' dir='ltr'>minoris</span> <span class='ocrx_word' id='word_1_405' title='bbox 760 2951 958 2981; x_wconf 85' lang='lat' dir='ltr'>constiterit</span> <span class='ocrx_word' id='word_1_406' title='bbox 989 2950 1058 2990; x_wconf 87' lang='lat' dir='ltr'>ipsi</span> <span class='ocrx_word' id='word_1_407' title='bbox 1091 2951 1314 2989; x_wconf 84' lang='lat' dir='ltr'>Hieronymo</span> <span class='ocrx_word' id='word_1_408' title='bbox 1345 2959 1427 2981; x_wconf 86' lang='lat' dir='ltr'>suas</span> <span class='ocrx_word' id='word_1_409' title='bbox 1457 2948 1656 2980; x_wconf 86' lang='lat' dir='ltr'>condidisse</span> <span class='ocrx_word' id='word_1_410' title='bbox 1686 2946 1952 2977; x_wconf 84' lang='lat' dir='ltr'>lucubrationes</span> 
     </span>
     <span class='ocr_line' id='line_1_45' title="bbox 367 2993 848 3031; baseline 0.004 -9"><span class='ocrx_word' id='word_1_411' title='bbox 367 3001 473 3031; x_wconf 84' lang='lat' dir='ltr'>quam</span> <span class='ocrx_word' id='word_1_412' title='bbox 489 2993 591 3023; x_wconf 84' lang='lat' dir='ltr'>nobis</span> <span class='ocrx_word' id='word_1_413' title='bbox 606 2994 803 3024; x_wconf 77' lang='lat' dir='ltr'>restituisse</span> <span class='ocrx_word' id='word_1_414' title='bbox 819 3006 848 3024; x_wconf 88' lang='grc' dir='ltr'>α.</span> 
     </span>
    </p>
   </div>
  </div>
 </body>
</html>
