2010 3417
286 171 339 209 56
747 166 995 206 LETTERS
1033 165 1103 203 or
1140 164 1402 203 ERAsMUs
1742 162 1865 214 [1515

287 279 405 330 Legit
424 279 574 318 iterum
594 279 716 326 atque
742 275 894 313 iterum
922 274 1098 311 Faustus
1122 274 1164 310 et
1183 270 1347 309 difficile
1371 271 1483 309 dictu
1510 283 1634 320 quam
1653 272 1869 321 stupuerit,

286 338 571 394 quam[quam]
606 339 863 379 exosculatus
893 337 958 385 sit,
995 349 1121 386 quam
1157 349 1262 386 pene
1293 335 1522 374 adorauerit
1554 335 1718 373 doctam
1755 336 1870 375 illam

228 422 264 453 25
285 411 326 446 et
346 405 637 445 inimitabilem
656 403 958 453 antiquitatem.
1018 400 1102 438 Nec
1122 400 1220 439 finis
1246 413 1319 438 nec
1346 400 1495 438 modus
1520 399 1753 438 admirandi
1771 401 1871 439 anti—

285 472 493 521 quitatem,
516 470 644 508 donec
670 468 758 519 ipse
781 468 1048 507 Santeramus
1076 465 1142 504 sui
1166 465 1352 515 proditor
1375 477 1463 503 rem
1487 477 1654 503 omnem
1673 464 1718 502 in
1741 463 1871 504 risum

283 536 471 575 verteret.

337 601 456 640 Lusit
488 599 588 638 olim
618 599 667 638 ad
700 596 959 636 consimilem
992 596 1164 635 modum
1195 595 1429 634 Gulielmus
1459 596 1606 645 Copus,
1638 594 1872 633 immortale

284 665 524 704 Basiliensis
555 663 671 703 vrbis
702 664 1005 710 ornamentum,
1035 674 1138 712 quae
1173 660 1300 699 talem
1333 660 1562 710 prodiderit
1595 660 1744 707 heroa3
1787 659 1871 698 imo

226 747 265 777 30
281 729 410 769 totius
425 731 587 769 nostrae
605 727 849 768 Germaniae
863 739 1079 776 nunquam
1095 726 1459 765 intermoriturum
1475 726 1618 764 decus:
1640 724 1872 763 Galliarum

282 795 469 843 felicitas,
510 807 613 845 quae
652 795 770 832 tanto
801 792 890 832 viro
929 793 993 830 tot
1025 791 1108 830 iam
1146 791 1266 830 annis
1298 791 1451 830 fruitur
1482 793 1522 829 et
1553 791 1714 829 vtinam
1748 803 1871 840 quam

282 860 512 899 diutissime
532 859 705 906 fruatur,
728 858 819 896 aule
845 857 992 907 regalis
1019 856 1391 903 honestamentum,
1414 856 1458 895 in
1482 869 1562 906 qua
1587 856 1694 906 apud
1717 856 1871 906 Regem

282 938 424 975 regum
446 925 632 964 omnium
653 923 763 962 haud
785 921 906 961 dubie
925 921 1157 972 principem
1177 921 1404 971 principem
1422 921 1507 971 agit
1527 921 1732 959 medicum
1748 935 1758 968 3
1787 921 1871 959 imo

283 991 341 1038 (vt
371 990 481 1041 quod
513 992 575 1028 est
609 989 680 1028 illo
713 988 879 1038 dignius
913 986 1063 1036 dicam)
1092 986 1219 1024 totius
1249 986 1361 1025 orbis
1395 986 1657 1035 praesidium,
1691 986 1757 1024 cui
1784 999 1871 1023 rem

225 1071 263 1102 35
281 1056 470 1094 omnium
512 1054 839 1102 saluberrimam,
882 1065 1030 1101 nempe
1074 1051 1332 1099 medicinam,
1375 1051 1541 1089 inscitia
1585 1050 1872 1100 profitentium

281 1120 577 1170 propemodum
607 1118 833 1157 extinctam
863 1116 1158 1156 eruditissimis
1187 1116 1275 1154 suis
1303 1115 1662 1154 lucubrationibus
1690 1115 1873 1154 vindicat

281 1199 325 1224 ac
359 1184 553 1224 restituit.
614 1184 660 1222 Is
693 1183 832 1233 igitur,
864 1184 911 1221 vt
943 1184 1005 1220 est
1039 1194 1125 1220 non
1163 1182 1300 1220 solum
1337 1181 1573 1231 integritate
1607 1181 1874 1231 doctrinaque

282 1250 479 1301 singulari
520 1249 792 1289 verumetiam
830 1247 1066 1298 gratissima
1105 1247 1282 1297 quadam
1323 1260 1487 1285 morum
1524 1246 1752 1286 festiuitate
1789 1260 1873 1296 pre-

282 1315 404 1364 ditus,
437 1315 507 1354 sed
541 1327 643 1365 quae
672 1314 830 1352 bonum
859 1313 998 1353 virum
1028 1325 1289 1362 nequaquam
1319 1312 1517 1359 dedeceat,
1551 1325 1645 1350 cum
1674 1312 1718 1350 in
1749 1325 1874 1351 coena

221 1398 262 1429 40
281 1381 439 1419 catinus
459 1380 672 1430 appositus
692 1381 798 1418 esset
819 1378 971 1417 diuersi
989 1378 1151 1428 generis
1172 1377 1331 1416 olerum
1345 1377 1507 1427 plenus,
1525 1379 1566 1415 et
1585 1377 1690 1415 forte
1710 1378 1874 1416 fortuna

280 1445 510 1496 complures
547 1445 673 1483 simul
707 1444 994 1483 accimiberent
1039 1443 1200 1492 medici,
1241 1442 1366 1493 vulgo
1411 1456 1573 1493 quoque
1611 1442 1872 1482 notissimam

279 1510 448 1549 herbam
488 1510 648 1560 delegit,
695 1523 819 1560 quam
860 1509 978 1547 Greci
1019 1508 1299 1558 petroselinon
1342 1508 1560 1558 appellant,
1601 1508 1685 1558 apii
1726 1521 1867 1557 genus.

283 1575 580 1614 ‘Medicorum'
621 1575 760 1625 inquit
800 1576 883 1613 ‘est
924 1574 1146 1612 herbarum
1184 1573 1338 1612 formas
1381 1576 1422 1612 et
1459 1574 1567 1612 vires
1610 1587 1739 1613 nosse.
1809 1575 1872 1612 En

281 1641 476 1680 adsumus
495 1643 558 1679 tot
578 1641 736 1679 medici.
794 1640 913 1678 Dicat
935 1640 1008 1689 qui
1027 1641 1175 1689 potest,
1197 1638 1306 1689 quod
1334 1639 1387 1677 sit
1407 1639 1505 1677 huic
1525 1639 1674 1678 herbae
1695 1640 1873 1677 nomen.'

221 1724 261 1754 45
281 1706 413 1744 Nemo
449 1718 573 1744 ausus
610 1707 672 1744 est
705 1704 989 1755 pronunciare,
1028 1704 1134 1754 quod
1169 1717 1313 1742 omnes
1349 1704 1432 1742 iam
1470 1706 1630 1742 teneret
1662 1704 1872 1754 persuasio

280 1784 418 1809 rarum
446 1770 610 1820 aliquod
640 1783 685 1808 ac
713 1770 979 1819 peregrinum
1008 1769 1132 1807 oleris
1161 1782 1292 1818 genus
1320 1782 1419 1816 esse,
1450 1769 1499 1807 de
1529 1782 1609 1819 quo
1639 1769 1702 1807 vir
1729 1771 1873 1808 tantus

279 1839 365 1875 tam
396 1835 571 1874 sollicite
604 1837 924 1885 percontaretur,
960 1834 1088 1873 donec
1121 1834 1208 1883 ipse
1241 1833 1454 1884 problema
1487 1834 1573 1873 risu
1607 1834 1795 1881 solueret,
1832 1837 1873 1872 et

280 1901 516 1939 accersitam
550 1900 712 1939 culinae
745 1900 947 1938 famulam
980 1912 1054 1949 pro
1087 1899 1258 1937 medicis
1296 1899 1541 1949 respondere
1575 1899 1743 1937 iuberet.
1813 1900 1873 1938 Ea

282 1965 388 2004 nihil
408 1966 572 2004 contata
591 1978 747 2004 nomen
768 1964 908 2003 edidit.

222 2049 263 2080 50
334 2031 427 2069 Iam
446 2030 615 2068 terciam
636 2043 794 2080 quoque
814 2029 997 2068 fabulam
1018 2029 1199 2078 accipies,
1224 2030 1295 2067 sed
1316 2030 1513 2079 ἀνώνυμον.
1571 2029 1744 2068 Cuidam
1764 2030 1871 2079 apud

283 2095 412 2134 Italos
443 2095 551 2133 inter
582 2095 739 2144 primos
773 2094 933 2132 erudito
964 2094 1009 2131 in
1038 2107 1209 2132 manum
1241 2093 1351 2132 dedit
1383 2095 1521 2132 nescio
1555 2094 1646 2143 quis
1676 2094 1871 2143 paginam

283 2174 304 2199 e
332 2160 467 2198 codice
496 2159 691 2209 quopiam
717 2158 937 2206 reuulsam,
963 2158 1020 2196 sic
1046 2160 1092 2196 vt
1122 2158 1264 2196 nullus
1288 2161 1393 2196 esset
1420 2159 1567 2196 titulus
1591 2158 1660 2208 qui
1686 2159 1872 2207 proderet

280 2227 475 2263 autorem.
535 2224 616 2272 Qui
636 2223 860 2262 tradiderat
881 2223 1098 2261 admonuit
1119 2223 1199 2261 sibi
1222 2223 1351 2261 videri
1377 2223 1615 2261 recentioris
1639 2223 1871 2272 cuiuspiam

281 2289 492 2339 scriptoris
520 2301 623 2338 opus
645 2301 743 2326 esse.
805 2287 904 2326 Erat
932 2289 1070 2326 autem
1100 2287 1136 2326 is
1160 2301 1208 2325 ex
1233 2288 1408 2326 istorum
1438 2301 1610 2326 numero
1637 2287 1707 2337 qui
1735 2288 1871 2326 studio

222 2372 261 2403 55
280 2355 500 2403 fauoreque
514 2353 732 2392 vetustatis
748 2353 889 2391 onmia
905 2353 1111 2391 neoterica
1131 2353 1358 2391 fastidiunt.
1404 2352 1469 2390 Ibi
1484 2352 1675 2402 protinus
1690 2353 1871 2391 offensus

282 2420 405 2457 homo
431 2418 630 2468 spurcicie
657 2418 871 2465 sermonis,
895 2420 941 2456 vt
969 2419 1060 2455 tum
1090 2418 1256 2467 quidem
1279 2417 1503 2465 videbatur,
1527 2418 1661 2456 multa
1688 2418 1872 2456 conuicia

282 2485 489 2533 congessit
516 2483 560 2521 in
589 2482 812 2521 barbarum
841 2482 1093 2531 scriptorem,
1125 2481 1196 2532 qui
1223 2484 1308 2520 tam
1343 2482 1521 2521 indoctis
1550 2482 1671 2531 nugis
1698 2483 1872 2522 miseras

281 2548 525 2598 perdidisset
563 2548 734 2586 chartas.
807 2548 890 2586 Nec
930 2548 1077 2585 modus
1115 2550 1186 2586 aut
1224 2547 1321 2585 finis
1359 2547 1568 2595 irn'dendi,
1607 2548 1734 2586 donec
1767 2547 1871 2587 alter

283 2614 513 2652 ostenderet
533 2613 574 2651 id
596 2612 704 2663 quod
730 2614 943 2662 tantopere
967 2613 1205 2651 damnasset
1231 2613 1509 2663 fragmentum
1536 2626 1623 2651 esse
1649 2613 1866 2652 Ciceronis.

222 2690 263 2720 60
283 2679 468 2727 Agnouit
497 2677 738 2716 admonitus
771 2679 812 2715 et
845 2676 938 2715 risit
967 2677 1093 2715 homo
1128 2678 1273 2716 doctus
1305 2680 1464 2715 tantam
1494 2692 1543 2716 ex
1574 2677 1870 2728 imaginatione

281 2743 578 2781 delirationem.
647 2743 830 2780 Tantum
861 2743 971 2780 valet
1005 2743 1049 2780 in
1084 2742 1258 2780 eruditis
1293 2756 1452 2792 quoque
1489 2745 1754 2792 praesumpta
1786 2754 1871 2790 per-

283 2806 429 2855 suasio,
452 2820 526 2845 nec
546 2807 624 2845 alia
644 2820 707 2845 res
727 2807 769 2844 in
793 2807 1012 2845 iudicando
1033 2807 1165 2856 magis
1184 2807 1249 2845 vel
1269 2808 1420 2846 auertit
1441 2808 1507 2845 vel
1526 2807 1671 2846 adimit
1691 2806 1839 2845 oculos.

325 2953 376 2980 24.
415 2951 519 2980 quam
546 2954 565 2972 α
593 2947 638 2973 bis
665 2954 721 2980 per
746 2947 878 2983 Iapsmn,
908 2947 943 2974 in
966 2947 1032 2980 fine
1059 2947 1086 2974 et
1110 2946 1200 2975 initio
1226 2947 1402 2982 linearum;
1437 2953 1615 2984 quamque
1643 2944 1666 2977 β
1692 2952 1864 2979 perperam.

282 2996 334 3024 31.
358 2987 393 3016 et
408 2996 448 3015 a:
472 2988 579 3024 atque
595 2998 627 3025 γ.
762 2996 815 3025 34.
842 2988 898 3017 cui
916 2998 935 3016 α
950 2998 957 3017 z
980 2988 1042 3026 qui
1058 2988 1091 3021 β.
1226 2989 1278 3026 56.
1304 2987 1494 3027 spurcitiae
1512 2987 1567 3021 13¹:
1593 2986 1763 3026 spurcitia
1779 2985 1825 3019 26⁹.
