2010 3417
137 170 236 226 359]
451 171 605 211 FROM
641 167 976 211 WILLIBALD
1014 168 1420 212 PIRCKHEIMER
1650 170 1727 209 149

135 281 391 321 confessione
429 294 475 321 ac
505 281 759 331 benignitate
792 280 919 320 etiam
952 281 1116 332 propria
1147 293 1273 320 meus.
1335 281 1464 331 Perge
1496 280 1635 331 igitur,
1669 281 1729 319 mi
1751 292 1792 324 15

136 347 318 397 Erasme,
342 346 571 386 amiciciam
587 348 773 385 nostram
793 348 877 385 tam
896 346 1030 385 fauste
1052 346 1287 385 incohatam
1307 345 1459 385 litteris
1476 345 1560 384 tuis
1578 344 1730 385 suauis-

138 413 256 452 simis
275 425 514 452 conseruare
530 427 539 460 ;
568 424 649 463 qua
669 426 712 450 re
732 412 794 451 nil
813 412 919 450 mihi
938 411 1095 462 gratius
1114 412 1248 450 facere
1266 411 1429 461 poteris.

192 479 424 517 Matronam
441 491 565 528 quam
585 477 822 516 nouissimis
841 477 925 516 tuis
945 477 1096 516 litteris
1113 476 1220 516 mihi
1241 475 1548 524 commendasti,
1567 475 1625 513 ita
1643 474 1730 513 foui

138 545 184 582 vt
214 545 304 594 ipsa
333 557 408 582 nec
441 543 535 593 plus
566 555 728 592 sperare
757 556 831 580 nec
862 556 935 593 ego
964 545 1171 592 praestare
1200 542 1426 592 potuissem
1442 556 1451 589 ;
1493 541 1591 591 quid
1619 540 1731 579 enim

138 608 202 646 tui
229 609 358 659 gratia
380 620 464 647 non
489 607 722 646 faciendum
743 619 952 646 censerem
966 608 986 645 5>
1040 607 1240 646 Amicum
1259 618 1533 654 communem,
1554 606 1731 644 Beatum
1752 616 1793 637 ²0

139 675 341 721 nostrum,
363 673 519 712 saluta:
548 673 614 710 cui
642 684 727 710 non
756 684 901 721 parum
927 671 1107 720 inuideo,
1128 672 1207 710 etsi
1225 672 1492 710 vehementer
1517 671 1733 709 hominem

140 751 286 787 amem,
313 737 506 788 quoniam
535 737 765 787 praesentia
792 749 835 775 ac
863 737 1041 775 iucunda
1069 736 1366 775 consuetudine
1393 738 1474 784 tua,
1505 735 1610 773 mihi
1637 749 1732 774 vero

140 806 297 854 negata,
315 802 380 841 illi
394 802 478 840 frui
492 801 729 840 conceditur
745 818 753 849 ;
782 801 956 851 spondet
971 803 1111 840 tamen
1131 802 1297 840 animus
1316 813 1400 839 non
1420 800 1587 850 penitus
1602 812 1734 838 vanus

140 881 314 918 aruspex
345 867 488 906 ambos
516 867 760 917 quandoque
792 878 929 905 coram
964 865 1150 904 oblatum
1188 865 1239 904 iri
1269 864 1619 914 amicabiliterque
1651 877 1733 903 vna

140 933 294 972 versari
311 945 441 983 posse.
503 932 605 980 Fiat,
630 932 714 971 fiat.
1755 943 1768 965 2
1775 943 1792 974 5

192 997 305 1046 Vale,
328 997 500 1036 Latinae
519 997 686 1047 linguae
709 996 966 1045 instaurator,
990 996 1193 1035 bonarum
1212 995 1447 1034 litterarum
1468 997 1670 1033 reserator
1689 1007 1733 1033 ac

140 1063 312 1102 Vnicum
332 1063 555 1102 Germanie
575 1062 709 1101 decus.

195 1128 460 1179 Nurenberge
480 1128 574 1167 Kal.
598 1127 795 1167 Octobris.

558 1280 656 1322 360.
719 1279 783 1320 To
815 1280 1020 1320 ANDREW
1051 1279 1316 1320 AMMONIUS.

188 1374 354 1420 Farrago
370 1385 403 1418 p.
424 1383 503 1415 224.
1437 1367 1556 1403 Basle.

191 1432 228 1467 F.
250 1444 284 1477 p.
304 1441 392 1477 353:
420 1430 510 1466 HN:
537 1430 652 1465 Lond.
672 1428 747 1463 viii.
771 1439 835 1475 29:
864 1428 935 1463 LB.
953 1429 1048 1473 App.
1069 1439 1101 1473 3.
1315 1437 1335 1461 2
1355 1425 1516 1461 October
1536 1424 1688 1471 (1515).

141 1513 276 1589 tigThc}
287 1512 372 1597 ⁴{affe
389 1513 420 1544 is
435 1513 542 1552 given
559 1512 605 1551 by
621 1510 682 1542 the
699 1511 875 1542 reference
892 1512 928 1541 to
944 1510 1007 1541 the
1024 1509 1110 1540 New
1125 1509 1331 1540 Testament
1347 1507 1419 1538 and
1440 1509 1475 1537 to
1496 1506 1559 1537 the
1582 1505 1734 1546 publica-

195 1567 219 1588 n
237 1567 256 1588 o
321 1581 328 1588 .

285 1654 491 1686 ERASMVS
523 1653 856 1685 ROTERODAMVS
886 1651 1103 1683 ANDREAE
1133 1650 1345 1681 AMMONIO
1378 1649 1460 1680 SVO
1493 1649 1525 1678 S.
1554 1648 1595 1678 D.

200 1737 340 1775 BELLE
360 1736 559 1774 hactenus
583 1734 689 1773 mihi
709 1735 790 1773 fuit
808 1746 938 1783 vsque
964 1734 1014 1772 ad
1042 1732 1228 1771 nidorem
1252 1731 1612 1781 hypocaustorum,
1638 1739 1738 1777 quae

146 1815 280 1852 nuper
304 1800 470 1839 incendi
496 1801 636 1850 coepta
662 1802 772 1838 sunt.
832 1799 1115 1848 Hieronymus
1143 1797 1187 1835 in
1216 1808 1408 1846 processu
1437 1796 1509 1833 est.
1569 1793 1738 1831 Nouum

147 1867 460 1906 Testamentum
478 1865 563 1904 iam
582 1865 764 1915 aggressi
782 1866 892 1903 sunt.
949 1864 1036 1913 Ego
1056 1876 1130 1901 nec
1151 1874 1315 1900 manere
1334 1872 1504 1910 possum
1523 1858 1574 1898 ob
1595 1857 1738 1896 intole-

146 1932 318 1971 rabilem
337 1931 525 1970 nidorem
544 1930 849 1978 aestuariorum‚
869 1942 942 1967 nec
963 1928 1073 1967 abire
1093 1927 1144 1966 ob
1160 1939 1262 1976 opus
1282 1926 1503 1975 inceptum,
1522 1923 1628 1974 quod
1649 1923 1739 1961 sine

148 2011 215 2037 me
235 1996 352 2036 nullo
367 1998 484 2047 pacto
504 1995 634 2046 possit
653 1995 801 2046 peragi.
848 1993 1004 2033 Eluetii
1019 1993 1150 2032 nostri
1164 2003 1411 2041 magnopere
1430 1988 1741 2029 stomachantur
1760 2005 1776 2035 5

145 2063 344 2102 aduersus
373 2061 524 2110 Gallos,
556 2060 665 2111 quod
697 2060 777 2099 sibi
810 2060 854 2098 in
888 2059 973 2098 acie
1003 2071 1088 2097 non
1117 2056 1315 2096 cesserint
1343 2054 1531 2103 ciuiliter,
1563 2055 1610 2092 vt
1639 2052 1741 2091 olim

147 2129 352 2167 cesserant
378 2126 540 2176 Anglis‚
569 2126 641 2164 sed
670 2124 874 2165 machinis
901 2124 987 2163 suis
1014 2123 1171 2162 multos
1199 2119 1506 2171 dissipauerint.
1567 2118 1741 2158 Rediere

146 2195 321 2232 domum
358 2192 571 2242 aliquanto
609 2190 818 2241 pauciores
857 2202 982 2240 quam
1020 2188 1215 2235 exierant,
1247 2185 1383 2234 laceri,
1418 2183 1566 2232 mutili,
1601 2183 1741 2231 saucii,

149 2258 280 2310 signis
298 2257 509 2304 dissectis;
537 2256 710 2306 proinde
730 2269 803 2306 pro
823 2254 1009 2305 epiniciis
1029 2253 1236 2292 celebrant
1255 2249 1494 2301 parentalia.

202 2322 436 2373 Epistolam
463 2321 515 2360 ad
535 2322 718 2360 Leonem
748 2334 843 2359 cum
872 2320 965 2358 aliis
993 2317 1208 2358 nonnullis
1236 2315 1474 2355 curauimus
1501 2313 1738 2360 aedendam,
1763 2328 1802 2350 10

150 2388 220 2427 sed
248 2386 564 2437 locupletatam.
604 2386 641 2425 si
668 2386 767 2437 quid
797 2397 1040 2436 responsum
1069 2385 1132 2422 est
1161 2382 1270 2433 quod
1299 2381 1350 2420 ad
1379 2393 1446 2418 me
1474 2379 1743 2418 vehementer

154 2451 365 2502 pertineat,
406 2451 593 2501 significa
629 2451 714 2490 tuis
750 2450 894 2498 literis,
936 2450 1006 2488 sed
1044 2450 1173 2487 caute.
1243 2446 1287 2486 Si
1320 2444 1514 2484 valetudo
1551 2443 1740 2494 patietur,

155 2516 503 2556 commorabimur
529 2517 598 2555 hic
625 2529 754 2567 Vsque
783 2516 833 2554 ad
858 2515 1038 2554 natalem
1062 2512 1242 2560 Christi3
1273 2511 1340 2550 sin
1368 2510 1518 2555 minus,
1545 2510 1616 2546 aut
1644 2507 1743 2545 Bra-

154 2581 339 2621 bantiam
358 2583 586 2629 repetemus
606 2583 678 2619 aut
696 2582 876 2620 Romam
895 2582 1014 2618 recta.

209 2645 476 2684 Eboracensis
515 2646 685 2684 donauit
722 2659 789 2684 me
822 2644 1051 2695 praebenda
1078 2641 1338 2688 Tornaeensi,
1370 2639 1440 2677 sed
1473 2637 1596 2688 ἀδώρῳ
1629 2636 1744 2688 δώρῳ,
1763 2651 1799 2684 15

199 2755 273 2785 359.
302 2755 350 2785 18.
383 2753 600 2794 Matronam]
626 2752 677 2784 Cf.
695 2753 756 2793 Ep.
778 2753 838 2790 164
862 2754 916 2783 in·
1030 2762 1058 2789 7.
1101 2749 1246 2790 Anglis]
1285 2750 1321 2780 at
1355 2748 1416 2779 the
1456 2746 1570 2778 battle
1608 2746 1645 2777 of
1679 2747 1742 2777 the

156 2798 248 2829 trod.
985 2795 1103 2834 Spurs,
1132 2794 1171 2822 16
1194 2793 1283 2832 Aug.
1310 2800 1404 2830 1513.

201 2852 253 2880 24.
270 2839 436 2881 aruspex]
449 2839 500 2871 cf.
517 2839 620 2879 Prop.
633 2849 665 2879 3.
682 2848 720 2878 13
731 2838 777 2879 (4.
790 2838 854 2879 12).
865 2848 918 2878 59.
1076 2835 1272 2876 machinis]
1289 2835 1341 2866 Of.
1354 2833 1569 2873 Creighton
1559 2842 1606 2873 iv,
1618 2842 1652 2873 p.
1665 2842 1738 2865 211.

202 2885 276 2916 360.
311 2894 340 2916 2.
378 2884 519 2914 Nouum
543 2881 828 2923 Testamentum]
853 2882 920 2912 For
1033 2890 1081 2911 10.
1100 2878 1313 2919 Epistolam]
1341 2878 1403 2917 Ep.
1419 2886 1494 2917 335.

157 2929 222 2959 the
233 2928 476 2968 interruption
490 2926 634 2957 ofwork
646 2926 761 2966 cf.Ep.
774 2926 848 2965 356.
867 2935 915 2956 12.
1033 2933 1082 2963 15.
1114 2922 1331 2963 praebenda]
1362 2920 1548 2960 Mountjoy
1577 2919 1743 2951 obtained

201 2973 232 3002 6.
273 2971 366 3012 acie]
410 2971 643 3011 Man'gnanm
676 2978 726 3009 13,
760 2979 797 3007 14
824 2969 918 3008 Sept.
987 2967 1062 2998 this
1077 2966 1234 3006 prebend
1250 2966 1303 2996 for
1319 2965 1485 2996 Erasmus
1505 2963 1599 2995 from
1620 2964 1742 3003 Samp-

160 3023 251 3054 1515.
988 3020 1062 3049 son,
1088 3020 1126 3041 as
1147 3009 1320 3049 Wolsey’s
1341 3007 1637 3046 Viear-General;
1672 3007 1743 3038 and
