2010 3417
269 140 349 178 322
730 137 982 176 LETTERS
1022 137 1090 175 OF
1127 136 1392 176 ERASMUS
1729 134 1770 190 [1
1778 149 1799 188 5
1808 155 1822 179 1
1833 145 1855 181 6

322 249 414 287 Iam
433 261 518 286 non
538 246 736 285 refellunt
756 248 796 284 et
815 245 1028 295 corrigunt
1049 258 1152 295 quae
1171 258 1387 295 perperam
1407 258 1430 284 a
1459 245 1578 284 nobis
1598 246 1749 296 scripta
1769 261 1858 288 cen-

268 315 393 360 seant,
417 313 488 350 sed
511 312 587 350 hoc
615 311 755 361 ipsum
783 311 987 349 damnant
1010 309 1231 359 scripsisse.
1302 310 1382 348 Fas
1404 323 1492 349 esse
1516 312 1670 360 negant
1699 313 1856 359 tentare

267 378 486 428 quicquam
513 376 754 415 huiusmodi
782 376 932 414 nisiex
951 374 1171 413 autoritate
1191 374 1355 413 concilii
1379 375 1594 425 generalis.
1668 377 1727 414 At
1754 377 1858 418 istoc

266 442 365 492 quid
379 443 564 493 iniquius
579 444 599 481 ‘?
654 442 745 491 Ipsi
764 441 912 480 cotidie
931 441 1162 490 deprauant
1181 453 1317 479 sacros
1336 440 1508 488 codices,
1520 441 1608 479 sola
1627 440 1792 486 inscitia
1809 455 1856 482 ac

207 526 248 556 30
265 508 498 546 temeritate
526 508 572 545 in
592 507 815 545 concilium
835 506 1046 545 adhibita:
1075 505 1193 544 nobis
1213 519 1298 544 non
1317 506 1460 545 licebit
1484 519 1534 544 ex
1553 507 1741 546 veterum
1770 520 1859 547 sen-

264 575 397 613 tentia
415 575 632 613 restituere
653 572 763 624 quod
783 575 1021 623 corruptum
1040 573 1115 619 est,
1138 571 1220 609 nisi
1240 571 1368 611 totius
1387 571 1497 610 orbis
1517 571 1745 611 Christiani
1763 586 1866 612 con-v

266 642 408 679 uocato
438 639 612 678 concilio
628 641 648 678 ?
716 639 833 677 Adeo
863 638 1045 687 peiorem
1078 636 1227 676 volunt
1247 649 1334 675 esse
1353 637 1634 681 conditionem
1653 638 1856 678 mendum

265 705 553 744 submouentis
572 717 696 754 quam
708 703 957 751 inuehentis,
975 702 1079 740 bene
1093 702 1292 741 merentis
1307 715 1380 741 sua
1391 702 1596 742 industria
1611 717 1735 754 quam
1748 703 1859 743 male

265 771 463 810 merentis
482 782 555 809 sua
575 769 859 819 incogitantia.

208 854 246 886 35
319 838 477 877 Verum
496 836 601 875 illud
620 835 727 874 mihi
746 834 1020 885 respondeant
1030 833 1172 882 velim,
1191 833 1290 872 haec
1309 833 1399 883 ipsa
1418 846 1520 884 quae
1539 833 1626 873 illis
1639 835 1858 884 tantopere

264 904 396 955 placet
415 903 576 951 aedstio,
599 903 740 941 vtrum
752 901 803 939 ab
823 900 1048 950 interprete
1067 900 1256 948 suscepta
1275 899 1355 937 fuit
1378 912 1427 937 ex
1452 901 1673 938 autoritate
1692 900 1856 939 concilii

264 968 478 1021 generalis,
509 982 562 1008 an
596 968 712 1017 prius
741 966 879 1005 aedita
911 979 955 1004 ac
995 965 1142 1004 deinde
1170 965 1325 1003 iudicio
1356 965 1533 1004 Patrum
1562 966 1858 1016 comprobata?

265 1036 389 1074 Prius
410 1034 606 1083 scriptam
627 1033 785 1083 opinor,
807 1033 948 1082 postea
977 1030 1297 1080 comprobatam.
1366 1031 1499 1080 Atqui
1517 1031 1628 1069 idem
1648 1033 1781 1081 potest
1809 1032 1854 1071 in

263 1101 340 1140 hac
359 1113 452 1139 mea
466 1099 631 1138 euenire
648 1113 657 1146 ;
686 1098 796 1148 quod
824 1098 911 1147 ipse
931 1099 1072 1135 tamen
1092 1109 1167 1134 nec
1187 1096 1325 1135 ambio
1345 1109 1419 1134 nec
1438 1096 1613 1146 postulo.
1673 1097 1858 1136 Tametsi

204 1182 246 1215 40
264 1180 314 1205 ne
349 1166 391 1204 id
419 1165 586 1215 quidem
615 1164 895 1203 concesserim.
967 1162 1074 1201 Mihi
1104 1162 1237 1212 magis
1270 1162 1435 1200 videtur
1468 1175 1544 1200 vsu
1573 1162 1786 1212 irrepsisse
1811 1176 1859 1202 ac

261 1230 461 1281 paulatim
491 1243 709 1280 progressu
742 1228 944 1279 temporis
971 1227 1185 1278 collegisse
1214 1227 1351 1266 robur.
1421 1227 1596 1278 Alioqui
1625 1227 1661 1266 si
1689 1227 1859 1277 publico

263 1297 427 1336 concilii
458 1296 610 1334 iudicio
641 1296 788 1334 fuisset
817 1293 1041 1345 approbata
1067 1293 1309 1343 traditaque,
1333 1306 1476 1331 omnes
1504 1306 1550 1331 ea
1579 1293 1861 1332 communiter

262 1362 325 1416 vsi
344 1361 534 1400 fuissent.
588 1360 710 1399 Nunc
739 1360 854 1398 aliud
878 1360 981 1398 citat
1001 1358 1264 1406 Ambrosius,
1288 1357 1402 1397 aliud
1433 1358 1709 1408 Augustinus,
1740 1358 1853 1398 aliud

261 1427 461 1475 Hilarius,
493 1426 607 1465 aliud
646 1425 941 1476 Hieronymus.
1016 1424 1109 1462 Imo
1147 1437 1222 1462 nec
1257 1423 1382 1462 huius
1424 1424 1574 1463 aetatis
1605 1424 1857 1474 exemplaria

202 1511 242 1543 45
263 1493 539 1532 consentiunt.

316 1559 431 1607 Quod
451 1558 488 1598 si
506 1557 697 1608 protinus
726 1558 865 1595 actum
885 1557 1036 1606 putant
1056 1555 1105 1593 de
1125 1554 1322 1605 religione
1343 1554 1588 1604 Christiana,
1612 1555 1649 1593 si
1669 1555 1766 1605 quid
1789 1568 1851 1594 vs-

261 1637 385 1674 quam
404 1623 527 1671 varie,
550 1623 677 1661 etiam
705 1622 741 1660 si
768 1635 845 1660 nos
871 1621 1179 1669 dormissemus,
1211 1620 1294 1659 iam
1318 1620 1383 1658 illi
1403 1621 1581 1670 periculo
1600 1634 1765 1659 eramus
1786 1620 1852 1659 ob·

259 1689 384 1727 noxii.
462 1690 471 1708 ‘
487 1689 547 1727 At
579 1689 754 1726 vtuntur
774 1687 783 1702 ’
821 1686 1032 1737 inquiunt,
1071 1686 1167 1724 ‘hac
1206 1685 1412 1724 aeditione
1451 1686 1627 1724 Patrum
1666 1686 1815 1736 synodi
1827 1687 1849 1726 ⁹.

260 1756 485 1793 Veteresne
515 1767 568 1792 an
597 1754 882 1792 recentiores?
938 1753 1029 1790 Aut
1055 1765 1128 1790 cur
1156 1751 1296 1790 minus
1325 1751 1461 1790 valere
1491 1751 1638 1790 debeat
1664 1754 1854 1790 veterum

201 1838 241 1870 50
259 1820 526 1859 conciliorum
545 1833 644 1858 vsus
677 1832 800 1870 quam
828 1818 1093 1857 recentium?
1132 1818 1313 1855 maxime
1334 1817 1443 1867 quod
1462 1817 1512 1855 ad
1532 1817 1640 1855 hanc
1660 1830 1748 1855 rem
1766 1831 1854 1867 per·

260 1886 403 1924 tineat.
438 1886 695 1935 Quamquam
715 1885 820 1923 illud
841 1886 928 1922 erat
948 1883 1188 1930 docendum,
1211 1896 1258 1921 ea
1277 1895 1379 1932 quae
1400 1882 1581 1921 citantur
1600 1883 1645 1921 in
1666 1883 1863 1923 concilio-⁷

260 1965 353 1990 rum
383 1951 485 1990 actis
519 1965 542 1989 a
578 1952 721 1990 nostra
752 1949 1041 1989 emendatione
1075 1948 1286 1987 dissidere.
1359 1948 1465 1997 Quid
1503 1948 1613 1998 quod
1654 1948 1849 1999 pleraque

261 2016 515 2066 synodorum
530 2019 620 2055 acta
634 2016 786 2055 Graeco
802 2028 988 2055 sermone
1002 2014 1165 2064 prodita
1184 2014 1353 2053 fuerunt
1365 2015 1385 2053 ·?
1413 2014 1603 2063 Denique
1615 2013 1704 2053 fieri
1715 2013 1854 2064 potuit

259 2085 307 2122 vt
325 2082 447 2121 aliter
466 2082 516 2120 ab
536 2081 621 2119 illis
650 2082 774 2120 citata
803 2082 976 2120 mutarit
1001 2079 1151 2129 aliquis
1175 2080 1226 2118 ad
1252 2079 1359 2118 hanc
1380 2081 1567 2118 nostram
1586 2079 1852 2127 aeditionem‚

202 2165 219 2196 5
224 2164 241 2196 5
260 2148 303 2186 id
323 2148 432 2198 quod
451 2147 632 2197 quotidie
652 2147 999 2197 deprehendimus
1018 2146 1174 2184 factum
1192 2147 1236 2184 in
1256 2144 1601 2195 Hieronymianis
1619 2147 1661 2183 et
1679 2144 1854 2183 Ambro-

261 2214 387 2252 sianis
415 2213 732 2251 commentariis.
783 2214 897 2251 Ante
925 2225 1055 2250 annos
1081 2211 1208 2249 ferme
1227 2210 1378 2260 viginti
1406 2210 1595 2249 Lutetiae
1614 2210 1760 2249 formis
1789 2224 1866 2252 ex·,

262 2279 518 2317 cudebantur
538 2278 835 2317 sacrificiorum
854 2291 900 2316 ac
920 2290 1088 2326 precum
1108 2277 1367 2315 horariarum
1387 2276 1556 2323 codices,
1577 2276 1693 2314 iuxta
1721 2276 1851 2314 ritum

261 2344 450 2383 ecclesiae
463 2343 739 2382 Treuerensis.
798 2345 858 2382 At
880 2343 1015 2392 opifex
1034 2342 1106 2392 qui
1125 2342 1267 2380 literas
1285 2343 1472 2392 gustarat
1492 2341 1626 2390 modo,
1648 2355 1742 2380 cum
1762 2355 1853 2380 sen-

260 2410 358 2448 tiret
371 2409 588 2459 plaeraque
600 2410 822 2456 dissonare,
840 2408 1015 2447 correxit
1030 2407 1170 2446 omnia
1186 2407 1236 2445 ad
1251 2407 1357 2445 hanc
1370 2408 1556 2445 nostram
1571 2407 1824 2446 aeditionem
1841 2423 1864 2456 ς,

203 2484 244 2516 60
260 2475 383 2525 idque
402 2475 488 2525 ipse
506 2475 614 2513 mihi
633 2475 842 2513 confessus
862 2475 934 2520 est,
950 2473 1154 2511 arbitrans
1174 2486 1217 2510 se
1236 2485 1324 2510 rem
1344 2472 1570 2521 preclaram
1589 2473 1738 2512 moliri.

317 2541 409 2578 Iam
437 2554 522 2578 non
541 2540 717 2578 arbitror
737 2539 974 2587 absurdum,
998 2538 1034 2576 si
1063 2538 1162 2589 quid
1192 2538 1319 2576 etiam
1345 2537 1477 2586 fugiat
1505 2539 1695 2588 generale
1721 2539 1852 2577 conci-

263 2606 379 2655 lium,
402 2606 447 2644 in
477 2606 544 2644 his
573 2605 815 2655 praesertim
842 2617 944 2654 quae
976 2617 1062 2642 non
1089 2604 1270 2645 attinent
1299 2603 1349 2641 ad
1379 2603 1666 2642 necessitatem
1692 2603 1848 2643 salutis

303 2725 358 2754 30.
390 2714 583 2745 consilium
606 2717 646 2745 N.
815 2714 867 2752 36.
901 2713 970 2744 suit
993 2715 1022 2743 F
1044 2715 1154 2751 Corriy.
1173 2724 1179 2742 z
1210 2711 1319 2742 fuerit
1341 2714 1413 2742 BH.
1586 2722 1637 2750 47.
1672 2713 1786 2743 variet
1808 2714 1845 2742 F.

262 2769 313 2798 49.
340 2759 414 2789 Aut
430 2761 477 2789 N:
502 2759 553 2789 At
569 2761 606 2788 B.
698 2768 750 2797 50.
775 2760 824 2788 N:
849 2757 1078 2788 consiliorum
1095 2758 1133 2786 B.
1225 2765 1276 2794 51.
1302 2755 1501 2786 docendum
1515 2758 1559 2786 F:
1585 2755 1791 2787 donandum
1807 2758 1844 2787 Β.

262 2804 312 2832 60.
340 2802 518 2832 arbitrans
534 2805 581 2832 B:
606 2802 799 2832 arbitratus
815 2803 858 2831 H.

305 2919 355 2948 54.
386 2910 478 2940 hanc
496 2908 672 2949 nostram]
690 2908 764 2939 The
781 2908 939 2947 Vulgate.
1085 2907 1148 2947 ing
1163 2908 1200 2938 to
1215 2907 1291 2937 this
1300 2916 1361 2937 use
1372 2907 1411 2937 in
1424 2906 1524 2937 Paris
1540 2905 1671 2944 during
1682 2905 1744 2934 the
1758 2904 1847 2934 time

305 2954 355 2990 58.
379 2952 623 2993 Treuerensis]
649 2953 667 2983 I
691 2954 820 2983 cannot
846 2951 924 2982 find
946 2960 1017 2990 any
1085 2951 1123 2981 of
1136 2950 1311 2981 Erasmus’
1327 2949 1506 2980 residence
1525 2949 1636 2979 there.
1685 2946 1846 2987 Possibly

262 2994 384 3025 Missal
396 3005 434 3025 or
444 2997 532 3026 book
543 2996 580 3026 of
590 2996 709 3026 Hours
723 2995 868 3036 printed
878 2994 1017 3026 accord·
1086 3004 1132 3025 no
1149 3003 1237 3033 copy
1255 2993 1319 3024 has
1335 2992 1512 3024 survived.
