2010 3417
182 342 244 374 415

186 998 247 1027 425

188 1648 249 1679 435

188 1976 252 2007 440

189 2304 251 2335 445

210 670 222 689 2
265 657 404 696 ieiuno
430 657 680 696 immodicus
699 670 787 696 esse
807 657 932 707 coepi.

263 159 345 196 470
729 157 981 196 LETTERS
1020 157 1089 195 or
1126 156 1393 196 ERASMUS
1733 154 1825 209 [151
1837 166 1856 204 7

266 269 366 318 quot
382 265 652 305 anteuertisse
670 281 680 314 ;
700 279 796 304 cum
810 266 882 304 ille
892 266 1031 304 ederet
1051 265 1096 304 in
1108 265 1233 305 Italia
1251 278 1386 314 suum,
1408 279 1481 315 ego
1496 278 1637 305 meum
1651 265 1860 304 Luteciae.

266 334 320 370 Et
345 334 487 370 tamen
511 332 643 370 Lucas
670 331 838 381 quidam
859 331 1110 377 Sauromata,
1133 330 1352 380 theologus
1377 330 1662 377 Louaniensis,
1684 329 1749 367 vir
1775 343 1862 368 non

266 397 317 436 ob
342 396 467 444 aliud,
491 396 648 446 opinor,
681 396 869 435 infensus
888 396 1010 435 bonis
1028 396 1163 434 literis
1182 396 1265 434 nisi
1283 396 1394 446 quod
1414 409 1482 434 eas
1501 395 1623 434 annis
1642 395 1865 445 permultis

268 462 339 500 sed
368 461 591 500 infeliciter
619 461 824 512 planeque
856 461 987 500 Musis
1029 461 1147 500 iratis
1184 461 1425 509 affectasset,
1457 461 1724 510 pertinaciter
1760 473 1863 499 asse-

267 526 436 565 uerabat
467 539 534 564 me
563 525 712 565 alienis
739 527 927 565 inuentis
957 528 1164 565 ostentare
1192 539 1269 566 me.
1329 526 1419 564 Has
1448 526 1731 564 cauillationes
1761 525 1863 564 dum

266 591 431 631 auidius
449 592 598 630 studeo
619 591 809 642 effugere,
832 592 877 629 in
896 591 1077 631 vicinam
1097 591 1228 630 incidi
1247 592 1422 638 foueam,
1445 593 1492 629 vt
1511 593 1691 641 apparet,
1706 603 1863 640 proque

995 658 1244 707 Quanquam
1265 670 1339 695 nec
1359 669 1490 707 vsque
1509 656 1609 695 adeo
1629 655 1862 706 promiscue

265 722 451 773 albaque,
487 722 597 772 quod
623 721 752 770 aiunt,
786 722 943 760 amussi
977 722 1165 761 studium
1193 722 1276 761 fuit
1305 735 1546 761 conuerrere
1575 721 1727 769 omnia,
1759 721 1864 770 quin

266 788 402 826 multa
421 786 634 826 reiecerim
654 800 758 837 quae
778 789 918 825 tamen
942 787 988 825 in
1017 788 1268 827 Graecorum
1298 786 1558 825 collectaneis
1576 786 1836 825 habebantur
1854 800 1865 833 ;

267 853 375 904 quod
396 852 503 891 mihi
527 852 736 891 suboleret
755 852 959 903 quaedam
980 866 1002 891 e
1021 853 1138 903 vulgi
1157 853 1308 891 horum
1327 853 1565 902 temporum
1591 852 1676 890 fece
1701 851 1860 899 hausta,

266 919 470 968 quaedam
489 919 677 957 affectata
696 918 833 957 studio
853 918 1008 956 maiore
1030 931 1156 968 quam
1183 918 1348 957 iudicio.

321 983 414 1022 Iam
434 984 543 1033 quod
563 985 877 1034 argumentatus
897 983 1057 1022 fueram
1078 997 1163 1022 non
1179 983 1365 1022 eiusdem
1385 995 1472 1022 esse
1491 982 1674 1021 hominis
1689 983 1864 1022 Peniam

266 1048 415 1088 habere
447 1049 558 1087 domi
587 1051 627 1087 et
658 1048 922 1087 Lucullianas
953 1049 1282 1087 substructiones
1314 1048 1487 1096 tollere;
1526 1048 1584 1086 ita
1615 1049 1662 1086 tu
1694 1047 1864 1098 quidem

268 1115 533 1164 ἀντιστρέφεις,
559 1116 605 1152 vt
618 1113 695 1152 hoc
708 1114 847 1163 ipsum
867 1114 1080 1153 existimes
1099 1116 1405 1164 argumentum,
1427 1113 1605 1152 Plutum
1625 1127 1675 1151 ex
1695 1112 1866 1151 aedibus

267 1178 352 1217 tuis
382 1179 427 1216 in
464 1178 618 1217 malam
651 1192 740 1218 rem
777 1179 915 1229 aliquo
950 1180 1181 1230 profugisse
1212 1182 1253 1218 et
1283 1179 1328 1217 in
1361 1179 1486 1218 huius
1519 1180 1659 1218 locum
1690 1179 1865 1218 Peniam

268 1244 539 1294 immigrasse.
600 1245 726 1283 Recte
745 1258 844 1284 sane
863 1245 971 1284 istuc
999 1245 1035 1284 si
1059 1245 1201 1295 predia
1226 1245 1432 1295 villasque
1458 1245 1504 1284 in
1522 1245 1608 1284 tuis
1633 1245 1754 1283 bonis
1779 1257 1866 1283 non

211 1323 226 1353 3
270 1322 476 1358 numeras,
499 1323 594 1348 cum
623 1310 722 1349 hinc
750 1309 977 1360 locupletes
996 1310 1263 1360 potissimum
1282 1323 1438 1349 nomen
1457 1309 1708 1349 inuenerint.

322 1375 448 1423 Haec,
470 1375 625 1425 optime
645 1376 824 1423 Budaee,
845 1376 1029 1415 cauillari
1042 1376 1166 1414 libuit
1182 1376 1319 1414 verius
1339 1389 1463 1426 quam
1478 1375 1752 1427 ἀπολογεῖσθαι
1769 1389 1780 1422 ;
1799 1375 1867 1414 vel

269 1441 378 1492 quod
398 1443 445 1479 tu
464 1441 523 1479 sic
542 1441 731 1490 iusseras,
755 1442 821 1480 vel
843 1442 953 1491 quod
983 1442 1102 1480 dulce
1131 1444 1190 1480 est
1211 1442 1377 1492 quiduis
1406 1455 1502 1480 cum
1528 1443 1659 1480 amico
1685 1440 1762 1480 tali
1789 1454 1864 1479 nu-

269 1506 381 1557 gari3
410 1506 479 1544 vel
508 1507 618 1556 quod
647 1507 790 1545 minus
818 1507 945 1546 etiam
975 1507 1054 1545 tibi
1083 1507 1353 1557 magnificum
1380 1508 1464 1546 fore
1494 1506 1727 1545 iudicabam
1747 1507 1865 1557 ἐρήμῃ

269 1569 538 1623 ινενικ<ηκ>έναι.
598 1572 818 1611 Caeterum
838 1572 946 1610 nihil
965 1575 1027 1611 est
1047 1574 1170 1611 tuum
1197 1573 1306 1622 quod
1326 1586 1411 1611 non
1430 1573 1551 1611 vnice
1575 1574 1669 1610 tum
1694 1571 1866 1622 probem

269 1640 362 1676 tum
379 1637 588 1685 admirer;
617 1637 660 1675 id
689 1638 797 1687 quod
820 1650 916 1676 cum
945 1638 1120 1676 antehac
1151 1651 1312 1688 semper
1343 1638 1524 1686 fecerim,
1557 1639 1700 1675 tamen
1732 1637 1867 1676 indies

271 1716 352 1752 quo
376 1703 546 1752 propius
579 1705 621 1741 te
651 1703 920 1753 contemplor,
943 1717 1024 1753 quo
1052 1703 1238 1753 penit-ius
1258 1703 1513 1753 introspicio,
1536 1703 1614 1741 hoc
1643 1705 1684 1741 et
1703 1716 1797 1741 amo
1825 1705 1867 1742 et

270 1768 446 1819 suspicio
480 1768 624 1818 magis.
683 1768 767 1807 Nec
789 1768 901 1807 enim
926 1771 966 1807 te
995 1769 1132 1808 solum
1159 1769 1376 1808 hominem
1405 1769 1593 1808 absolute
1620 1769 1790 1807 doctum
1818 1781 1865 1808 ac

271 1834 415 1872 diuino
435 1834 613 1884 quodam
633 1834 800 1884 ingenio
820 1834 988 1885 parique
1006 1835 1162 1874 iudicio
1180 1835 1392 1885 preditum
1411 1834 1623 1874 declarant
1642 1839 1736 1873 tuae
1754 1834 1866 1873 lucu-

271 1900 493 1949 brationes,
515 1899 752 1939 admirabili
771 1901 1056 1939 doctrinarum
1075 1902 1269 1940 omnium
1288 1915 1399 1951 penu
1419 1901 1591 1939 refertae
1607 1915 1616 1948 ;
1657 1913 1807 1939 verum
1825 1903 1868 1939 et

270 1965 482 2014 integrum
502 1965 760 2016 probumque
781 1966 919 2005 virum
938 1968 1128 2017 arguunt,
1145 1967 1217 2016 qui
1228 1968 1344 2005 tanto
1363 1966 1493 2005 animi
1507 1967 1652 2005 ardore
1670 1966 1868 2005 destoma-

270 2030 404 2069 cheris
434 2031 475 2068 in
508 2031 839 2081 corruptissimos
866 2031 991 2070 huius
1018 2032 1168 2071 saeculi
1195 2045 1342 2071 mores.
1404 2031 1522 2081 Quod
1550 2031 1587 2070 si
1616 2031 1715 2082 quid
1741 2031 1868 2070 etiam

270 2108 413 2145 peccas
431 2095 476 2133 in
496 2095 639 2145 phrasi
668 2099 741 2135 aut
771 2097 896 2147 copia,
922 2097 1031 2147 quod
1061 2110 1134 2148 ego
1160 2111 1259 2136 sane
1288 2111 1373 2136 non
1401 2097 1644 2148 puto,—sed
1670 2098 1812 2135 tamen
1830 2097 1867 2136 si

272 2160 372 2210 quid
391 2173 544 2210 peccas,
568 2162 751 2210 primum
767 2162 896 2209 viciis,
916 2165 962 2201 vt
982 2163 1070 2212 ipse
1090 2163 1306 2201 verissime
1325 2163 1483 2211 scribis,
1497 2161 1684 2201 honestIS
1698 2174 1841 2212 peccas
1856 2177 1869 2210 ;

270 2228 364 2264 tum
383 2226 484 2264 adeo
505 2226 678 2265 feliciter
697 2230 742 2266 vt
762 2241 837 2277 ego
858 2241 955 2267 sane
975 2241 1059 2266 non
1078 2228 1202 2278 paulo
1221 2231 1293 2267 tua
1308 2227 1456 2266 malim
1477 2228 1725 2278 ἁμαρτήματα
1740 2240 1866 2277 quam

270 2291 447 2330 aliorum
473 2291 750 2342 κατορθώματα.
800 2294 917 2332 Inter
936 2296 999 2332 tot
1019 2294 1268 2344 scriptorum
1286 2294 1442 2344 species
1457 2293 1598 2332 nullos
1618 2293 1759 2332 minus
1778 2293 1867 2339 fero

341 2388 416 2417 424.
444 2378 493 2409 C‘2:
517 2378 646 2409 affectu
664 2378 706 2409 (ΓΙ.

837 2390 911 2419 431.
938 2380 1044 2411 libuit
1065 2379 1116 2411 6⁶²:
1142 2381 1247 2411 licuit
1264 2380 1306 2411 0¹.
1455 2389 1529 2419 433.
1552 2381 1601 2410 F:
1626 2377 1725 2419 ἐρήμη
1742 2378 1789 2411 6¹.

314 2487 389 2516 414.
417 2478 668 2519 anteuertisse]
702 2479 872 2509 Erasmus
897 2480 926 2509 is
951 2479 1035 2509 here

272 2521 461 2560 mistaken,
491 2531 536 2551 no
563 2522 674 2553 doubt
701 2523 802 2560 quite
823 2523 1031 2562 genuinely,

271 2564 429 2605 through
445 2565 581 2605 having
595 2575 678 2596 seen
694 2567 757 2596 the
779 2566 880 2596 third
897 2567 1036 2597 edition

272 2608 311 2638 of
352 2608 390 2639 P.
433 2609 584 2648 Vergil's
629 2611 866 2639 Prouerbiorztm
904 2612 1033 2650 libellus,

271 2651 415 2691 Venice,
442 2652 525 2682 Chr.
550 2653 593 2683 de.
618 2652 754 2693 Pensis,
781 2655 802 2682 6
825 2654 912 2685 Nov.
940 2663 1034 2692 1500,

273 2695 413 2726 instead
430 2696 468 2726 of
481 2696 544 2726 the
561 2696 650 2735 first,
670 2696 755 2728 ibid.
777 2707 816 2726 10
832 2697 918 2736 Apr.
941 2698 1033 2736 1498.

272 2739 321 2768 As
334 2739 406 2769 late
420 2749 457 2770 as
472 2748 565 2779 1533,
582 2740 621 2770 in
636 2740 697 2770 the
714 2740 853 2780 preface
867 2746 903 2771 to
920 2750 940 2770 a
958 2750 1037 2771 new

273 2782 412 2813 edition
445 2782 483 2813 of
510 2783 574 2813 the
602 2785 743 2823 Aclaqia,
770 2783 938 2814 Erasmus
965 2794 1037 2814 was

273 2825 349 2855 still
383 2826 555 2865 claiming
588 2827 743 2866 priority
778 2828 831 2858 for
862 2827 921 2857 his
956 2837 1037 2858 own

274 2868 428 2908 volume,
448 2879 485 2900 as
508 2869 642 2910 having
666 2871 757 2900 been
778 2871 971 2910 published
991 2881 1037 2901 011

278 2919 314 2948 15
338 2911 434 2942 June
465 2923 568 2951 15003
599 2915 643 2945 cf.
665 2913 739 2944 also
762 2914 871 2945 Lond.
897 2915 983 2945 xvii.
1004 2924 1035 2952 3.

278 2955 369 2985 xxvi.
387 2956 440 2993 63,
460 2956 529 2987 LB.
549 2958 623 2996 602,
645 2958 737 2987 1108.

319 3007 392 3035 415.
427 2998 552 3039 Lucas]
594 3001 630 3030 L.
656 3000 809 3030 Waltcri
844 3001 909 3041 [†4
940 3001 1035 3041 Sept.

1099 2480 1195 2518 1515)
1214 2478 1259 2509 de
1281 2478 1425 2509 Conitio
1443 2477 1630 2518 (probably
1646 2477 1708 2508 the
1730 2477 1863 2509 Konitz

1100 2524 1139 2553 in
1155 2523 1255 2553 West
1272 2523 1424 2562 Prussia,
1443 2522 1523 2553 sW.
1542 2521 1580 2552 of
1602 2521 1748 2561 Danzig,
1765 2523 1864 2553 since

1098 2566 1175 2597 Val.
1212 2565 1378 2597 Andreas
1415 2565 1501 2596 calls
1538 2565 1616 2595 him
1656 2565 1664 2581 ‘
1676 2565 1864 2605 Prussus',

1098 2609 1220 2640 rather
1250 2609 1339 2640 than
1367 2609 1447 2641 that
1478 2609 1516 2640 in
1544 2608 1714 2649 Moravia,
1743 2609 1800 2640 W.
1829 2610 1868 2639 of

1098 2653 1269 2692 Olmutz>.
1314 2653 1370 2684 He
1406 2663 1479 2684 was
1513 2653 1550 2683 at
1581 2652 1743 2682 Louvain
1774 2653 1863 2683 Uni-

1098 2697 1235 2736 versity
1251 2698 1290 2727 111
1316 2707 1408 2736 1497,
1426 2697 1568 2727 became
1590 2695 1771 2726 Professor
1791 2696 1864 2727 and

1099 2740 1221 2771 Canon
1238 2740 1277 2770 in
1302 2750 1394 2780 1499,
1413 2741 1538 2771 Lector
1558 2739 1863 2770 extraordinarius

1100 2784 1192 2814 Scoti
1212 2793 1306 2823 1503,
1320 2784 1393 2815 and
1410 2784 1500 2815 D.D.
1517 2783 1539 2812 6
1553 2781 1640 2821 July
1658 2791 1752 2821 1512.
1798 2783 1863 2813 See

1098 2828 1177 2859 Val.
1194 2828 1367 2868 Andreas,
1384 2830 1475 2858 Fasti
1489 2829 1578 2857 acad.
1596 2828 1738 2865 Louan.‚-
1749 2836 1810 2866 pp.
1823 2827 1864 2865 78

1098 2871 1170 2901 and
1186 2881 1240 2910 99.
1289 2871 1393 2901 From
1410 2870 1522 2902 Lond.
1540 2869 1627 2900 xvii.
1643 2879 1674 2909 3,
1695 2869 1768 2900 LB.
1784 2871 1863 2908 602,

1100 2915 1137 2945 in
1162 2915 1282 2945 which
1306 2915 1380 2945 this
1403 2922 1545 2954 passage
1570 2913 1601 2943 is
1623 2913 1817 2952 amplified,
1832 2915 1862 2943 it

1099 2967 1246 2998 appears
1270 2958 1349 2988 that
1373 2957 1419 2988 he
1445 2967 1518 2988 was
1543 2956 1649 2987 ‘satis
1673 2956 1872 2987 familiaris*

1098 3011 1266 3041 congerro
1279 3002 1286 3013 ’
1303 3004 1340 3032 to
1357 3002 1525 3032 Erasmus
1542 3001 1576 3030 at
1595 3000 1764 3030 Louvain.
