2010 3417
186 127 230 166 51
244 115 283 171 1]
624 119 775 158 FRoM
812 120 1146 160 AUGUSTINE
1189 122 1344 160 AGGE
1702 123 1779 160 429

183 229 311 268 simul
331 232 372 269 et
391 243 467 280 ego
487 243 581 268 cum
601 231 694 269 aliis
713 230 780 269 his
801 231 1118 281 tempestatibus
1139 232 1312 270 obrutus
1324 232 1497 271 omnino
1515 245 1691 282 peream,
1711 232 1780 270 sed

183 297 351 334 tuorum
380 298 691 346 praeceptorum
721 296 893 346 remigio
922 296 1100 343 adiutus,
1129 300 1175 335 vt
1205 296 1326 343 soleo,
1351 297 1402 335 ad
1430 297 1781 348 tranquillitatem

184 362 347 399 enatare
365 360 532 410 possim.
612 361 718 400 Nam
738 363 817 401 etsi
837 374 947 400 nunc
967 361 1099 400 absim
1119 362 1328 412 paulisper
1346 362 1396 400 ab
1416 362 1483 401 his
1510 362 1632 402 malis
1652 363 1779 402 donec
1800 373 1837 405 33

182 425 331 476 legatio
360 425 440 464 ista
468 425 658 475 postulet,
688 427 963 466 nihilominus
988 427 1145 465 crucior
1172 427 1311 465 animo
1339 440 1482 466 eorum
1501 426 1658 479 (causa)
1677 441 1779 479 quae

185 493 360 541 agantur
389 490 434 528 in
459 490 591 540 patria
616 491 664 529 de
694 493 798 530 meis
818 509 826 539 ;
848 505 961 542 quos,
986 505 1079 531 cum
1110 493 1154 530 in
1184 492 1362 531 summis
1381 492 1570 541 miseriis,
1593 494 1780 532 erumnis

183 555 376 594 maximis
403 555 544 594 abiens
575 555 662 594 illic
696 557 854 608 reliqui,
876 570 960 596 non
987 557 1070 596 nisi
1103 559 1285 596 extrema
1313 559 1384 596 aut
1413 571 1574 608 sperare
1603 560 1674 598 aut
1697 558 1779 597 iam

184 622 292 660 certe
321 620 409 670 pati
438 620 549 659 haud
584 621 867 672 imprudenter
899 636 1086 672 auguror,
1117 625 1163 661 vt
1197 622 1245 661 de
1277 624 1386 661 statu
1419 636 1562 662 eorum
1595 624 1780 674 magisne

185 688 342 724 certum
370 698 423 724 an
454 686 659 725 incertum
688 700 775 726 esse
804 687 930 727 libeat
959 688 1080 738 plane
1111 688 1309 738 ignorem.
1798 701 1837 731 40

236 750 349 798 Vale,
378 750 438 789 mi
467 752 650 800 Erasme‚
688 752 845 803 tibique
876 753 1074 803 persuade
1105 753 1266 791 nullam
1300 766 1387 792 rem
1428 767 1518 793 esse
1546 756 1779 804 grauiorem

181 815 420 865 Augustino
449 818 521 855 tuo
553 830 677 867 quam
711 817 795 856 tuis
824 818 1175 865 institutionibus,
1208 819 1446 868 praeceptis,
1469 820 1774 868 consuetudine,

181 879 541 933 litteratiss<imis),
565 882 900 936 eruditissfimis),
924 881 1235 934 sanctiss<imis>
1253 883 1433 922 destitui.
1504 884 1607 923 Vale
1627 884 1780 924 iterum

182 948 223 985 et
255 946 332 995 his,
363 947 460 997 quia
488 960 626 986 coram
659 961 743 988 non
776 950 907 997 datur,
938 949 1002 987 fac
1035 947 1203 986 obsecro
1242 961 1315 997 per
1342 948 1505 987 litteras
1534 951 1579 987 vt
1610 950 1778 988 omnino

182 1025 268 1050 non
295 1025 464 1051 caream.
523 1011 605 1051 Per
637 1013 904 1053 Franciscum
936 1012 1073 1051 omnia
1106 1012 1293 1056 fideliter,
1325 1015 1370 1051 vt
1403 1015 1516 1063 puto,
1549 1014 1775 1054 tradentur.
1798 1025 1837 1056 45

181 1077 285 1116 Vale
306 1085 360 1126 30,
379 1077 474 1127 quia
492 1077 600 1116 nihil
619 1079 753 1129 magis
771 1081 866 1129 opto
887 1091 1011 1129 quam
1030 1080 1076 1116 vt
1097 1077 1323 1116 rectissime
1347 1078 1480 1117 valeat
1497 1079 1695 1119 Erasmus
1710 1080 1780 1119 ille

182 1155 311 1192 meus,
333 1142 569 1181 litterarum
588 1155 691 1193 speS,
717 1143 909 1182 columen
928 1146 969 1181 et
992 1143 1116 1181 decus
1132 1144 1332 1182 omnium.

236 1208 301 1247 Ex
316 1207 487 1246 Parisiis
508 1210 655 1257 quarto
677 1208 807 1247 Eidus
829 1208 1054 1247 Ianuarias.

645 1353 794 1395 450512.
857 1352 921 1393 ΤΟ
953 1352 1078 1394 JOHN
1109 1352 1318 1393 WATsox.

229 1442 399 1489 Epistole
418 1443 609 1487 elegantes
628 1442 671 1479 f0.
691 1443 743 1479 m4
760 1457 779 1477 v
792 1450 809 1478 ³.
1468 1443 1645 1480 Brussels.

228 1501 281 1538 Οἳ.
299 1513 335 1548 p.
357 1512 443 1548 133:
472 1501 511 1538 F.
529 1514 564 1548 p.
584 1501 650 1544 46:
680 1501 775 1538 HN:
805 1502 921 1538 Lond.
941 1501 964 1536 i.
986 1512 1050 1545 24:
1078 1501 1250 1545 LB.192.
1386 1512 1426 1546 13
1445 1501 1731 1548 Janiiary131‘}.

184 1604 390 1636 ERASMVS
410 1605 744 1636 ROTERODAMVS
768 1605 930 1636 IOANNI
953 1605 1187 1634 VVATSONO
1217 1603 1392 1635 INSIGNI
1419 1605 1655 1637 THEOLOGO
1683 1608 1715 1637 S.
1738 1607 1778 1636 D.

237 1686 361 1734 QVAM
376 1685 483 1724 mihi
501 1699 602 1730 rem,
626 1686 779 1737 optime
800 1686 1022 1735 Vuatsone,
1046 1699 1188 1724 narras
1204 1686 1224 1723 Ῥ
1280 1685 1400 1723 Itane
1421 1687 1559 1725 tecum
1580 1686 1623 1724 in
1648 1687 1779 1736 ipsam

182 1763 310 1800 vsque
341 1750 503 1800 Syriam
533 1751 820 1801 peregrinatus
858 1752 985 1790 sum'?
1041 1750 1185 1800 Neque
1217 1750 1348 1788 secius
1379 1750 1466 1800 ipse
1495 1764 1590 1790 cum
1628 1753 1780 1792 amicos

184 1817 358 1860 omneis,
373 1817 466 1854 tum
484 1816 529 1854 in
549 1816 697 1866 primis
714 1815 978 1855 Vuatsonum
994 1828 1150 1863 meum,
1168 1815 1308 1853 animo
1329 1829 1494 1854 mecum
1515 1816 1756 1857 circumfero
1772 1834 1781 1865 ;

183 1893 346 1930 quoquo
383 1881 588 1920 terrarum
626 1894 693 1919 me
731 1893 930 1931 recepero,
971 1893 1131 1919 memor
1174 1880 1444 1920 suauissimae
1490 1881 1783 1923 familiaritatis

182 1947 345 1984 nostrae
365 1947 406 1983 et
434 1946 619 1985 noctium
643 1946 770 1984 etiam
797 1945 948 1984 fabulis
978 1945 1291 1984 iucundissimis
1322 1945 1423 1985 citra
1450 1947 1636 1986 toedium
1663 1949 1781 1988 nobis
1801 1959 1817 1990 5

183 2009 535 2049 transmissarum.
570 2010 680 2059 Quin
702 2012 741 2049 et
760 2010 865 2049 illud
886 2010 1093 2061 voluptati
1109 2010 1198 2058 fuit,
1216 2011 1324 2060 quod
1343 2014 1530 2051 veterum
1549 2013 1780 2052 amicorum

183 2075 431 2126 quibuscum
450 2076 638 2115 Venetiis
672 2076 738 2126 egi
761 2076 1106 2115 consuetudinem
1138 2077 1381 2116 memoriam
1409 2077 1515 2116 mihi
1544 2079 1776 2118 refricuisti.

183 2141 403 2181 Caeterum
431 2141 546 2180 cuius
585 2155 739 2180 nomen
768 2141 846 2180 tibi
875 2141 1081 2180 exciderat
1114 2140 1277 2180 Marcus
1307 2144 1369 2180 est
1399 2142 1606 2182 Musurus.
1674 2144 1779 2182 Noui

184 2207 398 2246 candorem
418 2206 593 2245 istorum
614 2221 622 2254 3
652 2206 709 2245 sic
730 2206 953 2245 Erasmum
975 2208 1146 2244 onerant
1174 2206 1261 2245 suis
1279 2205 1471 2246 laudibus
1490 2210 1545 2255 vt,
1569 2208 1604 2247 si
1623 2209 1782 2258 superis⁴

184 2272 329 2322 placet,
351 2271 437 2310 sint
463 2272 537 2322 qui
559 2271 623 2309 illi
650 2271 866 2310 inuideant
894 2271 1030 2315 etiam,
1056 2271 1097 2309 id
1125 2271 1232 2322 quod
1262 2285 1335 2321 ego
1364 2273 1545 2322 profecto
1567 2286 1780 2323 nunquam
1804 2283 1840 2304 10

185 2338 441 2387 expectaram
470 2337 556 2376 fore
588 2350 632 2375 ac
665 2337 735 2375 vix
769 2336 998 2375 etiamnum
1029 2336 1134 2374 1111111
1161 2337 1396 2386 persuadeo.
1456 2337 1623 2376 Nouum
1643 2338 1780 2376 Testa-

185 2403 377 2440 mentum
407 2401 496 2450 tibi,
530 2402 608 2440 hoc
642 2403 703 2440 est
732 2401 823 2440 viro
853 2403 946 2439 tum
976 2401 1142 2450 integro
1173 2403 1266 2440 tum
1298 2402 1468 2448 erudito,
1501 2402 1667 2451 probari
1695 2415 1779 2440 non

185 2466 358 2504 moleste
370 2467 456 2504 fero
476 2481 485 2514 3
515 2467 565 2505 de
585 2481 666 2516 quo
686 2468 824 2506 tamen
837 2466 925 2515 ipsc
941 2466 1048 2504 nihil
1062 2467 1198 2505 ausim
1213 2466 1396 2515 profiteri
1410 2467 1492 2505 nisi
1513 2480 1589 2504 nos
1605 2467 1781 2505 annixos

185 2545 259 2582 pro
292 2531 406 2570 virili
434 2534 481 2569 vt
511 2532 788 2582 qualicunque
818 2530 1067 2569 industriola
1100 2534 1241 2569 nostra
1277 2531 1432 2569 Christi
1474 2531 1780 2581 philosophiam

185 2597 307 2635 bonis
339 2596 550 2634 mentibus
578 2596 971 2635 commendaremus.
1031 2596 1259 2645 Tuumque,
1284 2597 1342 2633 mi
1376 2595 1562 2643 Ioannes,
1592 2597 1781 2636 animum
1803 2609 1839 2641 15

186 2674 434 2711 magnopere
461 2661 599 2710 probo,
624 2661 696 2710 qui
724 2661 782 2699 sic
813 2661 857 2698 in
888 2660 1060 2699 Scoticis
1086 2660 1338 2710 labirynthis
1362 2660 1538 2698 versaris
1563 2663 1610 2699 vt
1640 2663 1780 2700 tamen

187 2728 287 2766 haec
306 2725 559 2775 simpliciora
588 2725 864 2774 crassioraque
893 2738 977 2763 non
1006 2725 1244 2773 asperneris,
1268 2725 1423 2774 pariter
1451 2727 1492 2763 et
1511 2725 1597 2763 illis
1626 2725 1780 2765 satisfa-

187 2792 301 2831 ciens
320 2794 361 2829 et
379 2794 451 2829 tuo
470 2789 745 2828 nihilominus
759 2789 901 2827 fruens
921 2788 1082 2827 iudicio.
1121 2789 1326 2827 Conuenit
1347 2789 1422 2828 hoc
1446 2790 1536 2828 istis
1556 2790 1638 2828 tuis
1658 2792 1780 2829 mori-

286 2884 361 2914 511.
378 2892 429 2922 37.
454 2892 492 2913 ac
504 2885 573 2919 post
588 2881 742 2912 miseriis
760 2882 833 2911 add.
852 2882 914 2911 ΖΒ.
1040 2881 1116 2911 512.
1138 2890 1185 2911 10.
1211 2881 1282 2911 sint
1305 2883 1326 2911 C
1341 2879 1408 2912 3‘22
1432 2883 1515 2913 sunt
1534 2884 1570 2913 H
1585 2885 1680 2917 Lond.

231 2967 306 2997 511.
324 2974 375 3004 45.
400 2963 645 3005 Franciscum]
663 2963 877 2994 Ber-ckman.
1045 2964 1122 2994 512.
1149 2974 1178 2996 2.
1203 2963 1361 3004 Syriam]
1388 2963 1438 2995 Cf.
1460 2965 1521 3004 Ep.
1540 2973 1614 3004 450.
1635 2973 1722 3004 5711.
