2010 3417
250 187 329 226 294
719 185 969 225 LETTERS
1007 185 1078 225 OF
1116 186 1379 226 ERASMUS
1721 185 1842 239 [1516

250 298 299 335 de
317 295 453 346 lapide
474 297 663 345 emptum
689 294 749 333 ita
774 295 911 344 potest
941 294 1152 333 demerere
1181 294 1402 333 dominum
1428 307 1552 334 suum
1576 297 1622 334 vt
1649 307 1698 333 ex
1724 309 1843 335 seruo

250 362 321 399 fiat
339 360 525 398 libertus.

189 434 228 465 35
305 425 452 474 Itaque
470 439 555 464 11011
569 427 610 463 te
625 424 861 463 remorabor
873 425 1054 464 nimium
1072 426 1170 463 nota.
1185 425 1559 473 commemorando,
1577 426 1846 474 posteaquam

249 491 424 529 istorum
445 489 746 541 stratagematis
771 491 954 529 mundus
979 490 1163 539 vndique
1187 490 1336 540 plenus
1364 492 1438 529 est.
1500 489 1602 538 Quis
1627 490 1742 528 enim
1767 489 1847 530 fuit

251 569 433 605 vnquam
458 556 632 594 eximiae
650 555 806 594 indolis
829 557 901 594 aut
927 555 1102 594 honesto
1127 555 1216 594 loco
1247 558 1370 594 natus
1395 557 1467 594 aut
1487 555 1711 605 opulentus
1729 568 1844 605 puer,

251 634 375 670 quem
394 621 465 659 isti
484 634 570 659 non
589 620 792 659 tentarint
811 621 985 669 insidiis,
1009 621 1076 658 cui
1095 634 1180 659 non
1204 620 1460 659 tetenderint
1480 622 1594 670 retia,
1618 633 1742 671 quem
1762 634 1849 660 non

250 686 454 736 captarint
469 686 588 735 dolis,
603 686 840 735 frequenter
854 686 1009 734 insciis,
1026 699 1328 736 nonnunquam
1343 688 1384 724 et
1399 686 1558 735 inuitis,
1573 686 1817 736 parentibus
1828 687 1849 725 ‘3

191 762 233 794 40
252 751 301 790 Id
334 765 464 801 quum
497 751 553 790 sit
590 752 740 801 quouis
776 751 914 802 plagio
952 751 1201 798 sceleratius,
1235 753 1380 790 tamen
1417 751 1646 790 histriones
1683 752 1850 802 pietatis

251 817 378 855 etiam
409 817 583 855 titulum
614 817 770 855 audent
800 816 942 855 sceleri
970 819 1218 866 praetexere.
1277 817 1346 855 Ad
1375 816 1602 866 Christum,
1635 818 1845 867 inquiunt,

251 882 377 920 etiam
397 882 562 921 calcatis
581 882 825 932 parentibus
850 882 1098 932 fugiendum
1124 883 1196 930 est,
1218 883 1259 920 et
1284 881 1481 920 aduersus
1504 882 1690 921 afflatum
1716 882 1850 922 diuini

253 947 434 997 Spiritus
457 947 567 985 nihil
586 948 696 986 valet
722 949 944 997 parentum
970 947 1195 985 autoritas:
1227 947 1346 996 quasi
1369 960 1466 986 vero
1495 947 1668 987 Satanas
1688 961 1773 986 non
1793 948 1850 986 sit

251 1014 293 1051 et
320 1013 430 1050 inter
459 1013 695 1061 monachos,
727 1015 799 1051 aut
830 1013 947 1062 quasi
977 1013 1212 1062 quicunque
1240 1012 1446 1051 cucullam
1476 1013 1696 1063 accipiunt,
1722 1013 1850 1052 afflati

193 1089 233 1120 45
254 1079 339 1116 sint
369 1078 524 1117 Christi
558 1079 720 1129 spiritu,
760 1092 889 1128 quum
924 1079 1058 1116 multo
1092 1078 1274 1117 maxima
1307 1078 1431 1116 turba
1463 1079 1532 1116 vel
1566 1077 1750 1117 stultitia
1782 1078 1848 1117 vel

253 1143 419 1182 inscitia
445 1144 512 1182 vel
541 1144 823 1194 desperatione
849 1143 916 1182 vel
945 1144 1022 1182 ocii
1048 1143 1289 1194 ventrisque
1318 1143 1456 1181 studio
1488 1143 1671 1183 ducatur.
1732 1144 1851 1193 Quod

254 1209 364 1247 Deus
401 1209 525 1247 iussit
562 1209 713 1248 liberos
751 1209 994 1260 parentibus
1032 1209 1324 1259 obtemperare,
1368 1210 1485 1247 extra
1522 1209 1852 1248 controuersiam

253 1276 339 1313 est:
383 1274 476 1324 quis
515 1274 687 1324 spiritus
723 1274 897 1324 instiget
935 1274 1151 1313 hominem
1189 1274 1240 1313 ad
1280 1274 1625 1324 monachismum,
1661 1288 1738 1314 nec
1771 1273 1851 1325 ipsi

254 1341 415 1378 certum
435 1341 497 1378 est
518 1341 590 1389 qui
610 1340 800 1378 trahitur.

194 1418 235 1448 50
308 1404 391 1443 Hic
419 1405 535 1443 vides
565 1407 767 1455 quantum
796 1418 991 1455 campum
1019 1404 1139 1443 nobis
1168 1404 1325 1454 aperiat
1354 1404 1469 1443 locus
1497 1405 1746 1454 communis,
1778 1405 1851 1444 sed

255 1483 339 1508 non
368 1470 470 1508 libet
499 1470 544 1508 in
574 1484 621 1508 eo
651 1470 907 1519 commorari,
932 1484 1062 1520 quum
1091 1469 1346 1520 quotidianis
1373 1470 1693 1519 illaqueatorum
1720 1470 1852 1520 queri-

253 1534 407 1573 moniis
438 1535 628 1573 omnium
659 1549 777 1574 aures
807 1536 994 1574 calleant.
1055 1535 1262 1585 Equidem
1290 1535 1425 1573 nolim
1454 1535 1688 1585 improbare
1718 1536 1851 1575 cuius-

254 1614 379 1650 quam
418 1600 674 1649 institutum,
718 1615 791 1639 nec
829 1601 921 1639 istis
959 1601 1258 1650 patrocinabor,
1302 1601 1372 1650 qui
1409 1602 1455 1639 vt
1495 1601 1772 1650 incogitanter
1810 1614 1853 1640 se

253 1665 579 1715 praecipitarunt
599 1666 643 1704 in
663 1666 837 1714 foueam,
861 1667 920 1704 ita
947 1667 1056 1716 quod
1082 1665 1190 1704 male
1211 1668 1432 1716 coeperant
1453 1666 1571 1716 peius
1592 1667 1850 1717 relinquunt,

193 1744 233 1777 55
254 1744 338 1769 non
367 1731 419 1770 ad
449 1731 685 1783 libertatem
714 1732 786 1770 sed
812 1733 862 1770 ad
886 1731 1084 1781 peccandi
1112 1731 1327 1769 licentiam
1356 1731 1575 1781 fugientes.
1633 1732 1852 1771 Caeterum

252 1796 297 1834 in
334 1798 451 1834 tanta
489 1810 708 1846 corporum
743 1799 783 1835 et
817 1797 1084 1847 ingeniorum
1117 1797 1315 1835 varietate
1354 1809 1440 1835 non
1479 1797 1674 1836 omnibus
1712 1798 1854 1837 omnia

254 1864 500 1910 congruunt,
543 1875 677 1912 neque
723 1863 946 1913 quicquam
993 1861 1173 1900 accidere
1220 1863 1359 1911 potest
1405 1863 1625 1912 praeclaris
1671 1863 1854 1913 ingeniis

253 1926 461 1965 infelicius
491 1940 617 1976 quam
642 1929 689 1966 vt
719 1927 763 1965 in
793 1927 961 1977 aliquod
992 1928 1103 1967 vitae
1133 1940 1264 1977 genus
1292 1928 1360 1967 vel
1389 1929 1476 1966 arte
1503 1928 1759 1968 inducantur
1786 1928 1853 1968 vel

254 1993 299 2030 vi
335 1993 629 2042 propellantur,
670 1993 780 2031 vnde
825 2007 868 2031 se
912 2007 997 2031 non
1036 1993 1196 2042 possint
1242 1993 1459 2042 explicare.
1534 1994 1587 2032 In
1624 1994 1702 2033 hoc
1739 1996 1853 2034 enim

194 2062 237 2094 60
254 2057 521 2107 potissimum
542 2058 620 2096 sita
645 2061 708 2096 est
734 2059 957 2097 hominum
984 2058 1173 2107 felicitas,
1197 2058 1232 2097 si
1258 2059 1432 2108 quisque
1451 2059 1501 2097 ad
1528 2059 1605 2097 hoc
1625 2059 1854 2110 applicetur

254 2122 305 2161 ad
336 2123 442 2172 quod
468 2125 615 2161 natura
642 2124 894 2174 compositus
921 2125 994 2162 est.
1055 2124 1265 2172 Quosdam
1291 2124 1404 2162 enim
1428 2124 1479 2162 ad
1506 2124 1755 2163 coelibatum
1780 2129 1852 2165 aut

256 2188 308 2225 ad.
350 2188 684 2227 monachismum
724 2190 887 2239 adigere
924 2189 1057 2227 nihilo
1094 2189 1260 2228 felicius
1298 2190 1414 2228 cedat
1453 2202 1576 2238 quam
1613 2190 1649 2228 si
1685 2190 1852 2230 asinum

257 2252 382 2291 ducas
409 2253 460 2291 ad
489 2255 699 2291 certamen
729 2254 999 2304 Olympicum
1028 2256 1100 2292 aut
1128 2254 1279 2292 bouem
1307 2254 1360 2293 ad
1390 2267 1563 2302 ceroma,
1595 2257 1641 2293 vt
1670 2256 1799 2294 aiunt.

311 2318 404 2356 Hoc
423 2318 656 2368 praefatum
676 2331 764 2357 esse
785 2321 847 2357 sat
867 2322 939 2358 est.
1001 2319 1124 2357 Nunc
1144 2319 1279 2369 accipe
1306 2320 1435 2358 simul
1456 2321 1496 2358 et
1517 2320 1670 2370 optimi
1688 2321 1853 2360 iuuenis

195 2389 237 2430 65
257 2382 533 2421 calamitatem
571 2385 612 2421 et
650 2383 827 2422 istorum
865 2384 1165 2433 plagiariorum
1204 2385 1490 2423 detestandam
1528 2385 1852 2435 improbitatem.

256 2448 396 2496 Atque
423 2448 489 2485 hic
518 2462 662 2487 rursus
692 2463 760 2487 oro
789 2451 836 2487 vt
865 2449 970 2486 mihi
998 2451 1039 2487 te
1067 2449 1260 2498 praebeas
1292 2452 1512 2488 attentum.
1572 2450 1854 2489 Vehementer

257 2513 372 2552 enim
392 2513 510 2563 cupio
530 2516 601 2552 tuo
622 2514 771 2553 iudicio
792 2515 1051 2565 comprobari
1068 2515 1176 2564 quod
1196 2527 1282 2565 ago.
1327 2515 1435 2553 Nam
1456 2516 1641 2566 obsequii
1661 2529 1852 2555 nonnun-

260 2591 384 2628 quam
404 2579 632 2629 poenituit:
664 2581 772 2629 quod
792 2581 946 2618 iudicio
965 2580 1025 2629 fit,
1048 2593 1263 2631 nunquam
1283 2594 1368 2619 non
1386 2581 1531 2631 placet.

311 2644 404 2682 Duo
431 2644 579 2683 fratres
607 2647 715 2694 sunt,
749 2645 990 2684 Florentius
1019 2648 1061 2684 et
1089 2645 1167 2683 hoc
1195 2647 1298 2684 natu
1327 2647 1461 2684 maior
1489 2647 1712 2685 Antonius.
1771 2647 1852 2685 Ad-

201 2724 240 2756 70
258 2709 429 2747 modum
461 2710 578 2758 pueri
611 2713 743 2748 matre
779 2711 913 2749 orbati
951 2714 1075 2759 sunt3
1116 2713 1232 2761 pater
1271 2711 1483 2761 aliquanto
1520 2714 1614 2760 post
1653 2711 1853 2750 decedens

259 2774 365 2812 exile
399 2775 565 2824 quidem
603 2776 905 2825 patrimonium
940 2776 1118 2826 reliquit,
1155 2777 1225 2815 sed
1260 2777 1370 2825 quod
1407 2777 1670 2816 absoluendis
1704 2777 1853 2815 studiis

259 2839 420 2878 abunde
450 2840 661 2888 sufficeret,
692 2841 774 2880 nisi
803 2843 1073 2891 cognatorum
1102 2841 1311 2890 rapacitas,
1343 2841 1414 2891 qui
1442 2842 1637 2881 morienti
1665 2843 1849 2888 aderant,

260 2915 347 2940 rem
366 2905 597 2943 minuisset.
659 2905 765 2944 Nam
791 2907 1017 2956 praesentis
1043 2907 1240 2956 pecuniae
1266 2920 1318 2945 ne
1345 2907 1456 2956 pilus
1477 2907 1645 2955 quidem
1665 2908 1853 2955 repertus

262 2969 367 3014 est,
388 2971 571 3007 attamen
601 2971 706 3019 quod
736 2974 947 3021 supererat
973 2972 1018 3009 in
1046 2972 1168 3010 rebus
1198 2971 1276 3009 soli
1304 2973 1375 3009 aut
1407 2972 1452 3009 in
1486 2970 1749 3020 syngraphis,
1778 2983 1853 3008 nec

203 3044 243 3079 75
262 3032 431 3079 perinde
450 3036 689 3082 promptum
716 3036 969 3086 harpyarum
999 3036 1219 3085 vnguibus,
1242 3038 1453 3084 vtcunque
1479 3035 1580 3073 satis
1607 3037 1693 3072 erat
1722 3035 1854 3084 perdi-
