2010 3417
106 141 204 196 421]
558 143 628 182 TO
665 143 933 183 WILLIAM
972 142 1246 182 BUDAEUS
1619 144 1698 182 253

102 253 211 303 apud
232 265 328 291 eum
347 252 391 291 in
413 253 535 303 Copo,
558 253 675 292 cuius
695 253 835 292 omnia
854 252 957 292 citra
981 252 1264 302 exceptionem
1292 251 1450 302 probat.
1512 251 1702 291 Fortasse

102 331 189 358 non
228 318 330 356 offui
376 317 496 356 bonis
533 318 692 365 studiis,
731 318 832 356 dum
863 320 956 356 tuas
986 317 1295 356 lucubrationes
1331 318 1704 357 commendatiores

103 383 230 423 reddo
256 383 364 433 apud
391 396 460 422 eos
485 384 558 433 qui
581 383 814 431 Erasmum,
842 396 938 421 cum
968 383 1076 421 nihil
1102 383 1168 429 sit,
1190 384 1331 421 tamen
1355 395 1494 421 amore
1524 383 1703 432 quodam

105 448 412 488 hallucinantes
432 448 590 498 aliquid
611 461 699 487 esse
717 451 891 498 putant:
921 447 1257 498 quandoquidem
1283 447 1403 486 video
1427 449 1468 486 te
1489 448 1596 487 hanc
1616 461 1704 498 pro-

106 514 288 553 uinciam
306 513 545 562 suscepisse,
567 515 613 552 vt
632 514 809 564 optimas
828 513 968 552 literas
987 513 1040 552 ab
1059 513 1235 551 istorum
1265 513 1488 554 ἀπαιδεύτως
1512 513 1704 551 πεπαιδευ-
1724 522 1766 553 30

105 581 223 630 μένων
248 578 468 629 tyrannide
486 577 673 617 vindices
703 581 744 617 et
770 579 993 628 pristinam
1024 577 1144 616 illam
1166 577 1334 616 laudem
1356 580 1523 617 nostrae
1550 591 1706 618 asseras

107 643 445 692 Galliae—(nihil
464 643 579 681 enim
593 645 708 682 vetat
721 644 899 682 eundem
916 643 1073 682 ditione
1089 643 1343 681 Germanum
1356 656 1444 682 esse
1460 646 1501 682 et
1515 646 1705 683 veterum

106 708 499 758 cosmographorum
533 708 809 757 descriptione
838 707 1033 747 Gallum:
1073 710 1194 757 atque
1224 708 1387 746 vtinam
1418 709 1590 758 quidam
1621 721 1706 747 non

106 775 354 815 conarentur
382 785 430 811 ea
458 772 685 811 distrahere
716 786 818 822 quae
855 775 999 823 suapte
1025 775 1173 811 natura
1202 772 1421 811 coniuncta
1449 776 1591 825 sunt);
1620 774 1707 823 pul·

108 839 364 880 cherrimum
394 838 576 887 profecto
604 851 761 876 munus
789 840 831 877 et
859 838 926 876 cui
955 837 1142 877 obeundo
1172 851 1281 877 vnus
1301 837 1494 877 Budaeus
1518 852 1593 889 par
1621 851 1708 878 esse
1727 847 1766 880 35

107 904 250 956 possit.

161 970 224 1009 De
242 969 309 1008 his
327 969 372 1007 in
392 968 542 1019 quibus
571 968 725 1018 partim
753 981 778 1007 a
805 981 872 1007 me
899 968 1109 1016 dissentis,
1134 967 1288 1018 partim
1309 967 1532 1015 assentiris,
1556 968 1708 1018 partim

108 1036 251 1087 ἐπέχεις
265 1035 325 1072 καὶ
345 1035 611 1084 ἀμφισβητεῖς,
634 1047 719 1072 11011
730 1036 916 1084 poteram
936 1033 980 1072 in
1000 1033 1234 1084 praesentia
1249 1033 1508 1083 respondere,
1526 1033 1709 1083 primum

110 1101 220 1153 quod
239 1099 441 1150 temporis
459 1099 651 1148 angustia
669 1098 924 1147 excludebar,
943 1098 1092 1137 deinde
1105 1099 1215 1149 quod
1232 1099 1357 1138 codex
1369 1099 1513 1138 nullus
1526 1098 1685 1137 adesset
1700 1112 1710 1146 ;

109 1179 209 1206 nam
239 1167 356 1204 erant
388 1177 636 1215 responsuro
662 1164 883 1214 relegenda
908 1164 995 1203 loca
1026 1163 1195 1214 aliquot.
1255 1163 1346 1202 Fiet
1370 1163 1412 1202 id
1443 1165 1555 1212 alias,
1586 1164 1710 1214 idque
1728 1174 1770 1205 40

109 1231 238 1272 breui.
286 1229 401 1269 Illud
421 1229 593 1268 interim
616 1229 662 1267 in
681 1242 831 1279 genere
851 1228 997 1277 dicam,
1014 1230 1180 1267 tantum
1200 1229 1308 1278 apud
1324 1242 1392 1267 me
1404 1229 1539 1268 valere
1552 1229 1711 1268 Budaei

109 1296 322 1341 iudicium,
342 1297 390 1334 vt
414 1295 451 1334 si
477 1294 577 1345 quid
604 1294 671 1333 illi
698 1295 806 1333 serio
834 1294 1000 1344 probari
1018 1306 1198 1343 sensero,
1222 1307 1307 1333 non
1334 1294 1602 1333 dubitaturus
1631 1294 1712 1333 sim

110 1361 259 1413 quauis
279 1361 405 1399 etiam
431 1360 477 1398 in
496 1372 541 1398 re
559 1360 790 1411 παλινῳδεῖν.
850 1360 1099 1410 Quanquam
1116 1359 1162 1398 in
1190 1359 1268 1398 hoc
1288 1372 1409 1408 opere
1429 1360 1507 1398 feci
1528 1359 1637 1409 quod
1665 1359 1711 1397 in

110 1427 204 1466 aliis
232 1426 355 1464 soleo.
416 1426 691 1464 Decreueram
720 1425 804 1464 leui
829 1425 998 1464 brachio
1027 1438 1116 1463 rem
1143 1437 1348 1475 peragere,
1371 1427 1418 1463 vt
1447 1425 1493 1463 in
1521 1424 1714 1463 minutiis

111 1491 359 1543 quibusdam
390 1492 641 1539 versaturus,
676 1492 719 1529 et
759 1490 872 1530 locos
912 1490 1131 1529 dumtaxat
1178 1503 1251 1529 ceu
1299 1489 1474 1540 digitulo
1517 1489 1711 1529 indicare.
1732 1500 1771 1532 45

112 1557 242 1596 Porro
275 1569 371 1594 cum
400 1556 485 1594 iam
515 1555 747 1594 aedendum
785 1557 893 1594 esset
923 1569 1036 1605 opus,
1065 1555 1316 1606 instigarunt
1347 1555 1517 1605 quidam
1546 1557 1593 1593 vt
1625 1554 1714 1593 vul-

113 1623 251 1672 gatam
269 1621 520 1660 aeditionem
545 1634 638 1660 mea
657 1621 723 1660 vel
750 1621 1003 1660 correctione
1030 1620 1098 1660 vel
1126 1621 1465 1671 interpretatione
1494 1621 1712 1659 mutarem.

115 1687 218 1726 Eius
237 1687 465 1726 sarcinulae
483 1686 758 1725 accessionem
776 1699 873 1724 cum
892 1686 1043 1737 oppido
1072 1699 1196 1737 quam
1224 1685 1362 1724 leuem
1391 1698 1480 1725 esse
1508 1686 1712 1733 ducerem,

115 1752 237 1801 longe
266 1752 556 1801 grauissimam
586 1764 673 1790 esse
697 1751 786 1801 ipsa
815 1764 860 1790 re
893 1751 1089 1800 comperi.
1164 1751 1326 1789 Deinde
1358 1750 1640 1801 perpellebant
1669 1751 1715 1788 vt

115 1818 408 1856 annotationes
425 1817 620 1855 adderem
638 1816 851 1867 aliquanto
871 1816 1171 1867 locupletiores.
1217 1816 1308 1854 Iam
1328 1817 1535 1866 protinus,
1555 1817 1601 1854 vt
1621 1815 1713 1863 scis,
1736 1827 1777 1858 50

116 1883 340 1923 retexenda
358 1882 509 1921 omnia.
559 1883 747 1921 Accessit
766 1883 808 1920 et
824 1880 929 1920 illud
951 1881 1098 1929 oneris,
1121 1880 1352 1920 arbitrabar
1373 1880 1560 1920 Basileae
1574 1880 1717 1919 haberi

117 1949 336 1988 emendata
354 1947 616 1998 exemplaria.
689 1947 751 1986 Ea
769 1959 864 1996 spes
888 1947 1087 1997 quoniam
1106 1946 1267 1994 fefellit,
1287 1948 1452 1985 coactus
1484 1959 1578 1984 sum
1605 1958 1715 1995 prae-

118 2015 319 2064 castigare
352 2013 508 2052 codices
533 2012 684 2063 quibus
711 2012 827 2052 vsuri
855 2014 975 2051 erant
1002 2012 1248 2064 τυπογράφοι.
1308 2011 1378 2050 Ad
1397 2011 1497 2050 haec
1524 2010 1719 2050 conducti

116 2081 282 2119 fuerant
307 2079 389 2117 duo
417 2077 544 2128 probe
581 2077 699 2126 docti,
730 2077 836 2116 alter
863 2076 1182 2125 iureconsultus,
1214 2076 1317 2116 alter
1343 2076 1563 2126 theologus
1592 2075 1718 2114 etiam

117 2145 323 2185 Hebraice
351 2144 518 2194 peritus,
541 2143 613 2194 qui
640 2143 786 2182 formis
814 2142 1064 2193 castigandis
1090 2143 1351 2192 praeessent3
1379 2144 1422 2180 at
1449 2141 1495 2180 hi
1524 2141 1718 2191 quoniam
1738 2153 1777 2185 55

118 2211 244 2250 huius
262 2208 417 2248 laboris
436 2210 554 2247 erant
580 2208 714 2256 rudes,
739 2208 848 2258 quod
873 2209 1138 2257 susceperant
1161 2209 1367 2258 praestare
1391 2220 1477 2246 non
1498 2207 1718 2257 poterant:

118 2275 293 2325 proinde
311 2287 476 2313 necesse
493 2273 577 2313 fuit
595 2274 824 2312 extremam
843 2273 1082 2321 formarum,
1098 2286 1200 2323 quas
1217 2274 1379 2321 vocant,
1393 2271 1719 2321 recognitionem

120 2341 166 2378 in
179 2353 246 2378 me
260 2340 451 2389 recipere.
492 2338 704 2377 Edebatur
718 2338 900 2377 simulet
913 2338 1139 2377 cudebatur
1158 2351 1271 2388 opus,
1290 2337 1569 2376 excudebatur
1583 2337 1718 2385 singu-

121 2405 174 2443 lis
204 2405 348 2444 diebus
365 2404 502 2443 ternio
521 2403 593 2453 (sic
618 2403 732 2442 enim
750 2417 863 2442 nunc
882 2404 1047 2453 vocant)
1067 2417 1076 2450 ;
1104 2416 1178 2442 nec
1207 2402 1380 2441 interim
1403 2404 1544 2440 tamen
1570 2400 1719 2438 licebat

122 2471 261 2508 totum
278 2469 376 2507 huic
387 2482 531 2508 vacare
541 2468 717 2519 negotio.
759 2468 1050 2507 Excudebatur
1065 2468 1208 2507 eodem
1222 2469 1406 2517 tempore
1421 2466 1716 2514 Hieronymus,
1737 2468 1780 2500 60

168 2570 221 2599 49.
253 2568 327 2590 esse
350 2569 410 2590 om.
436 2562 479 2591 H.
637 2558 692 2597 58.
723 2557 904 2589 Edebatur
926 2559 972 2588 B:
1006 2556 1270 2588 Conficiebatur
1294 2559 1335 2587 H.
1454 2554 1651 2585 cudebatur
1672 2556 1717 2584 B:

124 2602 365 2634 excudebatur
379 2605 422 2633 H.
514 2602 757 2632 excudebatur
773 2604 819 2632 B:
845 2601 1096 2632 absoluebatur
1112 2603 1153 2631 H.

125 2690 309 2730 following
332 2699 378 2720 an
399 2690 574 2720 incorrect
598 2689 819 2728 description
840 2689 887 2728 by
956 2689 1046 2719 mus'
1067 2687 1174 2718 claim
1199 2690 1236 2719 to
1258 2688 1300 2718 be
1318 2697 1338 2718 a
1361 2688 1518 2719 German
1540 2686 1620 2727 (Ep.
1644 2687 1718 2726 269.

125 2733 234 2765 Knod
261 2734 300 2764 of
326 2733 401 2764 Cat.
432 2733 546 2763 Rhen.
576 2743 640 2771 270
665 2734 702 2763 at
732 2732 888 2763 Schlett-
955 2732 998 2770 38
1014 2734 1080 2772 n.).

125 2777 262 2818 stadt);
288 2777 352 2807 but
375 2776 438 2807 the
461 2776 677 2807 translation
700 2775 774 2806 had
797 2776 889 2806 been
1001 2785 1052 2813 44.
1082 2773 1336 2815 Decreueram]
1371 2773 1439 2804 For
1464 2772 1527 2804 the
1553 2771 1719 2812 develop-

126 2821 231 2851 made
252 2821 391 2861 earlier,
409 2820 464 2851 for
485 2820 548 2850 the
572 2819 778 2849 dedication
801 2817 839 2849 of
859 2818 890 2848 it
958 2820 1058 2848 ment
1080 2817 1118 2848 of
1138 2817 1317 2848 Erasmus'
1335 2817 1478 2848 scheme
1502 2826 1557 2847 see
1574 2816 1638 2856 Ep.
1657 2816 1720 2854 384

127 2866 163 2896 to
189 2864 361 2895 Germain
383 2863 427 2895 de
448 2863 573 2903 Ganay
589 2863 620 2893 is
641 2861 749 2893 dated
776 2871 790 2891 1
807 2862 889 2892 Jan.
958 2861 1091 2892 introd.

130 2916 214 2947 1502
232 2908 264 2948 (ἱ)
284 2906 396 2948 15οξ).
1002 2914 1053 2943 52.
1095 2903 1328 2945 exemplaria]
1375 2903 1443 2934 For
1487 2903 1549 2934 the
1592 2912 1720 2933 manu·

170 2960 223 2990 31.
248 2952 409 2982 nostrae.
426 2974 433 2981 .
449 2974 456 2981 .
471 2947 624 2988 Galliae]
651 2948 702 2980 Cf.
725 2947 889 2988 Sapidus’
959 2948 1087 2988 scripts
1110 2948 1198 2979 used
1220 2949 1268 2988 by
1291 2948 1462 2979 Erasmus
1485 2956 1541 2978 see
1569 2946 1631 2986 Ep.
1657 2955 1719 2984 373

129 3004 233 3034 poem
252 2995 330 3036 (Ep.
350 3003 415 3033 399
431 2992 586 3034 introd.)
600 3003 608 3031 ;
630 2992 702 3024 and
718 2992 772 3023 for
788 2992 892 3023 Eras-
959 2990 1094 3023 introd.
