2010 3417
170 156 220 193 53
230 141 268 196 1]
623 146 693 184 ΤΟ
730 145 997 185 WILLIAM
1036 146 1309 187 BUDAEUS
1679 151 1758 189 469

168 253 376 302 siquidem
407 268 482 305 ego
512 256 595 294 iam
628 268 787 294 annum
821 269 896 306 ago
926 256 1109 305 primum
1138 260 1178 296 et
1208 258 1610 308 quinquagesimum,
1633 260 1690 306 tu,
1712 261 1759 297 vt
1779 274 1838 307 375

172 318 327 368 scribis,
352 332 436 358 non
464 320 605 370 procul
627 320 724 359 abes
746 334 769 359 a
800 321 1288 372 duodequinquagesimo.
1348 323 1453 362 Mihi
1483 323 1611 373 igitur
1638 323 1759 373 longe

167 384 264 433 plus
283 385 386 424 senii
404 387 467 423 est
485 399 610 435 quam
630 385 718 434 tibi,
747 386 969 425 senectutis
987 400 1072 425 non
1090 390 1177 426 tam
1198 388 1392 427 multum.
1450 388 1528 427 Sed
1548 388 1759 427 effundam

170 449 215 487 in
235 450 374 489 sinum
392 452 514 489 tuum
528 464 632 501 quae
646 464 711 489 res
726 451 870 490 stilum
883 464 1024 490 meum
1043 452 1252 502 aliquanto
1268 453 1368 492 facit
1381 452 1636 492 deteriorem.
1672 453 1760 492 Scis

168 513 280 553 hunc
299 516 476 554 lectione
495 529 580 555 non
600 529 717 555 secus
735 518 856 566 atque
874 529 1020 566 agrum
1043 518 1331 557 stercoratione
1351 518 1468 556 reddi
1487 519 1757 568 vegetiorem

170 582 216 618 et
246 581 468 620 noualibus
500 581 672 620 alternis
698 581 820 620 annis
847 582 1008 620 vacatio
1035 583 1303 632 permittitur,
1327 597 1378 621 ne
1405 583 1571 622 assidua
1599 583 1758 622 cultura
1777 590 1840 632 380

166 645 438 684 sterilescant.
498 647 557 685 At
585 659 659 696 ego
688 647 970 696 compluribus
998 647 1080 686 iam
1108 647 1228 687 annis
1256 649 1435 687 fundum
1464 649 1586 694 hunc,
1615 662 1687 698 per
1715 662 1758 688 se

169 710 402 760 malignum
438 724 510 750 nec
544 711 619 750 soli
649 711 871 750 admodum
899 712 1040 761 felicis,
1068 714 1264 762 perpetuo
1291 713 1404 752 cultu
1429 714 1629 752 exhaurio
1645 728 1654 761 ;
1682 727 1758 752 nec

167 775 489 815 intermissionis
530 777 617 815 vllo
659 777 893 815 laxamento
933 791 1175 816 succurrens
1207 791 1282 816 nec
1320 778 1508 817 lectionis
1549 779 1757 817 letamine.

169 840 277 879 Nam
303 841 376 880 illa
399 842 674 881 tumultuaria
695 842 814 881 lectio
835 855 914 892 qua
937 842 1174 882 Chiliadum
1201 856 1303 893 opus
1331 846 1372 882 et
1399 843 1690 882 annotationes
1714 844 1758 881 in

169 905 336 945 Nouum
368 907 681 946 Testamentum
718 921 764 946 ac
795 908 1104 958 Hieronymum
1137 910 1353 958 congestae
1391 910 1501 957 sunt,
1544 908 1645 947 adeo
1673 921 1758 947 non
1777 918 1837 958 385

169 971 304 1010 reddit
322 972 537 1022 ingenium
558 973 744 1022 vegetius
762 974 809 1011 vt
828 986 911 1011 non
938 976 1094 1012 temere
1118 973 1197 1012 alia
1220 987 1284 1012 res
1303 987 1406 1023 eque
1424 974 1572 1013 officiat
1590 973 1657 1012 vel
1677 987 1758 1012 me·

169 1036 322 1074 moriae
341 1035 407 1074 vel
419 1035 573 1074 mentis
592 1035 850 1074 acrimoniae.
911 1036 1019 1074 Tum
1040 1035 1177 1086 ipsum
1196 1037 1431 1086 argumenti
1450 1049 1580 1086 genus
1599 1036 1757 1086 respuit

165 1099 295 1138 etiam
323 1100 520 1139 orationis
547 1100 817 1140 maiestatem.
878 1100 940 1139 Tu
969 1101 1081 1149 felix,
1104 1102 1282 1150 Budaee,
1303 1101 1368 1140 cui
1396 1102 1616 1152 contigerit
1643 1114 1758 1151 argu-

168 1167 360 1204 mentum
380 1179 452 1204 ceu
473 1178 665 1215 campum
694 1179 739 1204 ac
768 1166 978 1204 theatrum
998 1166 1076 1204 tibi
1096 1169 1240 1216 aptum
1261 1166 1447 1217 deligere,
1470 1167 1514 1205 in
1540 1181 1621 1217 quo
1644 1180 1758 1205 rarae

169 1231 294 1269 istius
320 1230 565 1269 eruditionis
585 1233 626 1268 et
653 1230 911 1280 eloquentiae
934 1231 1144 1280 specimen
1170 1232 1259 1270 orbi
1282 1233 1411 1271 dares.
1470 1232 1558 1282 Ego
1590 1233 1634 1271 in
1657 1232 1756 1270 haec
1777 1249 1839 1281 390

171 1296 310 1344 incidi,
332 1309 428 1335 cum
447 1296 496 1334 ad
519 1296 683 1334 nullum
713 1296 884 1334 omnino
913 1296 1054 1346 scripti
1082 1310 1211 1346 genus
1238 1298 1378 1335 minus
1404 1310 1534 1335 essem
1558 1309 1582 1334 a
1610 1299 1757 1335 natura

164 1361 409 1411 appositus3
436 1363 478 1399 et
505 1362 647 1399 tamen
673 1361 742 1399 vbi
772 1361 901 1399 semel
929 1361 1167 1410 incideram,
1198 1362 1360 1401 fabulae
1382 1375 1608 1411 scenaeque
1634 1361 1756 1400 serui-

163 1427 321 1466 endum
350 1427 440 1465 fuit.
501 1426 734 1465 Nonnullas
761 1427 956 1467 ὑποθέσεις
978 1427 1206 1465 amicorum
1235 1428 1449 1477 praecibus
1476 1427 1581 1475 dedi,
1614 1428 1661 1465 vt
1684 1426 1755 1466 vix

166 1505 352 1542 vnquam
389 1492 590 1530 hactenus
624 1491 729 1530 mihi
763 1492 983 1542 contigerit
1014 1492 1058 1530 in
1089 1505 1180 1531 mea
1213 1492 1369 1531 versari
1401 1492 1554 1531 harena
1583 1504 1757 1542 meoque

162 1558 295 1608 ipsius
313 1557 468 1596 seruire
487 1557 620 1607 genio,
645 1557 679 1595 si
698 1558 794 1606 quis
816 1557 986 1596 omnino
1009 1570 1127 1596 meus
1152 1559 1214 1596 est
1241 1557 1413 1608 genius;
1443 1571 1495 1595 ne
1521 1569 1669 1607 querar
1696 1557 1757 1595 in·
1775 1575 1836 1607 395

163 1623 287 1662 terim
305 1625 352 1661 vt
377 1622 485 1660 nihil
507 1622 676 1661 honoris
703 1635 792 1661 esse
818 1622 885 1661 his
912 1622 1073 1670 studiis,
1096 1622 1337 1672 praesertim
1366 1623 1474 1672 apud
1503 1635 1588 1669 nos,
1610 1622 1669 1660 sic
1698 1622 1755 1660 iu·

161 1689 271 1727 dicia
298 1701 498 1737 peruersa.
558 1687 634 1726 Cui
666 1701 776 1726 nunc
803 1688 908 1727 velis
939 1688 1173 1738 placuisse?
1229 1688 1296 1726 Ad
1327 1687 1444 1726 cuius
1470 1687 1661 1737 plausum
1690 1687 1756 1725 ad·

164 1754 309 1792 mittas
328 1767 454 1803 equos
473 1754 568 1791 tuos
583 1755 604 1792 ⁵?

219 1819 312 1857 Iam
332 1832 383 1856 ne
402 1818 507 1856 mihi
526 1818 584 1856 sis
603 1819 773 1867 impune
793 1818 1050 1868 suggillatus,
1069 1819 1177 1868 quod
1193 1831 1365 1857 manum
1385 1818 1434 1856 de
1453 1818 1595 1856 tabula
1609 1816 1755 1856 tollere

165 1874 358 1934 nequeas,
375 1883 506 1921 Obiter
524 1882 801 1921 recriminaris
820 1883 876 1920 ὅτι
887 1884 989 1932 παρὰ
1007 1884 1049 1921 τὸ
1068 1884 1150 1921 δέον
1169 1884 1243 1932 εἰμὶ
1261 1883 1352 1932 πρὸς
1370 1886 1420 1933 τῷ
1438 1884 1752 1934 παροιμιολογεῖν.
1772 1901 1835 1932 400

166 1950 326 1987 Verum
345 1962 427 1987 non
448 1948 551 1986 satis
571 1947 759 1997 intelligo
778 1950 921 1986 vtrum
939 1961 1062 1987 Vsum
1082 1948 1321 1998 adagiorum
1341 1948 1611 1986 immodicum
1624 1961 1754 1998 repre-

165 2014 325 2053 hendas
344 2026 398 2051 an
417 2012 546 2051 nimis
567 2013 733 2051 anxiam
761 2015 802 2051 et
830 2026 1039 2052 morosam
1065 2013 1367 2052 collectionem.
1424 2013 1595 2052 Memini
1623 2027 1690 2052 me
1711 2017 1752 2052 et

165 2081 298 2119 fateor
316 2079 524 2129 quondam
552 2077 814 2116 ambitiosius
845 2078 923 2116 hoc
946 2091 1094 2128 genere
1118 2092 1190 2117 ceu
1217 2079 1322 2117 meis
1349 2078 1496 2128 opibus
1521 2077 1584 2117 vti
1602 2077 1754 2117 solere:

162 2145 235 2184 sed
254 2146 348 2194 post
376 2143 497 2191 sensi,
521 2143 690 2193 cepique
709 2143 910 2192 frugalius
935 2143 1144 2182 adhibere.
1201 2143 1332 2182 Porro
1351 2143 1395 2182 in
1424 2143 1652 2194 colligendo
1671 2156 1753 2181 am-

164 2210 423 2249 bitiosiorem
453 2221 520 2247 me
539 2208 635 2247 fecit
666 2207 819 2258 partim
846 2208 1049 2247 Robertus
1070 2209 1297 2259 Gaguinus,
1317 2209 1388 2259 qui
1414 2209 1521 2247 mihi
1547 2208 1649 2247 olim
1676 2208 1752 2246 sub
1771 2225 1833 2256 405

162 2276 300 2315 aliena
316 2287 491 2325 persona
509 2286 627 2312 suam
646 2273 833 2312 indicans
851 2274 1100 2312 sententiam
1120 2274 1263 2313 retulit
1283 2274 1326 2313 in
1354 2274 1432 2313 hoc
1461 2288 1529 2313 me
1552 2287 1576 2312 a
1599 2273 1753 2312 criticis

166 2341 475 2391 reprehensum,
499 2339 607 2388 quod
629 2338 672 2376 in
691 2338 839 2387 primis
863 2338 950 2377 illis
977 2339 1238 2378 collectaneis
1264 2339 1413 2389 oppido
1440 2352 1566 2389 quam
1591 2338 1753 2377 ieiunus

162 2418 297 2445 essem
315 2407 358 2443 et
377 2418 398 2442 e
416 2407 503 2442 tam
517 2403 663 2442 multis
680 2403 853 2452 paucula
867 2404 990 2442 modo
1005 2404 1507 2455 recensuissem—partim
1521 2404 1753 2454 Polydorus

164 2470 386 2520 Vergilius,
406 2469 472 2508 vir
490 2469 677 2507 eruditus
699 2468 883 2519 mihique
903 2482 1014 2507 nunc
1034 2469 1324 2519 amicissimus,
1347 2470 1418 2519 qui
1442 2469 1598 2519 passim
1625 2469 1752 2507 etiam

165 2534 426 2585 praedicabat
444 2547 511 2572 me
527 2533 613 2571 suis
632 2532 794 2583 ingredi
813 2533 1009 2584 vestigiis,
1031 2534 1241 2572 aemulum
1268 2535 1401 2584 operis
1419 2533 1557 2582 alieni,
1578 2546 1666 2571 non
1684 2545 1752 2571 au·
1768 2549 1832 2580 410

164 2603 298 2639 torem
325 2599 434 2638 mei:
462 2611 557 2636 cum
585 2598 662 2636 hoc
691 2598 822 2636 libelli
851 2598 1045 2648 quicquid
1078 2601 1163 2637 erat
1187 2612 1318 2637 annos
1343 2599 1504 2649 aliquot
1531 2598 1751 2637 edidissem

164 2664 407 2715 priusquam
426 2662 620 2712 Polydori
642 2675 795 2701 nomen
814 2676 993 2702 nossem.
1080 2664 1260 2702 Demum
1289 2663 1357 2702 vbi
1380 2663 1576 2713 Polydori
1594 2662 1750 2701 librum

161 2742 295 2768 essem
315 2730 471 2776 nactus,
487 2727 575 2777 ipsa
588 2727 876 2778 chalcographi
890 2727 1104 2778 inscriptio
1122 2728 1356 2767 declarabat
1368 2741 1432 2766 me
1450 2728 1663 2767 mensibus
1681 2728 1750 2766 ali-

202 2826 281 2855 ·377.
306 2817 381 2845 tam
399 2814 432 2845 Cl
447 2824 455 2844 :
472 2814 524 2845 ita
541 2813 584 2846 (3².
688 2814 762 2853 383.
785 2813 859 2845 vllo
875 2817 948 2846 add.
965 2817 1008 2847 H.
1115 2825 1191 2855 391.
1215 2825 1235 2846 a
1252 2825 1309 2847 om.
1327 2817 1368 2846 H.
1458 2816 1534 2855 396.
1558 2816 1597 2845 vt
1613 2817 1686 2846 add.
1705 2816 1748 2845 H.

162 2861 212 2891 sic
227 2861 299 2890 add.
317 2861 360 2891 H.

205 2967 280 2996 393.
306 2957 505 2988 amicorum
528 2955 728 2997 praecibus]
759 2956 810 2988 Cf.
835 2956 921 2996 Epp.
1034 2966 1107 2995 407.
1132 2955 1372 2997 collectaneis]
1398 2957 1461 2988 See
1487 2956 1572 2996 Epp.
1594 2957 1655 2986 126
1677 2956 1749 2987 and

165 3011 202 3040 71
221 3001 293 3032 and
313 3010 395 3039 1173
418 3000 489 3030 and
508 3010 558 3039 23.
580 3001 641 3031 106
656 3009 690 3031 n.
992 3009 1050 3029 211
1069 2999 1201 3031 inti-od.
