2010 3417
105 125 202 180 531]
557 128 626 166 TO
665 127 933 167 WILLIAM
972 127 1244 167 BUDAEUS
1616 127 1693 167 461

105 238 293 276 nondum
324 238 540 288 cognorint
569 240 640 277 aut
672 241 781 277 certe
811 251 895 276 non
922 239 1203 288 assequantur.
1273 238 1458 286 Quorum
1493 240 1697 289 vtrunque
1715 239 1756 270 60

106 303 292 352 quisquis
310 303 461 352 fecerit,
485 303 520 342 is
540 316 606 341 me
626 304 818 353 protinus
836 305 1010 354 vtroque
1025 303 1199 342 crimine
1218 303 1423 343 liberabit.

161 368 216 406 Et
248 370 341 418 post
372 369 449 407 hoc
480 368 720 407 iocaris—ri
750 370 822 420 γὰρ
851 370 950 406 ἄλλο
966 381 1109 416 ;—n0s
1139 368 1225 407 tuis
1259 368 1418 406 officere
1450 368 1692 407 luminibus.

104 433 250 472 Dicam
263 433 404 483 paucis
425 433 533 483 quod
553 433 698 480 sentio,
717 433 776 471 mi
788 433 964 472 Budaee.
1025 433 1069 472 Si
1089 434 1187 483 quid
1203 434 1403 472 hactenus
1422 433 1586 472 obstitit
1603 434 1699 472 tuae

104 499 267 547 gloriae,
290 498 398 537 nihil
422 498 534 537 aliud
559 498 605 536 in
628 511 748 536 causa
774 498 856 536 fuit
876 498 960 536 nisi
988 499 1095 547 quod
1116 498 1309 548 perpauci
1329 499 1525 537 mortales
1544 511 1698 537 nouam

106 563 230 602 istam
246 576 292 602 ac
312 565 512 602 retrusam
527 563 804 601 eruditionem
824 563 957 601 adhuc
975 565 1275 612 assequuntur:
1300 563 1409 612 quod
1428 563 1555 601 simul
1575 565 1698 613 atque
1716 565 1756 606 65

104 628 336 678 contigerit,
368 629 595 678 dispeream
624 628 669 666 ni
701 631 748 666 tu
779 629 968 676 protinus
996 628 1180 666 nominis
1208 629 1272 666 tui
1301 628 1461 678 fulgore
1490 630 1531 666 et
1559 628 1700 667 oculos

107 694 358 742 perstringes
387 694 584 740 omnium,
615 695 656 731 et
689 694 890 742 quotquot
923 695 1023 731 sunt
1053 705 1230 742 vsquam
1264 693 1336 742 qui
1370 706 1481 731 nunc
1515 693 1700 732 illustres

107 760 326 806 habentur,
345 759 509 798 laudem
530 759 777 799 obscurabis.
838 759 923 798 Nec
948 759 1034 797 vlla
1058 761 1198 797 tamen
1220 759 1342 797 nobis
1361 759 1405 797 in
1433 762 1474 798 te
1494 762 1699 810 competet

104 826 223 873 actio,
260 827 308 863 vt
341 839 408 863 me
442 839 601 875 quoque
639 825 808 863 interim
846 838 1000 874 ponam
1038 825 1148 862 inter
1180 837 1249 863 eos
1280 824 1351 874 qui
1388 824 1563 863 alicuius
1601 828 1699 864 sunt

107 889 305 938 nominis,
327 890 405 929 hoc
432 893 495 929 est
519 893 565 931 ὡς
593 890 740 939 ἀληθῶς
764 891 829 928 τὸν
856 891 1035 941 κόρχορον
1060 893 1098 928 ἐν
1123 891 1310 940 λαχάνοις.
1370 889 1477 928 Nam
1496 890 1542 927 in
1562 892 1700 929 vestro
1721 900 1759 933 70

107 956 196 995 foro
220 956 290 1004 qui
317 956 412 1006 plus
439 956 549 995 iusto
576 956 733 994 tollunt
756 955 1001 1004 aedificium,
1024 967 1148 993 suum
1175 955 1440 993 commodum
1467 955 1699 994 vicinorum

108 1022 373 1060 incommodo
411 1023 648 1072 comparant
684 1023 725 1059 et
762 1020 910 1060 alienis
948 1021 1111 1059 damnis
1149 1020 1229 1070 ipsi
1261 1023 1557 1059 πλεονεκτοῦσιν.
1617 1019 1700 1058 Hic

107 1087 294 1126 ediuerso
321 1089 363 1125 et
392 1087 463 1137 qui
488 1087 640 1126 lumini
669 1087 794 1125 officit
823 1086 970 1135 alieno,
999 1085 1199 1124 beneficio
1224 1085 1351 1134 iuuat,
1383 1099 1468 1124 non
1498 1085 1700 1125 damnum

108 1153 179 1191 dat
199 1168 208 1200 ;
237 1155 278 1191 et
298 1153 415 1191 cuius
433 1152 664 1191 luminibus
683 1151 870 1199 officitur,
890 1165 975 1190 non
995 1151 1065 1189 ille
1086 1151 1254 1200 quidem
1274 1151 1417 1190 minus
1436 1151 1564 1190 habet
1583 1151 1698 1199 lucis,

107 1231 154 1257 ac
183 1218 369 1257 fortassis
397 1217 608 1266 aliquanto
634 1218 742 1267 plus,
776 1218 847 1255 sed
877 1217 985 1267 quod
1015 1217 1149 1256 habet.
1183 1216 1224 1254 id
1252 1217 1336 1254 iam
1365 1217 1506 1255 minus
1533 1217 1701 1255 eminet.
1723 1228 1761 1260 75

111 1282 259 1332 Itaque
277 1281 393 1321 nulla
409 1282 479 1321 hic
499 1282 641 1321 damni
659 1282 746 1322 dati
764 1283 881 1328 actio,
905 1295 989 1320 non
1014 1282 1180 1320 hercule
1199 1281 1331 1331 magis
1352 1295 1478 1331 quam
1498 1282 1551 1321 sit
1571 1281 1704 1320 stellis

110 1347 342 1386 minoribus
370 1347 508 1386 subito
543 1348 642 1386 solis
682 1349 825 1386 exortu
859 1347 1040 1386 conditis
1073 1348 1194 1397 atque
1232 1347 1588 1385 euanescentibus.
1649 1346 1704 1384 Et

108 1416 252 1452 tamen
270 1413 412 1451 videas
430 1413 633 1462 quosdam
653 1413 755 1451 adeo
775 1425 967 1462 peruerse
986 1412 1152 1450 inuidos
1172 1414 1219 1450 vt
1239 1411 1322 1449 sibi
1341 1411 1502 1450 detrahi
1520 1411 1704 1450 iudicent

113 1477 305 1528 quicquid
336 1477 428 1516 aliis
456 1477 692 1517 accreuerit.
751 1478 839 1528 Ego
868 1490 988 1527 porro
1016 1477 1288 1527 quantumuis
1317 1479 1472 1516 caetera
1500 1477 1701 1528 δυστυχῶν,

110 1546 251 1583 tamen
277 1543 355 1581 hoc
378 1542 517 1582 animo
544 1542 652 1581 mihi
672 1543 816 1581 videor
841 1556 925 1581 non
952 1542 1124 1580 omnino
1153 1542 1448 1589 infortunatus,
1471 1541 1581 1591 quod
1605 1542 1704 1581 ami·
1724 1547 1764 1577 So

110 1621 254 1647 corum
274 1607 400 1658 gloria
425 1608 559 1658 magis
583 1609 712 1647 etiam
741 1607 916 1646 delecter
941 1620 1065 1657 quam
1091 1620 1184 1645 mea
1209 1606 1349 1656 ipsius,
1374 1608 1415 1644 et
1438 1606 1705 1645 inimicorum

112 1673 347 1712 celebritate
385 1686 470 1712 non
505 1686 612 1722 vrar,
652 1672 776 1712 modo
814 1674 977 1722 prosint
1014 1671 1152 1721 aliqua
1187 1671 1308 1709 bonis
1344 1671 1486 1710 literis.
1563 1673 1705 1721 Atque

112 1740 272 1777 vtinam
306 1738 342 1777 is
374 1739 429 1776 sit
461 1737 544 1776 iam
576 1751 687 1776 nunc
726 1751 850 1787 quem
886 1737 1006 1776 breui
1041 1737 1232 1775 futurum
1268 1749 1449 1786 auguror
1485 1736 1705 1775 meliorum

114 1804 350 1843 studiorum
375 1815 587 1842 successus
607 1818 615 1850 ;
648 1805 697 1843 vt
724 1803 932 1850 Erasmus,
957 1803 1026 1841 cui
1048 1802 1215 1852 quidam
1242 1801 1486 1840 eruditionis
1511 1801 1706 1840 nonnihil

112 1869 316 1917 tribuunt,
328 1868 595 1918 ‘eloquentiae
614 1868 957 1915 mediocritatem,
974 1880 1106 1917 neque
1126 1868 1229 1905 scire
1244 1866 1462 1916 quicquam
1481 1869 1522 1905 et
1540 1880 1707 1916 prorsus
1725 1872 1763 1912 85

115 1936 255 1974 infans
274 1937 397 1984 atque
417 1934 596 1984 elinguis
613 1947 700 1973 esse
722 1933 922 1972 videatur.

170 2001 262 2040 Iam
290 2002 337 2039 vt
364 2000 541 2050 carptim
568 2000 618 2038 ad
647 1999 803 2049 aliquot
831 1998 1030 2048 epistolae
1058 2000 1153 2036 tuae
1180 1998 1331 2047 parteis
1359 1999 1638 2047 respondeam,
1671 1999 1707 2037 si

116 2079 299 2116 vnquam
318 2065 425 2103 mihi
444 2065 656 2114 contingat
675 2065 782 2114 apud
812 2064 966 2102 iudices
992 2064 1042 2102 de
1062 2063 1193 2113 capite
1212 2063 1447 2112 periclitari,
1472 2077 1556 2102 non
1578 2064 1707 2102 alium

116 2131 223 2170 mihi
247 2133 470 2181 patronum
500 2132 638 2179 optem
664 2143 788 2180 quam
809 2129 1026 2168 Budaeum
1045 2144 1054 2168 t
1083 2130 1249 2167 tantum
1269 2129 1313 2167 in
1333 2129 1413 2167 ista
1434 2132 1503 2167 tua
1521 2129 1710 2179 apologia

116 2198 299 2246 praestas
323 2196 535 2242 artificem,
558 2196 626 2234 cui
652 2209 736 2234 non
763 2196 863 2234 satis
883 2195 964 2233 fuit
984 2195 1125 2233 omnia
1144 2207 1234 2233 mea
1254 2194 1491 2244 ἐνθυμήματα
1509 2196 1706 2243 refellere,
1726 2207 1767 2239 90

116 2262 197 2300 nisi
223 2274 316 2300 mea
340 2261 424 2300 tela
451 2262 641 2311 protinus
664 2261 708 2298 in
735 2274 801 2299 me
825 2261 965 2310 ipsum
990 2260 1235 2307 retorsisseS,
1258 2260 1479 2309 subitoque
1504 2273 1553 2298 ex
1576 2260 1709 2298 iudice

117 2327 270 2364 faceres
288 2339 416 2365 reum.
477 2326 544 2365 Sic
564 2326 677 2364 enim
694 2325 803 2365 texis
822 2327 955 2364 totam
975 2325 1255 2364 defensionem
1274 2327 1401 2371 tuam,
1424 2327 1472 2364 vt
1490 2327 1560 2363 aut
1581 2325 1709 2363 absol-

118 2391 279 2429 uendus
296 2391 402 2429 mihi
421 2391 478 2430 sis
498 2393 569 2430 aut
589 2391 732 2429 eadem
752 2391 958 2429 sententia
977 2390 1066 2440 ipse
1089 2403 1156 2428 me
1176 2389 1402 2428 necessario
1422 2390 1705 2436 condemnem,

118 2468 409 2505 quamcunque
445 2456 490 2494 in
524 2458 565 2494 te
603 2456 939 2506 pronunciauero.
997 2456 1104 2494 Vide
1137 2457 1340 2504 quantum
1373 2455 1502 2504 possit
1530 2454 1610 2492 ista
1638 2456 1711 2492 tua

118 2520 376 2559 admirabilis
404 2521 605 2569 facundia,
639 2534 721 2570 qua
748 2521 876 2559 efficis
902 2522 949 2560 vt
979 2533 1046 2558 reo
1070 2533 1212 2558 securo
1232 2519 1357 2557 iudex
1387 2518 1640 2567 periclitetur
1669 2521 1710 2557 et
1727 2532 1766 2564 95

120 2586 223 2623 bene
261 2597 401 2623 secum
438 2586 504 2636 agi
537 2586 759 2634 existimet,
782 2586 820 2625 si
851 2586 976 2624 modo
1015 2585 1133 2623 liceat
1168 2596 1283 2622 reum
1317 2583 1434 2621 nulla
1466 2595 1540 2620 sua
1569 2583 1711 2621 fraude

122 2650 340 2689 dimittere.
400 2650 481 2688 Hic
510 2664 606 2689 vero
635 2664 731 2689 cum
759 2664 827 2689 me
859 2653 997 2689 tecum
1026 2649 1239 2698 componis
1267 2647 1587 2698 committisque,
1620 2661 1712 2685 con-

123 2714 262 2753 festim
283 2714 390 2752 mihi
409 2715 623 2764 succurrit,
645 2716 706 2754 mi
725 2716 903 2764 Budaee,
920 2715 1145 2754 Greeorum
1166 2712 1272 2751 illud
1291 2712 1497 2762 adagium,
1519 2713 1670 2762 μύρμηξ
1686 2715 1709 2761 ἡ

125 2782 301 2828 κάμηλος,
329 2782 399 2818 aut
425 2779 461 2817 si
487 2780 587 2829 quid
615 2780 683 2819 his
709 2794 871 2831 quoque
898 2778 1153 2818 dissimilius.
1213 2777 1346 2825 Queso
1372 2777 1468 2827 quid
1495 2777 1605 2816 inter
1634 2790 1710 2816 nos

125 2845 262 2884 simile
281 2847 353 2882 aut
370 2844 456 2883 vllo
476 2846 595 2894 pacto
614 2845 734 2883 affine
753 2847 914 2894 praeter
929 2845 1040 2882 hunc
1059 2842 1246 2881 fortassis
1262 2843 1449 2881 animum
1465 2856 1549 2882 non
1569 2843 1711 2882 abhor-
1733 2857 1791 2879 100

601 2982 655 3012 99.
683 2972 740 3003 his
758 2972 844 3004 CN3:
869 2974 897 3004 is
913 2971 957 3002 N1
974 2974 1068 3002 Loml.
1085 2983 1092 3002 :
1117 2971 1162 3001 iis
1179 2970 1236 3002 N2.
