2010 3417
98 139 197 196 396]
548 145 618 185 ΤΟ
656 144 925 185 WILLIAM
964 145 1240 186 WARHAM
1615 145 1694 185 213

96 252 227 293 veluti
276 253 436 293 Numae
482 267 527 293 ac
565 254 760 305 Sibyllae,
800 258 873 295 aut
911 269 1052 295 rerum
1095 256 1147 295 ab
1189 255 1435 295 hominibus
1484 257 1695 306 gestarum
1713 269 1754 299 45

95 319 341 359 memoriam
378 320 749 371 complectentibus
793 321 909 361 velut
954 321 1063 372 apud
1101 321 1347 372 Aegyptios,
1397 322 1467 360 aut
1511 321 1696 371 aliquam

96 383 303 424 humanae
349 385 574 435 sapientiae
623 387 857 436 portionem
914 387 1177 427 tradentibus
1230 387 1363 426 veluti
1416 386 1608 426 Platonis
1655 389 1696 426 et

95 450 349 500 Aristotelis,
368 453 522 502 quanto
536 452 689 491 iustius
703 455 765 491 est
784 452 896 491 idern
907 452 1039 491 facere
1054 453 1263 503 principes
1278 452 1538 491 Christianos
1552 454 1594 491 et
1615 452 1696 503 epi—

94 527 240 565 scopos
251 516 297 555 in
310 517 525 556 seruandis
539 531 684 556 eorum
696 519 981 557 monumentis
996 519 1067 569 qui
1079 531 1192 557 sacro
1205 518 1333 557 afflati
1347 518 1496 568 spiritu
1508 531 1594 556 non
1608 520 1695 556 tam

95 580 225 620 libros
253 594 378 632 quam
408 582 571 621 oracula
598 583 720 621 nobis
757 583 1041 633 reliquerunt!
1098 583 1154 622 Et
1184 586 1326 622 tamen
1360 584 1473 622 haud
1506 584 1589 622 scio
1623 583 1695 633 qui
1714 595 1754 626 50

95 645 253 686 factum
282 647 338 686 sit
365 648 412 687 vt
439 660 524 686 non
553 647 634 686 alia
662 648 708 686 in
735 662 778 687 re
805 649 939 698 magis
967 651 1172 688 cessatum
1200 648 1389 687 videatur
1417 661 1440 686 a
1469 648 1696 687 maioribus

96 712 262 751 nostris.
322 712 388 751 Sit
411 726 511 752 sane
536 713 642 752 leuis
669 714 935 753 ethnicorum
959 714 1183 753 authorum
1206 714 1376 762 iactura,
1402 727 1507 764 quae
1527 717 1694 753 tantum

94 777 244 817 efficiat
261 779 310 816 vt
337 778 480 818 minus
503 778 657 817 eruditi
685 779 818 818 simus
843 781 916 818 aut
938 779 1079 817 minus
1102 779 1358 828 eloquenteS,
1379 792 1464 817 non
1483 781 1531 818 vt
1553 779 1695 818 minus

95 842 164 892 pii.
225 842 443 882 Caeterum
466 857 517 882 ex
543 846 606 883 tot
631 844 797 883 eximiis
824 858 1001 895 vereque
1024 844 1295 883 sacrosanctis
1320 843 1566 883 authoribus
1593 857 1694 894 quos

94 907 216 948 nobis
233 908 304 948 vel
323 909 485 948 erudita
504 909 618 948 dedit
645 910 816 949 Graecia
839 909 906 948 vel
932 909 1059 948 huius
1084 909 1248 948 aemula
1275 908 1456 958 prodidit
1475 908 1601 947 Italia
1627 908 1695 946 vel
1714 917 1752 949 55

93 973 196 1013 olim
243 974 396 1013 studiis
441 975 738 1014 florentissima
774 975 973 1026 produxit
1018 974 1154 1014 Gallia
1190 974 1257 1014 vel
1294 974 1509 1025 ingeniosa
1537 974 1695 1024 peperit

94 1039 280 1090 Aphrica
298 1040 365 1079 vel
383 1040 539 1080 laboris
558 1041 721 1091 patiens
740 1041 897 1080 aedidit
916 1040 1132 1090 Hispania,
1153 1053 1246 1079 rara
1264 1040 1444 1090 quadam
1462 1039 1694 1078 eruditione

94 1105 389 1156 suspiciendos,
411 1106 648 1157 eloquentia
670 1106 814 1155 claros,
834 1106 946 1145 vitae
971 1106 1245 1145 sanctimonia
1270 1105 1537 1154 venerandos,
1568 1118 1694 1155 queso

94 1172 147 1219 te,
170 1184 293 1221 quam
312 1170 432 1221 pauci
450 1174 675 1221 supersunt
701 1184 797 1210 casu
823 1171 978 1210 seruati
999 1171 1134 1222 magis
1160 1183 1284 1221 quam
1304 1172 1446 1209 nostro
1467 1169 1665 1209 beneficio
1685 1171 1694 1208 2

93 1238 216 1286 atque
244 1236 291 1276 hi
318 1249 486 1275 rursum
515 1235 593 1286 ipsi
622 1249 748 1286 quam
776 1237 895 1275 foede
923 1237 1077 1286 mutili,
1101 1250 1227 1287 quam
1255 1236 1539 1283 contaminati,
1570 1249 1694 1286 quam
1711 1235 1754 1267 60

93 1301 340 1352 prodigiosis
359 1301 527 1340 mendis
546 1302 730 1352 vndique
750 1304 954 1342 scatentes
973 1304 1021 1341 vt
1040 1316 1125 1341 non
1145 1303 1288 1352 magni
1308 1302 1459 1341 referat
1478 1302 1536 1340 sic
1557 1315 1694 1351 super-

94 1368 206 1406 esse!
241 1366 449 1417 Equidem
475 1368 523 1406 vt
549 1381 634 1406 non
659 1381 859 1418 aspernor
885 1368 1120 1418 simplicem
1148 1368 1264 1417 vulgi
1293 1367 1498 1417 pietatem,
1521 1367 1580 1405 ita
1607 1380 1694 1405 non

92 1445 264 1482 possum
309 1446 395 1471 non
445 1433 589 1472 mirari
642 1435 729 1472 tam
779 1435 1092 1484 praeposterum
1139 1433 1428 1472 multitudinis
1475 1432 1689 1471 iudicium.

93 1498 262 1538 Calceos
294 1499 535 1537 sanctorum
567 1500 611 1537 et
642 1498 850 1538 sudariola
888 1512 1034 1538 mucco
1072 1499 1282 1538 sordentia
1319 1497 1617 1546 exosculamur,
1654 1499 1694 1536 et

91 1563 319 1602 eorundem
348 1563 489 1612 libros,
526 1563 810 1603 sanctissimas
840 1566 883 1603 et
916 1563 1219 1604 efficacissimas
1258 1564 1453 1603 diuorum
1485 1563 1692 1613 reliquias,
1711 1561 1752 1603 65

93 1629 301 1679 neglectos
336 1628 466 1668 iacere
495 1629 688 1679 patimur.
751 1629 999 1669 Tuniculam
1036 1632 1108 1668 aut
1136 1629 1395 1668 indusiolum
1433 1628 1522 1666 diui
1559 1627 1693 1666 aureis

93 1694 396 1744 gemmatisque
411 1694 544 1733 thecis
558 1694 812 1744 reponimus,
833 1696 874 1733 et
893 1695 1022 1734 libros
1041 1695 1093 1734 ab
1111 1694 1197 1734 illis
1216 1694 1457 1743 elaboratos,
1475 1694 1522 1731 in
1541 1693 1693 1743 quibus

93 1760 136 1798 id
158 1760 266 1809 quod
285 1759 457 1798 illorum
476 1759 556 1798 fuit
570 1761 778 1809 optimum
791 1759 916 1799 nobis
931 1760 1066 1799 adhuc
1085 1760 1193 1799 viuit
1211 1760 1436 1810 spiratque,
1450 1758 1689 1809 cymicibus‚

94 1824 221 1864 tineis
239 1837 284 1864 ac
303 1824 448 1863 blattis
468 1824 640 1874 impune
658 1824 863 1864 rodendos
881 1825 1168 1875 relinquimus.

149 1890 291 1940 Neque
324 1903 422 1929 vero
453 1889 618 1928 difficile
655 1891 711 1929 sit
739 1890 911 1929 huiusce
940 1891 1001 1929 rei
1030 1903 1196 1929 causam
1235 1888 1480 1927 coniecturis
1511 1888 1688 1938 assequi.
1712 1897 1751 1931 70

94 1955 374 2005 Posteaquam
406 1955 645 2006 principum
681 1969 822 1995 mores
854 1956 978 2005 plane
1006 1956 1091 1995 iam
1119 1956 1164 1994 in
1198 1954 1453 1994 barbaricam
1482 1953 1692 2004 quandam

93 2022 364 2071 tyrannidem
384 2020 716 2071 degenerassent,
736 2022 829 2060 tum
848 2021 1031 2071 episcopi
1050 2021 1310 2072 prophanam
1331 2019 1534 2058 ditionem
1557 2018 1692 2068 magis

92 2088 324 2138 coepissent
343 2086 541 2137 amplecti
559 2100 685 2137 quam
704 2087 755 2126 ab
775 2087 973 2137 apostolis
992 2086 1193 2125 traditum
1213 2085 1386 2124 docendi
1405 2097 1570 2133 munus,
1593 2097 1691 2122 mox

92 2152 287 2191 vniuersa
301 2151 476 2191 docendi
494 2152 710 2202 prouincia
724 2152 769 2190 in
783 2152 884 2191 istos
901 2151 1104 2203 quosdam
1115 2153 1180 2191 est
1194 2151 1376 2201 relegata
1391 2149 1462 2200 qui
1478 2149 1692 2188 charitatis

92 2221 133 2256 et
152 2218 364 2268 religionis
384 2230 615 2267 cognomen
630 2217 754 2256 hodie
773 2231 846 2256 ceu
860 2217 1067 2268 peculiare
1082 2217 1161 2256 sibi
1176 2216 1390 2255 vindicant
1408 2229 1417 2254 ε
1438 2215 1522 2254 iam
1534 2213 1692 2265 negligi
1711 2223 1749 2258 75

93 2285 233 2333 ceptae
251 2283 382 2322 bonae
401 2283 576 2331 litterae,
601 2283 790 2322 fastidita
810 2282 1051 2322 Graecanici
1070 2282 1275 2321 sermonis
1301 2281 1450 2332 peritia
1475 2280 1690 2329 multoque

92 2348 227 2397 magis
251 2346 471 2387 Hebraici:
503 2350 690 2398 spretum
720 2348 977 2398 eloquentiae
1006 2347 1204 2395 studium,
1228 2347 1331 2397 quin
1359 2348 1402 2384 et
1430 2345 1519 2396 ipsa
1546 2346 1691 2395 lingua

92 2413 245 2451 Latina
263 2413 321 2450 sic
341 2414 609 2463 conspurcata
628 2415 690 2452 est
709 2413 887 2453 subinde
911 2427 1019 2452 noua
1042 2413 1228 2452 barbarie
1253 2414 1299 2450 vt
1318 2412 1403 2450 iam
1423 2411 1531 2449 nihil
1550 2410 1692 2448 minus

89 2478 199 2515 esset
221 2489 345 2527 quam
370 2477 531 2516 Latina.
590 2479 675 2517 Nee
703 2478 897 2517 historiae
925 2492 1000 2517 nec
1028 2478 1296 2528 geographiae
1324 2489 1398 2514 nec
1427 2474 1690 2525 antiquitatis

94 2542 179 2580 vlla
210 2554 317 2580 cura.
378 2542 561 2582 Tantum
590 2543 642 2582 ad
676 2544 924 2594 sophisticas
952 2544 1152 2593 quasdam
1180 2541 1360 2592 argutias
1390 2541 1598 2579 contracta
1624 2551 1689 2577 res
1708 2542 1749 2573 80

93 2606 302 2654 litteraria,
329 2608 370 2645 et
392 2607 640 2646 eruditionis
671 2621 837 2647 summa
859 2621 984 2658 penes
1013 2606 1309 2646 summularios
1340 2605 1539 2655 quosdam
1570 2603 1688 2642 colle-

90 2674 224 2710 ctores
252 2684 298 2710 ac
327 2674 585 2722 excerptores
611 2685 697 2711 esse
732 2673 875 2722 coepit,
907 2673 984 2711 hoc
1018 2672 1221 2711 nimirum
1250 2669 1577 2720 impudentiores
1608 2682 1688 2718 quo

92 2738 234 2776 minus
253 2737 448 2776 eruditos.
510 2737 692 2776 Proinde
723 2740 881 2776 veteres
903 2737 999 2776 illos
1018 2737 1236 2787 scriptores
1254 2735 1373 2774 facile
1393 2733 1460 2773 vel
1479 2734 1689 2784 antiquari

91 2803 202 2853 passi
220 2804 320 2840 sunt
338 2801 416 2849 vel,
434 2802 542 2852 quod
561 2815 658 2841 vero
678 2802 848 2852 propius
868 2804 940 2849 est,
963 2802 1044 2852 ipsi
1062 2800 1287 2840 abolendos
1305 2800 1501 2838 curarunt
1519 2800 1566 2836 vt
1585 2811 1687 2849 quos

90 2869 174 2906 iam
193 2867 347 2906 frustra
364 2867 559 2917 legerent,
579 2866 781 2906 nimirum
801 2865 867 2906 his
886 2867 1007 2905 rebus
1027 2865 1218 2905 destituti
1237 2866 1327 2904 sine
1347 2864 1498 2915 quibus
1517 2863 1583 2902 illi
1601 2876 1686 2903 non
1706 2869 1745 2908 85

92 2935 246 2983 queant
265 2931 457 2983 intelligi.
517 2933 571 2971 Et
591 2934 732 2971 tamen
752 2946 802 2971 ex
828 2932 914 2970 illis
938 2934 1147 2982 vtcunque
1172 2931 1361 2980 decerpta
1380 2928 1580 2981 quaedam
1600 2930 1686 2968 suis

133 3008 135 3010 ’
177 3008 232 3039 66.
258 3008 336 3039 diui
352 3018 390 3038 a:
414 3009 616 3039 sanctorum
633 3009 666 3043 β.
825 3009 875 3047 83.
899 3007 1059 3039 eruditos
1074 3018 1116 3039 a:
1139 3006 1318 3038 habebant
1334 3004 1550 3036 eruditionis
1564 3005 1598 3039 β.
