2010 3417
239 1718 277 1739 10

242 2705 278 2734 '25
299 2686 411 2724 enim
435 2687 642 2735 meipsum
668 2686 822 2735 nescio)
843 2686 887 2724 in
915 2686 1071 2725 iudices
1097 2688 1183 2725 tam
1210 2686 1394 2725 oculatos
1420 2686 1668 2724 inciderim?
1723 2685 1773 2723 Id
1798 2696 1894 2733 quo·
1954 2690 1957 2693 '

295 141 376 177 480
758 137 1008 175 LETTERS
1046 136 1116 174 OF
1142 135 1419 175 -ERASMUS
1762 132 1890 187 [1517

294 248 360 285 cui
391 247 660 295 posteaquam
701 247 837 283 orator
873 243 1108 294 assignatus
1138 246 1211 292 est,
1247 257 1476 282 successore
1506 244 1634 283 misso
1672 245 1743 295 qui
1779 245 1888 295 apud

294 311 486 350 Carolum
516 311 708 348 nostrum
735 310 885 359 ageret,
918 308 1040 347 desiit
1067 307 1226 347 diutius
1254 308 1398 346 eodem
1431 308 1478 346 in
1511 308 1600 346 loco
1629 310 1884 349 commorari.

295 376 413 424 Quod
449 375 558 414 vitae
594 388 725 425 genus
760 388 843 412 non
878 373 1050 412 omnino
1089 373 1336 423 displiceret,
1372 373 1495 412 modo
1527 373 1779 414 bibliotheca
1811 389 1888 414 nos

294 455 458 491 quoquo
494 440 652 479 iremus
690 439 965 478 comitaretur.
1027 439 1122 477 Huc
1160 440 1196 477 si
1234 439 1406 487 venerit,
1444 451 1592 486 coram,
1629 438 1696 477 sin
1733 440 1890 488 minus,

235 524 272 556 75
293 506 509 545 absentem
527 506 680 544 litteris
699 505 912 555 appellabo
932 504 982 542 de
1002 504 1136 543 literis
1154 505 1204 543 ad
1224 506 1276 543 te.
1335 504 1520 542 Rursum
1539 503 1643 543 vale.

692 659 848 700 494535.
909 658 972 699 To
1005 660 1205 700 FRANcrs
1238 658 1495 699 DELOYNEs.

339 755 509 801 Epistole
528 755 722 800 elegantes
739 755 784 789 f0.
802 754 830 788 1²
848 760 898 789 v0.
1321 790 1323 792 ,
1560 755 1750 800 Antwerp.

340 815 392 850 Οἳ.
412 827 448 859 p.
471 824 535 858 107
554 828 561 849 ε
587 813 624 848 F.
644 826 679 859 p.
700 824 763 858 37:
791 813 881 848 HN:
908 813 1023 848 Lond.
1043 812 1066 847 i.
1089 823 1151 856 14:
1182 813 1254 847 LB.
1274 823 1356 848 202.
1474 822 1515 847 21
1539 812 1723 858 February
1745 816 1842 859 15¹?-

340 896 430 936 [The
452 895 553 926 main
574 896 655 935 part
678 894 715 924 of
733 895 808 926 this
831 895 940 925 letter
962 896 1057 925 must
1081 894 1171 924 have
1195 894 1285 924 been
1311 893 1512 933 completed
1533 893 1639 925 when
1655 894 1720 934 Ep.
1737 903 1811 934 531.
1828 905 1888 934 491

293 950 365 970 was
381 940 528 970 written
542 949 550 978 3
574 939 637 969 the
654 938 741 969 final
756 938 956 978 paragraph
972 938 1064 968 with
1082 938 1144 968 the
1162 938 1244 968 date
1261 947 1334 968 was
1350 937 1539 977 evidently
1557 937 1674 968 added
1691 938 1808 979 laten]

393 1038 599 1068 ERASMvs
629 1037 962 1067 ROTERODAMVS
993 1037 1035 1068 D.
1063 1036 1312 1067 FRANCISCO
1343 1036 1545 1067 DELOINO
1576 1038 1658 1068 SVO
1688 1040 1720 1067 S.
1749 1037 1791 1068 D.

346 1121 497 1168 ano,
515 1117 849 1168 splendidissime
870 1117 1052 1166 Deloine,
1071 1120 1170 1167 quot
1191 1118 1437 1168 quantisque
1457 1118 1700 1157 nominibus
1720 1118 1892 1158 debeam

293 1185 502 1225 Gulielmo
518 1185 698 1229 Budan,
712 1197 797 1222 non
812 1185 972 1222 vestrae
989 1184 1112 1222 modo
1130 1183 1300 1229 Galliae,
1315 1184 1424 1234 quod
1440 1185 1486 1222 tu
1500 1184 1716 1223 verissime
1731 1185 1888 1233 scribis,

293 1263 439 1288 verum
452 1250 578 1288 etiam
594 1250 721 1288 totius
737 1249 829 1287 aeui
845 1247 1130 1287 nostri¹decori
1151 1251 1274 1299 atque
1290 1251 1537 1288 ornamento
1557 1250 1892 1299 incomparabili:

294 1316 365 1366 qui
398 1328 482 1354 non
513 1315 732 1354 contentus
764 1327 908 1353 ornare
940 1328 1007 1353 me
1038 1314 1278 1353 testimonio
1310 1328 1384 1353 suo
1418 1316 1526 1364 apud
1561 1328 1704 1354 omnes
1738 1315 1895 1366 vbique

294 1382 436 1420 doctos
448 1380 703 1430 grauissimo,
721 1380 941 1418 nobilitare
957 1382 1020 1418 tot
1036 1380 1328 1418 eruditissimis
1344 1380 1542 1430 epistolis,
1561 1381 1731 1431 insuper
1745 1380 1894 1419 amicis

294 1448 382 1484 tam
416 1446 564 1484 multis
591 1446 817 1495 locupletat
849 1445 1032 1495 beatque‚
1065 1447 1187 1495 atque
1215 1459 1238 1484 o
1268 1445 1404 1483 Deum
1434 1445 1726 1494 immortalem,
1760 1445 1893 1485 cuius·

295 1511 434 1550 modi!
490 1512 561 1550 An
580 1524 666 1549 non
685 1511 834 1549 merito
863 1510 921 1549 sic
942 1510 1189 1558 existimem,
1213 1510 1427 1561 ingentem
1448 1511 1722 1549 accessionem
1741 1512 1892 1550 factam

295 1577 401 1615 meis
447 1576 785 1626 possessionibus,
830 1577 1099 1626 posteaquam
1150 1575 1385 1614 Gulielmus
1433 1576 1605 1623 Paruus,
1645 1576 1890 1615 Franciscus

295 1641 507 1689 Deloinus,
539 1641 776 1679 Ludouicus
804 1641 977 1689 Ruzeus,
1008 1640 1233 1680 amicorum
1262 1653 1452 1679 meorum
1481 1655 1655 1680 numero
1687 1641 1818 1680 additi
1847 1641 1891 1680 in

295 1706 418 1746 bonis
438 1707 542 1745 meis
564 1719 652 1745 esse
676 1707 932 1755 coeperunt?
988 1706 1118 1744 Porro
1145 1719 1240 1744 cum
1265 1706 1347 1744 tria
1374 1706 1546 1745 nomina
1572 1719 1771 1754 recenseo,
1794 1706 1892 1745 boni

295 1772 445 1822 superi,
483 1773 583 1822 quot
614 1771 797 1822 egregias
831 1771 956 1819 dotes,
993 1774 1092 1821 quot
1127 1773 1368 1810 ornamenta
1402 1771 1614 1810 rarissima
1647 1771 1894 1821 compendio

294 1851 390 1876 sum
410 1837 674 1886 complexus!
722 1837 804 1875 Nec
825 1837 901 1875 hos
920 1836 1056 1875 solum
1078 1836 1193 1875 illius
1213 1849 1334 1886 opera
1353 1836 1574 1885 lucrifacio,
1598 1837 1700 1887 quin
1718 1837 1789 1875 ille
1809 1837 1893 1876 iam

296 1903 434 1942 verbis
453 1902 660 1952 conceptis
678 1915 843 1941 mecum
869 1903 1013 1951 pactus
1039 1904 1112 1949 est,
1137 1902 1331 1952 quicquid
1352 1915 1528 1952 vsquam
1556 1902 1746 1952 gentium
1772 1902 1893 1941 nobis

295 1970 358 2006 est
386 1968 623 2016 amicorum,
646 1967 687 2005 id
718 1967 806 2017 lege
836 1967 1112 2017 Pythagorica
1131 1970 1322 2006 nostrum
1346 1968 1511 2017 vtrique
1540 1968 1626 2006 fore
1657 1981 1890 2007 commune.

297 2034 371 2071 Est
400 2033 471 2070 ille
500 2033 669 2083 quidem
699 2033 781 2071 fide
811 2033 968 2082 optima
998 2035 1043 2070 vt
1072 2033 1107 2070 si
1137 2033 1358 2082 quisquam
1388 2033 1519 2080 alius3
1560 2033 1628 2071 sed
1659 2036 1801 2071 tamen
1829 2033 1893 2071 est

296 2099 405 2148 apud
436 2111 502 2136 me
530 2098 656 2136 huius
684 2097 791 2147 pacti
814 2098 1050 2148 syngrapha
1079 2098 1209 2148 ipsius
1238 2098 1380 2148 digitis
1410 2099 1624 2148 descripta,
1647 2099 1682 2136 si
1706 2097 1804 2148 quid
1834 2098 1894 2136 in-

295 2164 425 2202 ficiari
436 2164 547 2202 velit.
599 2163 774 2211 Quiduis
792 2164 924 2213 patiar
943 2164 1065 2202 citius
1084 2177 1208 2214 quam
1228 2164 1357 2202 semel
1376 2164 1572 2202 traditam
1591 2163 1892 2214 possessionem

296 2232 383 2268 tam
404 2229 656 2278 praeclaram
676 2229 897 2267 interuerti
917 2229 1034 2267 mihi.

351 2294 420 2332 Ad
438 2295 620 2344 egregias
639 2294 738 2332 ista-s
762 2294 907 2333 laudes
933 2308 1033 2345 quas
1058 2294 1162 2333 mihi
1182 2296 1252 2334 tua
1271 2295 1422 2333 tribuit
1443 2294 1613 2344 epistola
1633 2294 1743 2332 nihil
1762 2293 1894 2332 habeo

241 2382 254 2402 2
299 2361 407 2410 quod
437 2360 720 2409 respondeam,
753 2360 835 2398 nisi
864 2373 938 2398 vos
967 2361 1016 2398 de
1046 2373 1113 2398 me
1142 2373 1239 2398 sane
1269 2360 1557 2399 amantissime
1587 2359 1730 2397 errare.
1799 2358 1892 2398 Iam

299 2425 406 2475 quod
426 2425 731 2463 lucubrationes
758 2438 871 2463 meas
899 2426 1059 2463 omneis
1084 2425 1156 2463 abs
1182 2427 1222 2463 te
1249 2438 1332 2463 non
1358 2425 1441 2475 legi
1467 2425 1590 2463 modo
1611 2424 1800 2474 intelligo
1819 2425 1891 2463 sed

297 2491 434 2529 excuti
462 2503 637 2540 quoque,
668 2490 738 2528 sed
768 2490 937 2539 penitus
966 2490 1192 2540 introspici,
1225 2492 1422 2528 vtrumne
1455 2490 1620 2528 felicem
1648 2502 1714 2527 me
1743 2489 1894 2537 dicam,

299 2556 367 2593 cui
387 2568 410 2594 a
424 2556 601 2594 summis
621 2554 852 2593 eruditione
872 2555 1024 2605 pariter
1043 2557 1167 2604 atque
1188 2555 1408 2594 autoritate
1421 2555 1523 2593 viris
1542 2555 1620 2593 hoc
1641 2554 1893 2604 dignationis

299 2624 340 2659 et
364 2621 534 2660 honoris
558 2621 782 2659 habeatur:
812 2633 864 2658 an
892 2620 1099 2659 infelicem
1126 2622 1274 2670 potius,
1300 2620 1371 2670 qui
1399 2620 1494 2659 talis
1521 2625 1616 2658 cum
1645 2620 1725 2658 sim
1744 2619 1895 2669 (neque

343 2819 416 2849 534.
455 2830 505 2857 71.
539 2820 756 2860 successore]
792 2820 885 2852 Wm.
919 2821 1058 2859 Knight
1129 2821 1258 2851 almost
1296 2819 1502 2859 constantly
1540 2829 1585 2850 on
1630 2819 1823 2850 embassies
1859 2817 1899 2847 of

301 2863 536 2902 (1476—1547),
568 2863 702 2894 Fellow
729 2863 768 2893 of
791 2864 879 2894 New
907 2864 1057 2903 Collega
1130 2864 1361 2903 importance.
1392 2863 1440 2894 In
1460 2873 1539 2902 1541
1559 2864 1604 2893 he
1621 2872 1693 2893 was
1710 2861 1894 2892 rewarded

299 2905 444 2944 0xford,
456 2907 516 2936 Dr.
525 2906 562 2937 of
571 2906 672 2937 Laws
684 2907 755 2937 and
766 2907 934 2946 apostolic
945 2912 1060 2947 proto·
1132 2907 1222 2937 with
1240 2907 1301 2938 the
1319 2907 1427 2946 bpriC.
1447 2908 1484 2937 of
1498 2907 1592 2937 Bath
1608 2907 1680 2936 and
1697 2905 1819 2936 Wells.

300 2950 439 2987 notary.
464 2949 520 2979 He
533 2960 605 2980 was
617 2950 785 2990 chaplain
799 2952 833 2981 to
844 2951 1058 2989 Henrymn,
1177 2960 1228 2989 75.
1254 2951 1369 2981 literis
1386 2950 1429 2980 ad
1446 2950 1496 2990 te]
1522 2950 1586 2989 Ep.
1604 2959 1678 2988 571.

301 2991 1060 3034 andfrom1512011wardshewasemployed
1174 2994 1249 3025 535.
1279 2996 1327 3025 16.
1352 2994 1463 3034 pacti]
1489 2994 1553 3032 Ep.
1570 3003 1645 3033 493.
1671 3002 1734 3032 432
1746 3002 1822 3031 seq.
