2010 3464
116 199 212 253 316]
615 202 769 242 FROM
807 202 990 243 LUCAS
1026 202 1213 243 KLETT
1651 206 1703 244 39

111 313 318 362 quantum
350 314 390 351 te
428 312 548 351 faciat
585 313 730 352 Zasius
766 313 848 362 ille,
889 316 1056 353 nostrae
1092 315 1353 364 tempestatis
1390 315 1703 354 iurisconsultus

112 376 461 417 absolutissimus,
516 377 680 417 Vellem
707 378 834 429 igitur
859 379 994 418 eidem
1021 392 1104 418 non
1124 382 1211 419 tam
1237 393 1304 419 me
1333 394 1457 431 quam
1484 381 1702 431 negocium
1722 400 1739 432 5

111 454 254 481 meum
272 443 425 482 litteris
443 443 525 482 tuis
544 444 864 484 commendares,
923 445 1014 494 Quo
1036 447 1176 484 autem
1197 447 1571 485 commendationis
1589 459 1704 498 argu-

110 510 254 546 mento
273 521 375 559 opus
395 509 459 557 sit,
480 508 705 548 Frobenius
723 511 822 548 tuus
841 510 1099 560 exploratum
1123 511 1256 551 faciet.
1304 511 1394 550 Has
1413 513 1450 551 si
1469 525 1607 562 preces
1623 513 1703 562 (me

110 572 312 623 hercules)
331 573 481 613 humili
499 588 520 612 e
540 575 700 623 pectore
723 574 836 613 fusas
860 587 946 613 non
973 576 1097 614 surda
1121 589 1216 615 aure
1242 577 1536 626 pertransieris,
1558 577 1618 616 ita
1636 590 1703 616 me

109 640 181 677 tue
201 639 534 689 magnificentiae
555 638 798 677 deuinctum
819 639 1023 689 obligabis
1041 642 1088 679 vt
1108 641 1215 679 nihil
1235 641 1291 680 sit
1310 642 1417 692 quod
1437 656 1510 692 pro
1530 643 1703 681 Erasmo

110 701 184 741 illo
217 703 412 750 maximo,
451 703 756 741 humanissimo
793 705 835 742 et
868 704 1108 744 doctissimo
1135 709 1396 756 praeceptore
1425 720 1528 755 meo,
1564 707 1702 747 subire
1723 727 1762 750 10

75 774 81 779 “
109 767 409 818 pertimescam.

162 832 274 882 Vale,
294 845 343 871 ex
362 832 530 871 aedibus
545 833 709 881 nost-ris,
729 832 985 873 turbulentis
1002 847 1194 873 curarum
1209 835 1434 875 vorticibus
1453 837 1696 887 angustiato,

108 897 174 936 die
194 897 388 937 omnibus
408 898 567 948 superis
587 898 721 937 dicato
746 909 858 947 1514.

544 1045 639 1085 317.
701 1043 833 1085 From
864 1043 1054 1086 ULRICH
1086 1045 1263 1088 ZASHTs.

151 1133 337 1170 Deventer
354 1133 431 1169 MS.
452 1144 508 1180 91,
525 1134 550 1170 f.
571 1145 650 1170 200.
1376 1136 1567 1184 Freiburg.

152 1191 225 1226 LB.
243 1191 338 1238 App.
362 1203 414 1236 14.
1287 1203 1305 1238 7
1325 1193 1532 1232 November
1551 1205 1651 1242 1514.

149 1273 240 1315 [The
270 1273 495 1314 manuscript
526 1273 607 1305 date
638 1274 670 1304 is
697 1273 893 1305 confirmed
924 1273 971 1314 by
993 1273 1056 1305 the
1086 1274 1155 1314 gift
1185 1275 1223 1307 of
1250 1275 1434 1317 Plutarch,
1457 1276 1529 1309 and
1559 1277 1606 1317 by
1636 1278 1698 1308 the

105 1318 285 1349 reference
306 1318 346 1348 in
363 1317 400 1349 11.
422 1326 526 1356 11-13
542 1320 577 1348 to
594 1317 685 1358 Epp.
700 1327 776 1358 303,
795 1319 872 1357 306,
888 1328 963 1357 307.
984 1318 1120 1359 50-54.]

157 1396 344 1446 QVANDO,
365 1396 428 1433 ter
450 1395 629 1434 maxime
655 1396 838 1443 Erasme,
861 1408 973 1434 1111110
999 1397 1166 1446 tempus
1190 1396 1336 1436 latiora
1355 1397 1406 1436 ad
1426 1400 1466 1436 te
1491 1397 1698 1437 scribendi

101 1475 188 1501 non
214 1461 468 1511 suppetebat,
498 1461 670 1500 articulo
696 1463 737 1499 et
765 1461 965 1511 temporis
994 1463 1036 1500 et
1064 1461 1260 1511 legittimi
1285 1464 1471 1502 muneris
1494 1463 1696 1511 exclusus,

100 1527 263 1569 modica
280 1527 380 1565 haec
399 1526 546 1576 accipe.
605 1527 740 1565 Lucae
765 1528 915 1574 nostro,
936 1526 1026 1566 viro
1050 1527 1206 1576 optimo
1233 1530 1274 1566 et
1299 1528 1463 1577 diserto,
1488 1529 1699 1580 suppetias

99 1593 205 1647 ferre
223 1592 509 1642 paratissimus
527 1605 634 1640 sum,
658 1593 751 1630 tum
779 1593 876 1642 quia
901 1592 1109 1631 doctrinae
1133 1593 1342 1643 specimen
1361 1594 1472 1633 haud
1492 1595 1697 1634 mediocre

98 1657 277 1707 praebet,
310 1659 402 1696 tum
431 1659 611 1696 maxime
642 1657 737 1707 quia
766 1657 850 1696 tuis
879 1658 1194 1698 commendatus
1223 1659 1500 1699 ornatissimis
1530 1659 1690 1708 litteris,
1715 1676 1732 1708 5

98 1723 183 1762 tuis
197 1723 369 1773 inquam
385 1736 508 1772 quem
525 1720 645 1775 [non]
661 1722 830 1772 perinde
853 1735 898 1761 ac
917 1722 1062 1762 lumen
1081 1723 1131 1762 de
1150 1724 1260 1763 coelo
1280 1725 1494 1775 delapsum
1509 1739 1690 1765 veneror.

100 1788 216 1838 Quod
245 1802 365 1839 porro
391 1788 620 1827 Plutarcho
645 1790 719 1827 tuo
745 1787 898 1827 Latiali
925 1801 1000 1838 per
1026 1790 1067 1827 te
1094 1791 1207 1828 veste
1238 1790 1394 1829 intecto
1422 1803 1489 1828 me
1518 1790 1690 1838 donasti,

99 1867 185 1893 non
204 1857 266 1893 est
285 1856 374 1893 eius
392 1854 554 1904 generis
573 1854 682 1903 quod
700 1853 837 1892 verbis
856 1853 1061 1902 remetiar,
1084 1854 1249 1904 quando
1269 1868 1344 1893 nec
1362 1854 1502 1893 ieiuno
1522 1855 1628 1894 mihi
1647 1869 1692 1894 ea

97 1919 318 1959 verborum
337 1919 514 1958 flumina
527 1920 802 1968 suppeterent,
821 1918 970 1968 quibus
983 1920 1071 1957 tam
1086 1921 1262 1969 gratum,
1279 1922 1367 1958 tam
1385 1920 1574 1969 amabile,
1590 1921 1692 1960 adde

98 1988 184 2024 tam
204 1985 425 2033 eruditum,
452 1997 554 2034 opus
573 1985 866 2033 consequerer!
897 1986 938 2022 et
957 1983 993 2022 si
1013 1984 1196 2023 maxime
1215 1985 1418 2024 facundus
1436 1998 1583 2034 essem,
1606 1999 1691 2025 non
1712 2001 1750 2023 10

96 2050 235 2090 verbis
255 2050 326 2089 sed
345 2063 387 2089 re
406 2050 496 2100 ipsa
509 2048 576 2088 vel
592 2051 690 2087 sunt
703 2048 879 2098 vestigia
894 2049 1161 2099 gratitudinis
1175 2050 1415 2090 exhibenda.
1467 2051 1691 2101 Superiori-

95 2115 175 2155 bus
205 2114 358 2154 litteris
386 2116 434 2153 tu
464 2114 627 2164 Iupiter
656 2114 715 2153 ita
747 2113 926 2152 fulmine
959 2113 1193 2164 intonuisti,
1225 2128 1320 2154 cum
1352 2129 1562 2166 magnum,
1593 2129 1688 2156 011111

94 2181 257 2221 felicem
284 2182 326 2219 te
354 2181 627 2227 nominarem,
652 2181 698 2218 vt
723 2178 929 2218 attonitus
953 2192 1127 2218 manum
1151 2193 1263 2219 nunc
1286 2181 1526 2220 retraxerim
1552 2184 1593 2220 et
1614 2195 1687 2232 pro

95 2259 246 2297 magno
263 2247 329 2284 ter
347 2245 580 2284 maximum
599 2244 914 2284 nominauerim.
975 2244 1081 2294 Quid
1102 2245 1215 2284 enim
1234 2245 1347 2284 aliud
1368 2246 1544 2285 dicerem
1557 2248 1577 2285 ⁶?
1608 2260 1687 2296 quo

94 2311 174 2352 alio
191 2310 317 2350 titulo
341 2311 602 2350 nominarem
614 2311 635 2349 ⁶?
663 2309 736 2361 qui
755 2310 871 2349 omni
889 2309 1054 2349 mortali
1072 2311 1289 2360 praeconio
1308 2311 1365 2350 sis
1384 2311 1579 2361 superior,
1602 2311 1683 2361 qui,
1709 2328 1744 2360 15

93 2378 130 2417 si
157 2389 341 2427 vnquam
369 2376 587 2427 quisquam
615 2376 660 2414 in
688 2375 806 2414 mille
833 2376 968 2424 annis,
990 2377 1030 2414 te
1056 2389 1203 2415 verum
1231 2376 1356 2415 heroa
1386 2377 1458 2426 qui
1481 2377 1604 2426 paulo
1631 2376 1686 2415 sit

94 2442 402 2481 immortalibus
420 2441 590 2480 inferior
603 2441 765 2480 referas.
804 2441 896 2480 Scio
912 2441 1022 2480 dices
1035 2441 1205 2480 Zasium
1220 2441 1411 2481 adulatili
1427 2442 1684 2481 effoeminari

94 2506 204 2555 stilo,
226 2507 434 2546 Germano
460 2507 727 2552 Germanum,
748 2506 856 2557 quod
885 2506 1086 2554 dedeceat,
1117 2505 1283 2546 blandia
1307 2507 1427 2554 dare3
1465 2507 1542 2545 hoc
1569 2507 1683 2546 enim

93 2571 326 2622 aliquando,
353 2572 417 2610 vir
435 2571 594 2623 integer
613 2573 653 2610 et
671 2573 842 2618 erectus,
866 2571 971 2610 acris
989 2572 1031 2609 et
1055 2571 1186 2622 fortis,
1208 2573 1252 2611 in
1278 2585 1345 2611 me
1371 2571 1545 2610 carbone
1563 2571 1683 2620 nigro

94 2636 261 2676 notasti.
317 2637 377 2674 At
407 2636 486 2676 alia
517 2650 602 2675 non
630 2637 772 2687 potui;
801 2637 861 2675 sic
890 2649 959 2675 me
987 2637 1154 2676 animus
1184 2650 1312 2686 meUS,
1343 2637 1501 2687 genius,
1530 2637 1679 2686 feruor,
1702 2654 1742 2677 20

93 2699 256 2741 affectio
282 2700 516 2749 impellunt.
588 2701 652 2739 Tu
681 2701 806 2749 enim,
835 2714 858 2739 o
884 2701 1066 2749 Erasme,
1088 2702 1199 2740 fama
1224 2701 1371 2752 ingens
1395 2701 1456 2750 (vt
1476 2701 1682 2741 Ciceronis

135 2798 211 2831 316.
230 2807 278 2829 10.
303 2798 523 2837 praeceptori
537 2800 606 2829 MS.
694 2798 773 2828 317.
795 2807 825 2828 2.
851 2807 926 2829 non
941 2800 1016 2828 LB:
1040 2803 1058 2828 0
1074 2801 1143 2828 MS.
1231 2799 1392 2829 muneris
1407 2800 1527 2838 scripsi,
1544 2800 1583 2835 qf.
1598 2801 1676 2836 Epp.

91 2843 144 2883 83.
165 2852 184 2872 2
200 2851 246 2881 η,
263 2842 340 2881 388.
357 2851 396 2880 41
414 2851 447 2872 n.
464 2844 493 2872 et
505 2851 568 2880 494
583 2852 592 2872 τ
614 2841 799 2882 nusmeris
814 2843 883 2873 MS.
899 2851 908 2871 ι
930 2842 1074 2872 numeri
1089 2843 1152 2873 LB.
1256 2842 1419 2873 exclusus
1433 2844 1501 2873 MS.
1519 2852 1527 2872 :
1550 2845 1679 2873 notabile

93 2887 307 2918 anacoluthon.
410 2894 440 2923 7.
463 2894 525 2924 per
538 2886 574 2916 te
590 2887 644 2915 LB
661 2895 669 2915 ε
690 2885 791 2924 parte
807 2886 877 2915 MS.
980 2894 1029 2917 11.
1052 2885 1109 2915 vel
1125 2887 1194 2916 MS.
1212 2895 1219 2915 :
1233 2886 1371 2922 forsitan
1385 2895 1489 2917 verae
1505 2887 1676 2925 leyendum.

135 2963 208 2994 317.
226 2972 255 3002 3.
280 2961 412 3002 Lucae]
429 2960 605 2992 Paliurus.
626 2960 677 2992 Cf.
696 2959 760 3000 Ep.
778 2961 854 3000 316.
916 2963 996 2992 Aen.
1018 2970 1066 2992 11.
1089 2970 1160 3000 124,
1178 2961 1298 2993 which
1322 2962 1520 2994 Macrobius
1543 2962 1626 3003 (Sat.
1644 2963 1674 2993 6.

135 3017 164 3046 7.
184 3004 393 3045 Plutarcho]
420 3004 470 3036 Cf.
490 3004 578 3044 Epp.
596 3013 659 3043 272
675 3004 748 3035 and
764 3013 840 3043 297.
916 3014 947 3034 2.
960 3006 1015 3044 33)
1029 3006 1131 3036 notes
1143 3007 1181 3036 to
1192 3006 1282 3037 have
1297 3006 1388 3037 been
1400 3006 1567 3038 imitated
1582 3005 1673 3037 from

133 3059 185 3082 21.
206 3048 408 3090 Ciceronis]
434 3048 493 3079 An
509 3047 666 3079 allusion
689 3050 725 3078 to
748 3047 853 3087 Verg.
915 3047 1066 3079 Cicero‘s
1081 3048 1150 3080 lost
1166 3049 1264 3080 work
1281 3060 1326 3081 on
1343 3050 1440 3082 Cato.
