2010 3417
209 1084 226 1114 5

189 1408 228 1430 13

194 2062 233 2085 20

240 163 320 200 594
707 158 958 198 LETTERS
997 159 1067 197 OF
1106 158 1371 199 ERASMUS
1718 159 1842 213 [15¹7

587 304 684 343 591.
747 301 879 343 FROM
912 300 1171 342 SEBASTIAN
1204 301 1498 343 GIUsTINIAN.

287 406 473 441 Deventer
491 402 572 439 MS.
591 413 647 449 91,
668 403 694 440 f.
712 413 768 448 99.
1573 402 1743 439 London.

288 463 358 498 LB.
378 464 474 508 App.
497 471 573 507 145.
1515 472 1560 507 29
1577 461 1674 497 June
1697 470 1798 506 1517.

545 547 728 590 [Written
743 547 837 579 after
852 548 916 579 the
934 548 1069 588 receipt
1086 548 1124 579 of
1138 549 1201 588 Ep.
1221 548 1285 587 584
1302 549 1342 578 in
1359 547 1539 589 London.]

407 648 716 680 SEBASTIANVS
746 648 1043 678 IVSTINIANVS
1075 647 1228 688 EQVES,
1257 648 1437 678 ORATOR
1465 648 1686 688 VENETVS,

664 716 844 748 ERASMO
875 717 1220 748 RHOTERODAMO
1251 718 1286 747 S.
1310 717 1348 746 P.
1375 717 1416 748 D.

304 803 369 842 Ex
385 804 538 844 litteris
558 805 642 843 tuis
656 805 705 843 ad
719 804 887 842 Morum
903 806 1104 852 nostrum,
1123 805 1296 842 Erasme
1312 805 1380 849 mi,
1398 804 1643 842 resciuimus
1661 806 1848 842 nostram

245 870 461 919 epistolam
488 870 669 920 periisse,
692 870 862 920 eiusque
890 870 963 908 abs
991 872 1033 908 te
1057 869 1296 919 exemplum
1325 869 1594 907 vehementer
1620 862 1847 920 efflagitari.

251 935 369 984 Quod
404 948 499 974 cum
528 935 633 974 mihi
663 935 889 974 molestum
918 935 984 983 sit,
1006 935 1133 973 habet
1160 935 1237 973 hoc
1266 937 1408 974 tamen
1436 933 1717 983 iucunditatis,
1740 935 1848 985 quod

246 1014 340 1050 prae
355 1002 395 1039 te
415 1001 524 1039 feras
539 1014 686 1050 cupere
701 1001 811 1050 apud
831 1003 872 1039 te
893 1014 981 1039 esse
997 1000 1130 1038 nostri
1145 1000 1296 1050 pignus
1315 1001 1469 1038 amoris
1484 992 1696 1050 animique
1715 1001 1850 1039 nostri

251 1068 397 1105 testem
417 1066 647 1116 vademque
677 1066 970 1106 certissimum.
1031 1065 1242 1104 Mittimus
1270 1066 1410 1116 itaque
1437 1066 1703 1116 desyderatae
1729 1066 1782 1104 ad
1809 1067 1852 1104 te

249 1131 491 1181 exemplum
536 1131 763 1181 epistolae:
819 1131 884 1170 cui
926 1132 1032 1170 hanc
1074 1132 1377 1170 annectendam
1419 1132 1659 1170 curauimus
1706 1131 1851 1170 nuncii

254 1198 435 1236 officium
464 1198 680 1245 obituram,
703 1211 755 1235 ex
783 1211 865 1248 qua
884 1197 1034 1236 certior
1053 1197 1128 1235 fies
1149 1210 1228 1235 nos
1247 1199 1358 1235 recte
1377 1197 1512 1236 valere
1541 1197 1700 1247 tibique
1722 1197 1850 1236 talem

251 1263 470 1313 imprecari
487 1263 668 1302 salutem
689 1262 853 1313 qualem
874 1262 1048 1301 minime
1068 1264 1282 1312 praestant
1309 1263 1480 1312 pillulae
1503 1262 1599 1300 illae
1617 1263 1724 1310 tuae,
1748 1275 1851 1313 quas

245 1329 452 1378 desipiens
480 1328 664 1367 medicus
694 1328 771 1367 tibi
801 1328 974 1366 tradidit
1004 1328 1239 1368 sumendas.
1297 1328 1478 1366 Posthac
1504 1341 1557 1366 ne
1593 1329 1679 1366 tam
1712 1328 1854 1366 incon·

251 1394 370 1441 sulte,
406 1407 571 1443 quaeso,
606 1393 757 1440 credas,
796 1393 857 1431 mi
894 1393 1079 1441 Erasme,
1120 1393 1313 1449 mendico
1348 1394 1488 1432 verius
1526 1407 1651 1443 quam
1688 1393 1852 1432 medico

250 1459 427 1498 salutem
446 1459 563 1497 tuam
582 1471 668 1497 non
688 1458 826 1497 Gallia
845 1458 1014 1508 quidem
1033 1459 1124 1496 tota
1142 1471 1218 1496 nec
1239 1459 1465 1497 Germania
1486 1459 1852 1508 compensandam.

254 1524 459 1562 Nouimus
488 1527 530 1562 te
560 1524 676 1573 quasi
704 1524 952 1573 naufragum
981 1524 1027 1561 in
1057 1536 1155 1561 saxa
1180 1524 1366 1573 vadaque
1395 1524 1572 1562 eiectum
1602 1524 1851 1574 nuncupatis

251 1592 389 1628 tamen
424 1589 533 1627 votis
572 1589 751 1627 euasisse
789 1588 1023 1638 periculum
1063 1589 1333 1638 tempestatis,
1368 1590 1602 1639 pictamque
1641 1588 1725 1627 iam
1762 1601 1851 1628 esse

252 1655 436 1694 tabulam
458 1654 662 1703 naufragii
682 1653 852 1703 templis
871 1653 1129 1703 affigendam,
1152 1653 1230 1691 tibi
1250 1655 1391 1692 tamen
1412 1654 1606 1692 dissimili
1624 1653 1851 1692 admodum

252 1721 432 1770 imagine
449 1735 458 1767 ;
488 1720 604 1758 cuius
625 1719 987 1758 dissimilitudinis
1012 1732 1099 1757 non
1118 1720 1181 1756 est
1208 1732 1281 1757 cur
1300 1719 1478 1758 causeris
1496 1719 1743 1769 pillularum
1762 1719 1851 1757 vim

252 1786 347 1835 plus
380 1782 507 1835 aequo
542 1785 764 1824 citantium
802 1785 959 1833 aluum,
981 1798 1085 1834 quae
1123 1797 1174 1823 ex
1207 1784 1384 1834 pristino
1420 1786 1462 1823 te
1491 1785 1674 1834 corporis
1703 1783 1850 1822 habitu

252 1851 579 1900 exterminarint,
603 1852 673 1890 sed
701 1850 871 1901 pictoris
899 1850 1104 1889 cautelam
1127 1850 1199 1899 qui
1220 1851 1357 1900 pinxit
1382 1850 1691 1889 existimantem
1712 1862 1855 1900 quem-

252 1917 363 1967 piam
383 1916 625 1954 huiusmodi
645 1916 809 1954 tabulas
828 1916 879 1954 ad
906 1915 1169 1954 euadendum
1193 1916 1458 1965 naufragium
1477 1915 1565 1954 vim
1586 1916 1746 1963 habere,
1768 1928 1853 1953 non

253 1983 485 2029 Erasmum,
524 1995 648 2031 quem
681 1995 768 2021 non
804 1982 964 2032 putarit
996 1981 1131 2031 pictor
1169 1981 1411 2019 huiusmodi
1444 1981 1487 2020 in
1523 1995 1566 2019 re
1598 1995 1695 2019 cum
1728 1980 1854 2030 vulgo

252 2048 446 2098 desipere.
506 2047 641 2086 Probe
669 2047 746 2086 tibi
774 2048 1002 2098 honorique
1031 2048 1104 2085 tuo
1134 2048 1370 2085 consultum
1397 2050 1462 2085 est
1492 2048 1599 2097 quod
1625 2047 1756 2085 alium
1780 2060 1855 2097 pro

252 2117 293 2152 te
328 2115 372 2152 in
405 2114 548 2152 tabula
583 2113 912 2163 repraesentarit.
972 2113 1081 2152 Caue
1121 2112 1292 2162 posthac
1331 2127 1354 2151 a
1392 2113 1619 2162 naufragio,
1662 2112 1728 2150 cui
1767 2125 1855 2150 non

254 2179 434 2229 proderit
462 2179 628 2226 tabula3
669 2192 766 2218 caue
796 2179 847 2217 ab
876 2179 981 2217 irato
1015 2178 1118 2217 Eolo
1153 2180 1195 2216 et
1229 2178 1432 2216 concitato
1466 2178 1686 2227 Neptun03
1726 2177 1792 2216 vel
1820 2178 1856 2215 si

256 2248 469 2295 parentem
489 2245 657 2294 quidem
686 2244 837 2283 habeas
866 2244 1051 2282 furorem
1070 2244 1290 2293 vtriusque
1318 2244 1543 2289 sedantem,
1567 2243 1603 2281 si
1629 2244 1855 2281 creduntur

260 2324 362 2361 quae
396 2312 445 2349 de
478 2310 557 2349 diis
595 2309 734 2348 effutit
772 2309 1013 2359 antiquitas,
1036 2310 1397 2359 maturantemque
1435 2308 1532 2356 vim,
1568 2320 1644 2345 nec
1681 2310 1722 2345 te
1757 2308 1856 2345 tuae

256 2376 439 2415 Palladis
466 2377 608 2414 tutum
636 2375 846 2413 arbitreris
875 2374 1058 2422 numine,
1084 2387 1209 2424 quam
1249 2375 1381 2412 oderit
1413 2374 1644 2423 Neptunus.
1699 2372 1854 2411 Procul

255 2444 344 2480 esto
373 2455 396 2479 a
425 2441 594 2479 medicis
624 2441 697 2490 qui
725 2440 887 2479 homini
916 2442 1040 2490 atque
1070 2454 1176 2490 equo
1206 2440 1324 2478 nullo
1353 2440 1575 2477 medentur
1601 2438 1851 2477 discrimine.

257 2508 350 2545 Non
380 2507 492 2545 enim
519 2519 598 2556 quo
625 2506 749 2544 modo
773 2508 921 2544 curent
948 2506 1019 2544 sed
1050 2505 1257 2556 quomodo
1283 2507 1481 2555 quaerant
1507 2504 1699 2554 cogitant,
1724 2503 1856 2542 alium

259 2584 559 2621 nonnunquam
585 2585 660 2620 pro
688 2571 776 2610 aloe
796 2571 1048 2610 exhibentes.
1109 2570 1250 2609 Satius
1275 2570 1408 2609 fuerat
1434 2570 1570 2619 pullas
1594 2583 1668 2619 pro
1696 2568 1858 2619 pillulis

301 2702 353 2731 23.
394 2692 579 2731 parentem
608 2694 720 2729 scripsi
751 2691 893 2731 (pfite):
930 2692 1017 2730 pute
1047 2693 1115 2721 MS.
1147 2689 1416 2730 (praesentem).
1477 2691 1520 2726 Cf.
1554 2692 1612 2726 Ep.
1645 2699 1721 2728 430.
1753 2698 1791 2728 17
1818 2698 1854 2720 n.

258 2735 412 2766 furorem
436 2738 567 2771 scripsi:
599 2735 741 2765 Iunone
763 2737 831 2767 MS.
1001 2735 1052 2765 26.
1087 2744 1176 2773 equo
1201 2735 1277 2763 LB:
1307 2743 1397 2775 equo
1420 2736 1489 2764 MS.
1537 2735 1579 2769 Cf.
1596 2736 1656 2770 Ep.
1675 2742 1747 2771 412.
1769 2741 1808 2771 14
1823 2742 1856 2763 n.

259 2789 309 2817 27.
334 2779 444 2810 alium
459 2782 568 2815 scripsi
582 2790 590 2809 ι
612 2778 731 2809 alcum
747 2781 818 2810 MS.

308 2900 334 2920 1.
362 2890 511 2930 litteris]
535 2891 598 2929 Ep.
617 2891 681 2928 584
698 2899 705 2928 ;
733 2888 854 2919 which
871 2887 1029 2928 supplies
1131 2898 1182 2919 22.
1207 2886 1310 2927 Eolo]
1329 2886 1379 2919 Cf.
1399 2887 1500 2926 Verg.
1519 2889 1598 2917 Aen.
1623 2896 1648 2917 1.
1669 2896 1711 2924 52
1727 2896 1801 2926 seq.

262 2943 358 2963 some
384 2933 422 2963 of
443 2933 503 2963 the
527 2934 640 2972 topics
664 2933 759 2964 here.
1129 2940 1180 2968 27.
1222 2930 1351 2970 alium]
1408 2930 1563 2969 Se‹:1·e'rly
1613 2929 1854 2969 substituting

306 2987 335 3006 ε.
362 2975 564 3015 epistolam]
590 2977 652 3014 Ep.
672 2985 747 3014 559.
1085 2975 1205 3013 ἶφι-Ην,
1225 2984 1245 3004 a
1261 2973 1372 3013 cheap
1389 2974 1442 3004 for
1463 2985 1481 3004 a
1505 2973 1617 3012 eostly
1634 2973 1851 3012 ingredient,

308 3028 356 3056 14.
384 3019 558 3060 tabulam]
584 3019 635 3050 Cf.
653 3019 739 3051 Hor.
762 3021 791 3049 C.
812 3028 838 3049 1.
858 3028 889 3058 5.
908 3019 1024 3058 13-16.
1085 3019 1123 3048 in
1141 3018 1238 3049 their
1254 3017 1458 3049 medicineS.
