2010 3417
86 152 182 207 327]
536 154 606 193 rro
644 152 869 193 BEATUS
910 153 1226 193 RHENANUS
1621 155 1671 193 61

129 263 194 294 See
210 273 228 294 a
246 263 308 294 life
324 264 370 302 by
391 263 513 294 Sturm
537 262 670 304 (1551),
692 262 876 302 reprinted
901 264 939 293 in
956 262 1049 294 BRE
1067 273 1075 301 3
1099 272 1291 293 numerous
1308 262 1411 293 other
1436 262 1674 302 publicatione

85 308 132 346 by
148 307 331 338 Horawitz
346 317 354 345 3
379 305 516 338 Knod's
532 309 604 337 Ans
620 309 651 338 d.
669 308 838 337 Bibliothek
853 309 883 337 d.
903 308 940 337 Β.
960 309 1018 338 Rh.
1034 316 1042 344 ;
1066 305 1139 336 and
1155 305 1282 346 ADB.]

140 393 342 425 ERASMVS
373 392 703 425 ROTERODAMVS
736 393 879 424 BEATO
910 392 1128 424 RHENANO
1158 393 1476 424 SLEsTADIENsI
1508 395 1541 424 S.
1576 395 1619 424 D.

139 475 231 514 CVM
261 475 488 522 videamus,
513 474 641 513 Beate
672 474 838 523 optime,
865 473 1109 512 illiteratum
1129 474 1253 512 etiam
1273 474 1496 512 hominum
1522 475 1673 525 vulgus

85 539 260 578 xeniolis
287 539 397 579 vltro
426 540 609 589 citroque
634 538 849 577 missitatis
876 538 1201 578 necessitudines
1220 551 1314 577 suas
1340 538 1524 578 vicissim
1553 540 1670 588 alere,

84 617 168 642 non
196 603 340 654 putaui
370 604 593 642 conuenire
631 605 678 642 vt
712 603 756 640 in
787 602 1039 652 optimarum
1067 603 1284 642 literarum
1314 604 1543 644 cultoribus
1576 606 1674 645 haec

85 668 302 708 ciuilitatis
331 671 372 707 et
399 669 520 707 officii
545 681 639 718 pars
670 680 828 706 cessare
859 668 1060 717 videatur,
1083 669 1325 718 praesertim
1351 669 1394 707 in
1423 670 1544 709 nobis
1574 684 1675 721 quos

86 734 321 773 communis
362 733 597 772 studiorum
637 732 757 771 ardor
795 734 879 770 tam
914 734 1024 771 arcta
1053 732 1357 771 necessitudine
1386 735 1597 784 copulauit
1629 737 1676 774 vt
1694 750 1711 782 5

85 799 256 838 arctiore
285 811 369 837 non
397 798 539 848 possit.
618 798 760 847 Nuper
799 797 927 847 igItur
967 811 1063 836 cum
1091 798 1255 836 itineris
1281 797 1420 836 labore
1463 799 1676 840 delassatis

85 864 200 915 equis
220 863 400 902 dieculas
419 863 576 913 aliquot
597 862 704 913 apud
725 862 873 900 diuum
892 862 1178 900 Audomarum
1198 875 1360 912 cogerer
1379 863 1600 913 subsidere,
1624 879 1676 904 ne

84 932 248 979 tempus
275 928 354 967 hoc
382 928 552 967 omnino
581 927 733 977 periret
764 927 928 974 studiis,
961 927 1008 965 de
1045 928 1228 976 parando
1257 927 1336 966 tibi
1366 928 1533 967 xeniolo
1564 931 1677 980 coepi

86 993 274 1044 cogitare,
297 995 338 1032 et
357 993 621 1032 commodum
640 992 835 1031 veniebat
858 992 903 1030 in
927 994 1112 1031 mentem
1138 993 1248 1042 quod
1274 992 1456 1043 grauiter
1481 994 1676 1034 admonet

86 1059 240 1098 Seneca
264 1059 413 1106 noster,
436 1070 532 1096 cum
558 1057 704 1108 primis
727 1070 815 1096 esse
834 1057 1138 1106 dispiciendum
1165 1070 1249 1096 non
1276 1057 1412 1096 solum
1434 1059 1496 1097 vti
1521 1072 1678 1099 munus
1701 1076 1738 1096 10

87 1124 263 1175 dignum
291 1124 346 1162 sit
371 1137 417 1163 eo
446 1125 518 1174 qui
541 1123 686 1171 mittit,
714 1135 859 1162 verum
886 1123 1011 1161 etiam
1036 1124 1180 1172 aptum
1210 1122 1248 1161 ei
1276 1123 1341 1161 cui
1371 1123 1557 1163 mittitur
1578 1140 1588 1173 3
1621 1127 1677 1165 sic

87 1189 200 1229 enim
230 1189 321 1228 fieri
347 1191 394 1227 vt
423 1202 526 1239 quae
553 1202 627 1239 per
655 1202 698 1227 se
728 1187 936 1227 vilissima
965 1190 1074 1236 sunt,
1108 1188 1185 1226 hoc
1213 1187 1302 1238 ipso
1338 1188 1564 1229 reddantur
1590 1205 1676 1242 pre-

87 1254 325 1302 ciosissima,
347 1254 455 1305 quod
476 1254 690 1292 commode
708 1253 863 1292 fuerint
884 1253 1050 1292 delecta.
1113 1253 1220 1301 Quid
1241 1255 1382 1292 autem
1403 1256 1535 1305 magis
1564 1257 1678 1296 mitti

87 1320 223 1359 decuit
255 1319 306 1358 ab
338 1319 508 1358 homine
542 1318 734 1369 theologo
770 1332 895 1369 quam
927 1319 1130 1357 eximium
1162 1318 1343 1369 aliquem
1374 1319 1594 1360 flosculum
1628 1335 1678 1361 ex

86 1384 419 1423 vernantissimis
435 1384 675 1423 diuinarum
694 1384 909 1422 literarum
929 1383 1076 1423 areolis
1095 1384 1336 1434 decerptum
1348 1386 1368 1423 ⁶?
1411 1385 1518 1434 Quid
1538 1389 1677 1426 autem
1702 1401 1737 1432 15

88 1450 218 1501 magis
252 1449 523 1488 conueniebat
555 1449 667 1488 mitti
700 1449 827 1488 Beato
863 1462 988 1500 quam
1020 1450 1154 1500 ipsam
1187 1463 1283 1489 vere
1313 1450 1424 1489 beati
1453 1451 1677 1492 formulam

88 1515 221 1554 diuini
250 1514 429 1564 Spiritus
455 1514 646 1564 penicillo
678 1514 879 1565 depictam
895 1516 916 1554 ‘?
972 1515 1176 1553 Diuinum
1204 1514 1328 1565 plane
1359 1529 1598 1566 cognomen,
1631 1521 1679 1556 vt

87 1579 195 1629 quod
214 1577 398 1617 hominis
417 1579 610 1615 naturam
630 1579 806 1627 superet.
867 1577 988 1616 Vnde
1010 1577 1156 1616 Graeci
1174 1579 1318 1627 poetae
1337 1579 1583 1619 numinibus
1602 1581 1680 1620 hoc

88 1657 161 1682 ceu
179 1642 382 1694 peculiare
401 1642 583 1681 tribuere
602 1645 917 1690 consueuerunt,
940 1643 1108 1693 μάκαρας
1127 1655 1194 1681 eos
1213 1642 1479 1693 appellantes.
1537 1645 1679 1696 Neque

89 1719 256 1755 prorsus
273 1705 318 1744 in
337 1704 472 1744 Vllum
498 1704 721 1743 mortalem
743 1706 830 1744 tam
862 1705 1006 1743 eximii
1033 1705 1292 1754 cognominis
1311 1705 1447 1744 honor
1466 1708 1675 1757 competit,
1701 1727 1741 1748 20

89 1771 171 1809 nisi
198 1770 269 1820 qui
288 1770 346 1808 sic
369 1769 521 1808 insitus
545 1770 600 1808 sit
626 1770 792 1808 Christo
814 1772 862 1808 vt
886 1770 971 1808 iam
1000 1770 1132 1808 veluti
1150 1769 1469 1818 transfiguratus
1489 1773 1529 1809 et
1548 1785 1679 1811 vnum

90 1848 185 1873 cum
213 1834 286 1873 illo
313 1834 456 1882 factus,
495 1834 845 1884 quemadmodum
876 1835 919 1873 in
950 1834 1079 1884 ipsius
1107 1834 1446 1883 immortalitatis,
1480 1836 1537 1875 ita
1565 1840 1606 1876 et
1634 1838 1679 1876 in

92 1903 176 1938 tam
205 1899 359 1950 egregii
387 1899 647 1948 cognominis
676 1900 931 1938 consortium
960 1899 1101 1938 ascisci
1130 1901 1346 1938 mereatur.
1420 1900 1536 1940 Nihil
1566 1903 1679 1941 enim

92 1965 221 2016 magis
242 1964 356 2003 abest
384 1978 408 2003 a
426 1977 543 2003 verae
566 1964 835 2003 beatitudinis
862 1964 1135 2015 appellatione
1155 1978 1278 2014 quam
1306 1965 1377 2003 isti
1397 1979 1499 2016 quos
1524 1967 1679 2006 stultis-

91 2031 247 2070 simum
265 2029 417 2079 vulgus
436 2029 580 2068 beatos
608 2029 798 2080 appellat.
859 2030 925 2069 Sic
956 2030 1068 2068 enim
1095 2029 1179 2067 illis
1204 2029 1353 2068 tribuit
1383 2030 1678 2071 beatitudinem

91 2098 137 2134 vt
163 2095 310 2134 tribuit
337 2097 379 2133 et
408 2095 684 2143 diuinitatem,
706 2095 772 2133 vel
795 2096 973 2145 turpiter
998 2107 1139 2133 errans
1166 2094 1234 2133 vel
1262 2095 1426 2145 turpius
1453 2099 1677 2137 assentans.

92 2161 230 2200 Toties
255 2160 298 2199 in
322 2160 512 2210 mysticis
536 2160 668 2198 literis
697 2160 874 2199 iteratur
900 2160 978 2198 hoc
1009 2160 1121 2198 beati
1150 2173 1381 2210 cognomen
1397 2175 1407 2208 3
1436 2174 1510 2200 nec
1543 2164 1680 2201 tamen

91 2239 266 2276 vsquam
280 2224 487 2263 tributum
503 2225 752 2264 offendimus
767 2224 972 2275 opulento,
991 2238 1197 2275 nusquam
1212 2225 1458 2274 monarchis,
1476 2240 1681 2278 nusquam

92 2289 391 2340 Sardanapalis.
448 2291 555 2340 Lego
577 2290 749 2329 ‘Beatos
771 2290 843 2340 qui
872 2290 1024 2328 timent
1046 2290 1289 2336 Dominum,
1310 2291 1381 2340 qui
1401 2291 1618 2331 ambulant
1636 2293 1682 2331 in

93 2355 175 2394 viis
196 2355 284 2394 eius
297 2357 317 2393 ⁹.
377 2355 488 2404 Lego
512 2356 712 2394 ‘Beatum
741 2356 808 2394 cui
838 2369 923 2394 non
951 2355 1177 2405 imputauit
1197 2356 1406 2394 Dominus
1433 2359 1645 2406 peccatum
1659 2359 1680 2396 '.
1701 2374 1741 2404 30

94 2421 202 2470 Lego
233 2420 433 2459 ‘Beatum
466 2421 536 2470 qui
574 2421 780 2471 intelligit
820 2434 942 2470 super
980 2434 1156 2470 egenum
1189 2422 1230 2459 et
1258 2434 1480 2470 pauperem
1493 2423 1513 2460 ⁵.
1573 2423 1681 2472 Lego

97 2488 105 2504 ‘
119 2486 268 2523 Beatos
287 2485 573 2524 immaculatos
592 2486 635 2523 in
651 2485 731 2530 via,
749 2485 820 2536 qui
840 2485 1056 2524 ambulant
1074 2486 1118 2524 in
1138 2486 1227 2536 lege
1248 2487 1417 2525 Domini
1431 2487 1450 2525 ’.
1493 2487 1570 2525 Tot
1585 2490 1682 2526 sunt

96 2549 363 2588 beatitudinis
379 2550 554 2598 ordines,
574 2553 614 2588 et}
633 2552 775 2589 tamen
796 2551 972 2590 istorum
992 2552 1117 2601 ὥσπερ
1128 2555 1199 2590 τῶν
1212 2552 1415 2603 Μεγαρέων
1428 2552 1544 2591 οὐδεὶς
1555 2552 1678 2603 λόγος,

97 2614 445 2664 quemadmodum
473 2615 596 2654 habet
625 2616 875 2654 Graecorum
904 2616 1180 2665 prouerbium.
1240 2617 1408 2654 Primus
1437 2616 1581 2654 beat-us
1613 2616 1683 2655 ille

96 2692 219 2729 quem
240 2678 317 2716 Dei
335 2678 462 2718 timor
480 2693 504 2718 a
523 2681 729 2730 peccando
748 2681 925 2719 cohibet.
981 2681 1163 2720 Rursum
1192 2680 1333 2719 beatus
1362 2681 1403 2718 et
1428 2680 1463 2718 is
1494 2681 1565 2731 qui
1594 2695 1682 2732 pro·
1703 2695 1740 2726 35

99 2745 238 2794 lapsus
259 2743 426 2792 quidem
453 2746 516 2782 est
545 2744 590 2782 in
608 2745 727 2793 vitia,
747 2745 818 2784 sed
845 2745 902 2784 ita
929 2745 1157 2795 lachrymis
1184 2745 1401 2784 commissa
1429 2746 1552 2784 diluit
1572 2748 1618 2785 vt
1646 2747 1683 2785 ei

141 2870 215 2900 327.
231 2879 259 2909 7.
269 2868 427 2900 dieculas
439 2868 590 2909 aliquot]
602 2869 674 2899 The
686 2871 855 2899 Enarratio
967 2879 1019 2908 30.
1038 2869 1206 2909 Beatum]
1231 2872 1279 2900 Ps.
1297 2879 1349 2908 31.
1367 2880 1396 2900 2.

99 2914 128 2944 is
151 2912 335 2944 described
358 2913 398 2942 in
422 2913 469 2943 its
491 2911 626 2952 closing
648 2921 789 2952 passage
819 2922 857 2942 as
967 2922 1019 2950 31.
1038 2913 1207 2953 Beatum]
1231 2915 1282 2943 Ps.
1299 2924 1352 2951 40.
1373 2923 1400 2943 1.

100 2958 107 2971 ⁵
123 2956 306 2987 xeniolum
319 2956 506 2996 plusquam
518 2956 818 2995 extemporarium
833 2956 852 2985 '.
968 2965 1021 2994 32.
1041 2955 1182 2996 Beatos]
1207 2958 1255 2987 Ps.
1279 2958 1348 2987 118.
1371 2966 1397 2987 1.

143 3010 194 3038 29.
213 2999 355 3040 Beatos]
380 3002 430 3030 Ps.
452 3008 519 3038 127.
543 3009 568 3030 1.
969 3008 1021 3038 33.
1043 2998 1105 3029 τῶν
1122 2998 1309 3041 Μεγαρέων]
1335 3002 1438 3039 Aday.
1460 3011 1551 3039 1079.
