2010 3417
275 154 356 194 358
739 148 992 187 LETTERS
1031 147 1101 186 OF
1139 145 1404 185 ERASMUS
1744 142 1784 197 [1
1794 156 1814 192 5
1823 157 1839 182 1
1849 143 1871 179 6

274 262 380 301 nihil
399 260 477 299 tibi
496 260 550 298 sit
569 258 782 308 antiquius
800 258 888 295 vita
906 259 948 295 et
967 255 1110 295 salute.
1184 255 1228 294 Si
1246 267 1335 293 rem
1354 254 1463 293 tueri
1482 257 1599 304 potes
1616 255 1693 293 hac
1722 254 1872 293 incolu-

274 328 344 375 mi,
368 329 481 364 tuere
499 339 509 373 3
537 325 602 363 sin
622 325 775 371 minus,
798 322 1108 372 dispendiosum
1120 320 1418 370 compendium
1433 322 1494 358 est
1513 333 1602 358 rem
1620 319 1874 357 incolumem

214 398 256 429 60
274 392 482 442 praestare
501 389 648 428 salutis
670 390 741 427 aut
756 386 1075 437 tranquillitatis
1101 386 1273 425 iactura.
1346 384 1535 435 Denique
1554 385 1589 423 si
1608 385 1686 423 tibi
1711 383 1790 434 ipsi
1808 396 1876 434 pa·

274 468 369 495 rum
384 468 428 494 es
446 454 604 500 charus,
624 454 719 492 vide
738 467 791 491 ne
811 453 912 491 duos
932 452 1075 490 eadem
1090 451 1239 501 perdas
1259 463 1397 500 opera.
1453 449 1594 500 Neque
1614 449 1727 487 enim
1755 449 1876 487 aliter

275 519 393 559 nobis
413 519 648 558 videbimur
667 518 900 557 incolumes
917 517 1000 555 nisi
1020 517 1061 554 te
1082 515 1309 563 incolumi3
1339 527 1464 565 quem
1483 527 1570 564 ego,
1593 515 1650 553 sic
1671 527 1736 552 me
1763 513 1876 552 Deus

276 587 397 635 amet,
418 585 625 634 potiorem
644 584 728 622 mei
753 583 988 634 portionem
1016 582 1129 620 duco.
1190 581 1252 619 Ne
1285 580 1469 618 nimium
1499 593 1642 630 operae
1668 591 1810 617 sumas
1831 578 1878 616 in

278 651 399 690 rebus
413 650 613 689 leuiculis.
677 650 817 699 Fugax
836 650 948 686 aetas
967 649 1009 686 et
1027 647 1160 685 vitrea
1179 659 1245 684 res
1261 645 1456 684 valetudo
1473 660 1483 694 ;
1514 658 1600 684 non
1621 643 1878 695 quibuslibet

217 723 256 763 65
277 719 338 755 est
367 715 654 766 impendenda.
716 714 928 763 Quaedam
957 712 1218 762 despicienda
1250 713 1351 750 sunt
1380 713 1422 749 et
1452 711 1619 749 animus
1648 710 1700 749 ad
1728 722 1879 759 magna

277 782 508 832 erigendus.
569 781 766 819 Senecam
785 793 831 818 ac
856 779 1077 817 Platonem
1096 777 1174 816 tibi
1192 777 1317 816 facito
1332 776 1557 815 familiares
1574 791 1582 824 3
1611 776 1657 814 hi
1683 775 1720 814 si
1739 775 1878 814 crebro

279 851 418 886 tecum
440 845 771 893 confabulentur,
794 845 984 883 animum
1004 845 1127 882 tuum
1147 856 1233 881 non
1253 843 1394 881 sinent
1413 842 1553 881 iacere.
1612 841 1719 880 Vere
1738 840 1881 890 magni

280 915 341 952 est
376 912 507 950 animi
540 911 738 960 quasdam
770 910 946 948 iniurias
975 909 1193 959 negligere,
1221 921 1297 946 nec
1319 909 1370 946 ad
1404 907 1665 958 quorundam
1694 905 1883 945 conuicia

282 977 434 1016 habere
453 978 519 1016 vel
539 989 656 1015 aures
680 976 747 1014 vel
767 976 969 1025 linguam.
1031 975 1110 1013 Fac
1127 973 1345 1023 aliquoties
1359 973 1590 1024 periculum
1611 973 1767 1022 quanto
1786 970 1881 1021 plus

224 1058 264 1092 70
282 1040 418 1083 Valeat
431 1042 673 1092 obsequium
685 1043 725 1080 et
739 1042 904 1079 cordata
919 1039 1279 1090 blandiloquentia
1299 1052 1424 1089 quam
1443 1039 1609 1078 animus
1627 1049 1822 1088 praeceps
1841 1036 1882 1074 et

281 1110 501 1159 impotens.

336 1174 476 1213 Patris
506 1172 653 1222 optimi
673 1173 942 1219 senectutem,
964 1170 1024 1209 ita
1048 1172 1094 1210 vt
1123 1169 1233 1218 facis,
1254 1169 1398 1208 officiis
1425 1169 1609 1217 subleua,
1634 1181 1718 1206 non
1747 1166 1884 1206 solum

284 1239 380 1290 quia
398 1241 517 1289 pater
545 1240 618 1287 est,
642 1238 714 1276 sed
735 1237 869 1276 multo
898 1236 1032 1286 magis
1061 1236 1158 1286 quia
1184 1235 1281 1274 talis
1309 1236 1434 1284 pater.
1494 1233 1712 1285 Syncaeris
1739 1230 1885 1271 amicis

283 1307 409 1351 vtere,
432 1303 541 1342 fictis
562 1303 742 1341 abutere.
819 1303 925 1341 Cum
944 1301 1140 1340 vxorcula
1165 1301 1222 1339 sic
1242 1301 1374 1338 viuito
1394 1302 1441 1338 vt
1462 1313 1547 1338 non
1565 1300 1733 1338 tantum
1752 1297 1885 1335 coitus

227 1386 242 1419 7
248 1388 265 1419 5
285 1383 406 1408 causa
426 1371 466 1407 te
494 1368 651 1417 diligat,
672 1381 746 1405 nec
759 1367 905 1416 diligat
919 1367 1042 1405 modo
1061 1366 1333 1404 verumetiam
1360 1366 1620 1412 reuereatur;
1649 1364 1688 1402 ei
1707 1363 1764 1401 sic
1782 1362 1886 1400 fidas

285 1437 332 1473 vt
353 1448 399 1473 ea
416 1434 617 1472 duntaxat
635 1433 917 1471 communices
938 1445 1040 1481 quae
1059 1432 1126 1470 vel
1149 1431 1200 1469 ad
1220 1444 1307 1469 rem
1328 1430 1599 1469 domesticam
1612 1429 1680 1468 vel
1706 1428 1757 1467 ad
1776 1427 1887 1465 vitae

286 1499 590 1538 iucunditatem
608 1498 834 1547 pertinent.
895 1498 963 1536 Ita
981 1496 1137 1535 tuearis
1154 1496 1419 1535 autoritatem
1439 1508 1534 1545 erga
1562 1497 1654 1533 tuos
1677 1495 1724 1532 vt
1751 1492 1886 1531 nihilo

287 1565 419 1604 secius
433 1563 775 1602 consuetudinem
795 1562 1064 1601 domesticam
1083 1561 1246 1600 condiat
1265 1575 1429 1599 morum
1448 1561 1631 1599 comitas.
1672 1559 1734 1596 De
1746 1557 1888 1596 liberis

288 1629 511 1668 educandis
531 1629 685 1666 frustra
705 1628 783 1666 tibi
802 1627 1063 1678 praecipiam,
1082 1640 1179 1665 cum
1198 1627 1278 1665 tale
1294 1625 1532 1675 exemplum
1552 1625 1703 1664 habeas
1722 1636 1745 1661 a
1757 1624 1885 1673 patre.

230 1706 271 1736 80
342 1695 479 1742 Vides,
505 1694 626 1732 Petre
652 1693 913 1740 suauissime,
938 1695 985 1731 vt
1015 1692 1092 1730 tibi
1118 1691 1344 1739 consulam,
1370 1691 1458 1741 ipse
1491 1690 1599 1728 mihi
1627 1702 1776 1740 parum
1799 1700 1889 1726 eon-

289 1762 431 1800 sulens
449 1775 458 1808 3
487 1759 558 1798 sed
578 1761 623 1798 vt
638 1758 698 1797 sic
718 1759 931 1808 ineptiam,
954 1758 1017 1797 tui
1036 1757 1249 1808 compellit
1276 1770 1402 1795 amor.
1436 1757 1561 1795 Recte
1580 1756 1672 1795 vale
1692 1768 1788 1794 cum
1807 1753 1890 1793 tuis

292 1826 498 1865 omnibus.
563 1824 796 1864 Bruxellae.
852 1825 980 1862 Anno
1009 1835 1189 1862 M.D.xv1.
1252 1822 1394 1861 Pridie
1416 1821 1555 1861 Nonas
1576 1821 1781 1860 Octobris.

783 2024 880 2064 477.
942 2022 1006 2063 To
1040 2023 1189 2063 PETER
1219 2021 1400 2062 GiLLEs.

342 2140 430 2175 Vita
447 2138 593 2175 Erasmi
613 2152 648 2184 p.
672 2150 735 2184 137
756 2140 869 2185 (237).
1558 2137 1735 2172 Brussels.

343 2198 457 2233 Lond.
475 2209 561 2233 xxx.
581 2207 622 2242 75
642 2197 738 2233 :LB.
755 2197 853 2243 App.
871 2200 950 2243 388.
1456 2205 1496 2239 17
1515 2195 1674 2231 October
1691 2194 1847 2241 (1516).

342 2299 444 2340 [1516
469 2299 499 2328 is
525 2299 587 2328 the
617 2299 704 2336 only
730 2308 814 2337 year
843 2299 881 2328 in
910 2298 1029 2328 which
1059 2299 1229 2329 Erasmus
1257 2298 1329 2328 and
1352 2296 1516 2328 Tunstall
1542 2306 1636 2327 were
1664 2297 1702 2326 in
1731 2295 1895 2327 Brussels

300 2342 465 2382 together
488 2342 527 2372 in
552 2341 729 2381 October]

379 2443 584 2474 ERASMVS
615 2443 948 2473 ROTERODAMVS
980 2443 1177 2473 ERVDITO
1209 2443 1257 2472 M.
1286 2443 1427 2472 PETRO
1457 2442 1649 2473 AEGIDIO
1679 2441 1824 2473 AMICO

733 2509 1109 2540 INCOMPARABILI.
1169 2509 1469 2540 ANTVERPIAE.

356 2603 538 2641 MA'rvRA
550 2604 598 2641 vt
615 2601 898 2651 Hieronymus
909 2601 1035 2650 probe
1055 2601 1326 2639 concinnatus
1345 2601 1428 2639 huc
1442 2600 1581 2639 veniat
1597 2602 1763 2650 propter
1774 2613 1899 2639 anno-

303 2667 480 2706 tationes
514 2667 813 2707 adscribendas.
890 2667 951 2704 De
984 2679 1159 2704 numero
1188 2668 1230 2705 et
1260 2666 1404 2705 ordine
1426 2664 1690 2704 voluminum
1724 2666 1898 2722 Petrum
1961 2680 1963 2683 ¹

304 2733 534 2781 consulito;
562 2733 669 2771 mihi
688 2733 789 2771 satis
809 2733 985 2780 videtur,
1009 2732 1045 2770 si
1065 2732 1110 2769 in
1135 2745 1206 2770 sex
1233 2731 1448 2770 volumina
1469 2731 1795 2782 compingantur.
1854 2729 1899 2770 Si

349 2849 422 2879 476.
441 2849 493 2878 68.
522 2858 586 2878 nec
602 2850 652 2878 F:
674 2848 700 2878 ὣ
718 2851 754 2878 D.
870 2848 921 2885 78.
946 2850 991 2877 F:
1017 2856 1116 2877 secus
1132 2850 1171 2878 D.
1282 2845 1335 2877 81.
1360 2849 1398 2877 vt
1415 2849 1489 2878 add.
1509 2849 1544 2877 F.
1658 2845 1732 2876 477.
1748 2854 1780 2883 3.
1806 2852 1899 2875 com-

307 2892 515 2930 pingantur,
533 2893 563 2921 51
582 2891 626 2922 0¹.

766 3001 841 3032 477.
867 3012 895 3032 2.
923 3000 1086 3040 Petrum]
1106 3000 1262 3039 Perhaps
1278 2999 1441 3039 Meghen.
