2010 3417
193 877 250 907 125

194 1860 253 1891 140

194 2187 252 2218 145

271 174 350 211 394
737 171 988 209 LETTERS
1027 173 1097 210 OF
1135 172 1400 212 ERASMUS
1741 174 1865 228 [1516

272 282 343 332 qui
363 280 565 330 singulari
592 280 837 319 dexteritate
863 280 1143 319 emendatoris
1162 294 1262 320 vsus
1288 295 1334 320 ea
1360 295 1462 332 quae
1487 282 1611 333 plane
1635 283 1872 334 vituperare

272 347 360 384 iure
389 347 462 383 tuo
490 346 663 394 poteras,
689 345 734 383 in
761 345 884 384 laude
912 345 1082 384 interim
1110 359 1238 396 ponas
1267 347 1617 396 reprehendendo,
1640 349 1687 386 vt
1712 348 1867 388 hortari

272 424 338 449 me
377 410 510 460 magis
542 412 655 449 certo
687 411 867 461 quodam
895 411 1020 449 modo
1052 411 1283 451 admonens
1321 413 1474 451 erroris
1505 425 1631 463 quam
1665 413 1868 452 deterrere

271 475 448 521 videare,
474 478 514 514 et
543 475 679 514 nihilo
706 475 848 514 minus
873 476 1263 527 circunspectiorem
1290 477 1335 516 in
1360 479 1577 528 posterum
1608 480 1650 516 et
1680 479 1869 518 emenda·

215 550 228 569 2
270 540 420 579 tiorem
449 540 627 590 reddere,
660 541 696 579 si
725 541 888 591 quando
916 541 1147 580 auscultare
1176 542 1340 581 meliori
1368 543 1594 582 didicerim.

326 606 433 655 Quid
460 606 593 655 igitur
616 606 685 645 hic
708 606 893 656 primum
914 607 1215 657 respondeam?
1259 608 1417 657 Nescio,
1442 608 1526 647 nisi
1549 608 1586 647 si
1612 608 1691 647 hoc
1717 607 1868 657 dicam,

271 672 578 722 ἐπιτετηδεῦσθαί
600 689 665 722 μοι
689 673 756 721 τὴν
781 672 878 711 ἰδέαν
906 673 1013 722 τήνδε
1038 675 1104 711 τοῦ
1130 673 1248 726 λόγου
1273 674 1319 723 ἣν
1347 676 1413 712 οὐκ
1441 674 1486 712 ἂν
1514 674 1590 725 φῂς
1615 672 1870 718 ἀποδέξασθαι

270 739 355 778 τοὺς
373 736 590 789 ἐντυχόντας
608 755 649 776 τε
669 738 729 776 καὶ
754 738 839 778 τοὺς
857 737 1136 789 ἐντευξομένους
1154 741 1248 791 αὐτῇ
1273 741 1321 790 τῇ
1346 740 1491 791 βίβλῳ,
1513 740 1598 780 τούς
1615 756 1659 792 γε
1678 739 1731 789 μὴ
1752 739 1869 788 ἄκρως

269 803 579 853 πεπαιδευμένους
610 803 696 853 μηδ’
728 802 953 855 ἐπισχόντας
988 805 1053 842 τὸν
1086 807 1171 843 νοῦν
1201 807 1343 846 ἀτενῶς.
1414 805 1481 844 Sic
1513 805 1665 844 referre
1697 816 1791 843 mea
1824 803 1867 841 id

270 868 470 919 temporis
498 868 800 918 existimabam,
833 871 879 907 vt
907 882 930 908 a
957 870 1098 919 paucis
1127 869 1404 920 intelligerer3
1447 872 1572 920 atque
1600 870 1651 908 ab
1678 869 1781 920 ipsis
1808 868 1868 906 ita

270 934 524 984 intelligerer
542 936 588 973 vt
613 936 765 983 tamen,
793 935 829 972 si
855 947 922 973 res
947 934 1008 973 ita
1032 935 1211 984 tulisset,
1236 937 1280 974 in
1306 936 1460 986 vulgus
1486 948 1619 975 essem
1643 934 1868 974 inficiando

271 1000 379 1051 quod
400 1000 572 1051 quisque
593 1013 660 1038 me
680 1000 834 1038 dixisse
853 1013 926 1050 pro
947 1003 1068 1050 captu
1094 1001 1448 1051 interpretaretur.
1507 1002 1639 1050 Quare
1660 999 1866 1039 nonnulla

271 1065 545 1118 αἰνιγματωδῶς
574 1064 813 1115 ἐπετήδευσα,
842 1079 945 1116 quae
974 1079 1127 1116 magna
1154 1080 1204 1105 ex
1234 1069 1349 1116 parte
1378 1067 1578 1106 lucidiora
1605 1067 1709 1105 fient
1737 1066 1865 1104 altera

270 1130 451 1169 editione
469 1144 519 1169 ΘΧ
537 1144 713 1181 persona
731 1134 796 1169 τοῦ
822 1135 1069 1183 σχολιαστοῦ,
1093 1131 1135 1170 ἵν’
1155 1133 1264 1173 αὐτὸς
1289 1133 1425 1171 ὡσανεὶ
1448 1135 1648 1183 ἂρνητικῶς
1668 1133 1790 1183 ἔχοιμι
1809 1132 1870 1168 καὶ

272 1198 466 1246 ἀσφαλῶς,
489 1198 529 1235 et
548 1196 682 1235 nihilo
702 1197 833 1235 secius
853 1196 994 1236 animo
1010 1211 1104 1236 meo
1124 1197 1373 1249 obsequerer
1396 1201 1446 1239 εἷς
1463 1200 1506 1238 τὸ
1525 1198 1666 1249 παρόν;
1695 1197 1738 1236 id
1759 1196 1869 1247 quod

270 1266 317 1302 tu
337 1263 439 1302 satis
457 1263 695 1314 intelligens
710 1263 869 1301 Loxian
888 1263 1012 1301 illum
1028 1263 1281 1314 Delphicum
1295 1263 1455 1303 imitari
1468 1277 1536 1303 me
1551 1264 1664 1303 dicis.
1706 1262 1870 1302 Nostin’

270 1329 377 1367 illud
405 1328 558 1367 scitum
589 1328 834 1376 Solomonis,
862 1328 951 1372 δόξα
979 1332 1074 1367 ΘεοίΙ
1106 1330 1277 1378 κρύπτειν
1304 1331 1454 1382 λόγονῗ
1494 1329 1630 1369 noluit
1658 1328 1773 1368 enim
1795 1327 1869 1365 ille

271 1395 446 1444 sapiens,
469 1406 565 1432 cum
587 1393 638 1431 de
662 1394 805 1432 arduis
824 1395 864 1431 et
890 1395 1049 1432 arcanis
1075 1394 1323 1445 loqueretur,
1347 1408 1370 1433 a
1389 1395 1573 1445 profanis
1598 1393 1793 1444 intelligi,
1816 1405 1869 1431 ne

272 1473 296 1497 a
319 1459 505 1498 delicatis
532 1459 710 1509 quidem,
736 1459 843 1497 sicut
868 1472 944 1496 nec
962 1459 1108 1498 caeteri
1131 1460 1390 1498 oraculorum
1413 1463 1609 1499 auctores.
1670 1460 1730 1497 At
1757 1458 1868 1503 sunt,

213 1534 250 1564 35
271 1525 445 1574 inquies,
469 1537 570 1574 quae
589 1524 641 1562 ab
669 1524 861 1562 omnibus
887 1524 1042 1574 percipi
1068 1524 1276 1574 intererat,
1298 1539 1434 1575 neque
1453 1525 1499 1563 in
1520 1521 1572 1564 iis
1591 1527 1633 1563 te
1652 1522 1870 1563 submittis

271 1590 323 1628 ad
356 1590 597 1639 popularem
631 1592 809 1639 captum,
844 1589 999 1628 mirum
1033 1590 1135 1640 quin
1166 1591 1215 1629 ad
1244 1590 1465 1641 plebeium.
1528 1590 1636 1629 Nam
1668 1603 1721 1629 ne
1754 1602 1872 1639 argu·

272 1658 463 1693 mentum
497 1655 667 1704 quidem
699 1653 797 1692 libri
829 1657 869 1692 et
901 1655 1120 1704 explicatio
1148 1669 1292 1695 earum
1323 1669 1463 1694 rerum
1494 1669 1595 1706 quae
1626 1655 1678 1693 ab
1709 1667 1799 1693 asse
1829 1656 1869 1692 et

272 1720 461 1771 partibus
485 1721 573 1759 eius
598 1722 774 1759 manant
799 1720 881 1758 nisi
908 1734 932 1758 a
954 1721 1193 1760 semidoctis
1219 1722 1515 1772 percipiuntur,
1538 1734 1583 1760 ac
1611 1735 1663 1759 ne
1690 1721 1742 1760 ab
1769 1720 1870 1770 ipsis

273 1787 443 1837 quidem
462 1779 560 1825 'nisi
597 1787 753 1824 attente
786 1786 1007 1836 iterunque
1040 1786 1286 1836 legentibus.
1346 1787 1525 1826 Nullum
1563 1785 1871 1825 intractabilius

272 1852 567 1903 argumentum
586 1851 807 1900 suscipere,
823 1851 996 1902 οὐδεμίαν
1015 1854 1447 1905 πολυπραγμονεστέραν
1465 1853 1644 1892 ὑπόθεσιν
1662 1851 1871 1891 ὑποθέσθαι

272 1918 494 1968 quisquam
521 1917 657 1966 potuit
686 1918 728 1955 et
755 1918 805 1956 ad
835 1920 1069 1956 extremum
1096 1919 1278 1968 proferre
1305 1921 1347 1957 et
1376 1919 1600 1958 absoluere.
1657 1917 1800 1967 Neque
1827 1916 1870 1955 id

272 1984 379 2021 mihi
396 1983 579 2032 primum
605 1982 650 2021 in
676 1985 863 2021 mentem
888 1983 1013 2030 venit,
1036 1985 1084 2022 vt
1107 1984 1348 2034 aggrederer
1374 1985 1590 2034 explicare.
1651 1983 1778 2022 Nulla
1803 1994 1869 2020 res

272 2048 356 2086 fere
390 2050 453 2087 tot
483 2061 632 2087 manus
663 2048 802 2087 irritas
832 2050 1000 2098 experta
1033 2050 1106 2087 est.
1168 2051 1247 2087 Οὐκ
1278 2051 1381 2088 ἔστιν
1411 2051 1482 2101 ὅτῳ
1512 2053 1584 2088 τῶν
1616 2049 1776 2098 δοκίμων
1810 2047 1871 2085 καὶ

272 2114 427 2160 ἐνδόξων
454 2117 526 2152 τῶν
552 2131 592 2152 τε
619 2113 698 2152 καθ’
722 2116 820 2164 ἡμᾶς
848 2115 909 2152 καὶ
935 2118 1007 2153 τῶν
1035 2115 1174 2153 ἄνωθεν
1198 2117 1239 2153 οὗ
1264 2115 1362 2154 τοῦτ’
1388 2113 1742 2168 ἐπολυπραγμονεῖτ’
1768 2114 1870 2160 αὐτὸ,

273 2178 348 2218 οὐδ’
367 2179 411 2218 ἂν
431 2180 492 2218 ἕνα
513 2181 628 2229 εὕροις
653 2180 704 2229 μὴ
731 2181 931 2228 σφαλέντα
956 2181 1030 2218 ἀπὸ
1054 2184 1128 2219 τῶν
1153 2182 1334 2231 θεμελίων
1357 2182 1443 2233 ἄχρι
1465 2184 1537 2219 τῶν
1560 2181 1742 2219 ἀνωτάτω·
1772 2179 1870 2229 ὅμως

271 2246 398 2296 μέντοι
417 2243 525 2285 αὐτὸς
542 2249 614 2283 τῶν
633 2246 804 2296 ἅγνώτων
823 2246 961 2297 σχεδὸν
982 2246 1031 2286 εἷς
1054 2246 1103 2284 ὢν
1129 2248 1190 2285 καὶ
1217 2250 1380 2296 ἀφανῶν,
1404 2247 1543 2286 τούτων
1566 2247 1679 2286 οὕτως
1699 2246 1871 2283 ἁπάντων

271 2311 509 2362 τετυχηκέναι
527 2327 591 2360 μοι
611 2310 704 2348 δοκῶ
725 2310 768 2348 δι’
787 2311 878 2349 ὅλον
902 2328 943 2349 τε
970 2311 1214 2361 κατορθῶσαι,
1236 2312 1326 2351 ὥστ’
1345 2312 1493 2364 ἐλέγξαι
1510 2328 1565 2352 τις
1582 2311 1805 2361 πειρώμενος
1822 2311 1870 2348 τὰ

272 2376 549 2428 συντεταγμένα
575 2375 635 2414 ὑπ’
666 2378 755 2426 ἐμοῦ
784 2378 849 2414 οὐκ
877 2376 922 2415 ἂν
951 2377 1089 2425 φθάνοι
1116 2378 1267 2427 πολλὴν
1295 2378 1480 2416 ἀναίδειάν
1508 2395 1549 2416 τε
1577 2377 1637 2415 καὶ
1666 2376 1872 2426 παράνοιαν

274 2443 415 2492 ὀφλών.

327 2506 445 2556 Quod
465 2507 516 2545 ad
541 2505 703 2556 reliqua
732 2507 911 2556 pertinet
938 2508 998 2546 Sic
1026 2508 1173 2547 sentio.
1233 2507 1350 2556 Quod
1379 2508 1687 2559 φιλομετάφορός
1710 2509 1784 2557 εἶμι
1809 2507 1870 2545 καὶ

272 2574 517 2622 πολύτροπος,
550 2571 592 2609 id
625 2585 724 2610 vero
755 2573 945 2622 exemplo
981 2586 1199 2623 procerum
1238 2573 1410 2612 Latinae
1443 2573 1608 2624 lInguae
1644 2573 1760 2622 facio,
1798 2572 1870 2622 qui

272 2637 538 2676 translationi
565 2637 723 2687 primas
753 2640 888 2687 partes
921 2637 966 2675 in
996 2638 1229 2677 elocutione
1257 2639 1459 2677 dederunt
1489 2639 1607 2689 eique
1637 2638 1867 2688 plurimum
1915 2685 1919 2688 ῃ

271 2703 352 2753 ipsi
379 2702 593 2741 scribendo
621 2702 915 2750 indulserunt;
946 2704 1053 2754 quod
1083 2705 1211 2744 etiam
1241 2705 1524 2755 φιλομετέωρος,
1554 2706 1620 2743 οὒκ
1648 2705 1778 2756 ἅνευγε
1803 2706 1870 2741 τοῦ

320 2838 391 2859 122.
418 2829 441 2863 β
458 2839 466 2859 :
488 2827 752 2868 ἑπιτητηδεῦσθαί
769 2831 805 2859 C:
831 2827 1060 2868 ἐπετηδεῦσθαῖ
1076 2832 1112 2862 F.
1162 2828 1256 2869 τήνδε
1271 2830 1305 2861 0²
1320 2841 1328 2861 :
1350 2829 1411 2868 τήν
1427 2842 1463 2860 τε
1479 2829 1523 2863 0¹.
1627 2840 1699 2870 125.
1724 2830 1768 2860 ab
1784 2830 1872 2870 ipsis

276 2874 349 2903 add.
368 2874 402 2906 β.
532 2881 603 2911 129.
628 2871 743 2902 ὡσανεὶ
761 2873 784 2902 0
796 2883 804 2902 z
827 2871 927 2903 εἰσαεὶ
942 2873 976 2907 β.
1114 2882 1185 2912 132.
1213 2873 1414 2905 Salomonis
1428 2875 1462 2908 β.
1594 2883 1663 2914 142.
1692 2873 1818 2904 Nullas
1833 2873 1868 2907 β.

279 2915 349 2952 146.
376 2914 428 2944 καὶ
455 2914 585 2954 ἀφανῶν
610 2917 685 2946 add.
714 2917 747 2950 β.
929 2925 998 2955 147.
1023 2915 1101 2947 ὅλου
1125 2918 1158 2951 β.
1338 2926 1411 2957 150.
1436 2915 1486 2947 καὶ
1511 2915 1708 2957 πολύτροπος
1734 2918 1810 2948 add.
1832 2916 1868 2950 β.

279 2965 349 2994 151.
375 2968 456 2988 vcro
475 2960 547 2989 add.
565 2960 599 2992 Β.
736 2968 808 2997 152.
835 2957 898 2990 (7¹1¹
910 2971 917 2990 :
941 2961 1177 2992 translatione
1196 2958 1243 2992 0².
1299 2961 1404 3001 eique
1419 2962 1466 2996 B:
1489 2961 1603 3000 iisque
1621 2963 1651 2991 C.

798 3046 867 3075 132.
893 3036 1109 3078 Solomonis]
1135 3040 1226 3069 Pron.
1245 3049 1296 3078 25.
1314 3049 1344 3068 2.
