2010 3417
223 150 304 189 286
687 148 937 186 LETTERS
976 148 1046 187 OF
1084 148 1351 188 ERASMUS
1691 148 1815 203 [1516

223 260 348 308 potes,
378 257 525 295 ludum
554 256 697 295 statim
725 256 868 304 aperui
896 269 941 294 ac
970 256 1015 294 in
1043 256 1409 306 Longobardorum
1437 259 1651 307 gymnasio
1680 259 1818 309 palam

222 322 408 372 profiteri
436 322 558 371 coepi,
591 335 676 359 non
707 321 798 359 sine
825 322 952 359 etiam
980 321 1126 369 laude;
1165 321 1242 360 hoc
1270 334 1440 372 possum
1469 322 1557 361 sine
1587 325 1820 373 arrogantia

163 402 203 433 45
223 387 368 425 dicere.
431 387 510 425 Sed
543 399 610 424 me
642 385 836 436 protinus
865 386 1032 435 magnis
1065 386 1255 436 precibus
1289 386 1399 425 nihil
1430 400 1515 425 non
1545 387 1745 436 pollicens
1775 389 1820 426 in

224 451 491 490 Nauarricam
531 451 778 501 palaestram
816 451 986 501 pellexit
1024 451 1248 500 primarius
1288 452 1377 490 eius
1414 452 1505 498 loci,
1545 452 1618 491 vbi
1656 452 1820 491 Parthi-

222 516 380 555 sianam
399 517 662 555 iuuentutem
681 516 950 555 erudiendam
970 516 1153 564 tradidit,
1177 530 1282 555 onus
1300 517 1444 566 procul
1468 517 1595 556 dubio
1614 518 1821 558 tediosum

222 583 264 620 et
296 595 431 632 graue.
502 581 650 632 Itaque
683 595 777 620 cum
811 595 956 621 sumus
985 582 1057 620 isti
1089 583 1257 632 negocio
1290 582 1514 632 plusquam
1547 582 1654 621 mihi
1686 583 1823 632 placet

223 646 402 696 obnoxii,
437 647 600 686 decreui
633 647 769 686 denuo
789 647 835 685 in
869 647 1105 686 libertatem
1138 660 1276 686 meme
1306 647 1499 697 recipere.
1571 648 1678 687 Nam
1713 648 1822 698 quod

164 726 205 758 50
222 712 330 762 apud
357 712 583 751 Britannos
607 712 800 762 ferebam,
822 712 921 752 huic
947 713 1162 752 neminem
1188 727 1322 763 neque
1341 713 1489 752 subiici
1513 726 1646 764 neque
1665 713 1823 753 obtem·

222 790 365 829 perare
384 778 526 817 velim.

278 842 322 881 Si
341 843 439 893 quid
459 845 506 881 tu
521 857 589 882 me
603 843 796 892 volueris,
816 843 925 882 nihil
945 843 1051 882 mihi
1065 844 1192 882 fuerit
1212 844 1382 883 suauius
1397 857 1523 893 quam
1540 845 1735 883 mandata
1749 847 1821 883 tua

223 907 539 958 diligentissime
558 909 715 959 exequi.
774 908 892 947 Alias
912 909 1101 959 pluribus
1126 910 1177 948 ad
1203 911 1245 948 te
1271 909 1462 948 scribam.
1522 910 1701 948 Interim
1719 910 1823 948 istec

222 986 351 1023 pauca
370 974 490 1023 aequi
514 974 697 1024 bonique
719 975 908 1013 consulas
931 975 1069 1014 velim.
1129 974 1310 1013 Faustus
1336 977 1378 1013 et
1404 975 1539 1013 Faber
1556 977 1598 1014 te
1624 975 1819 1014 salutant.

165 1054 204 1087 55
224 1038 269 1077 Si
297 1038 508 1077 Viterium
540 1041 664 1077 tuum
697 1053 821 1088 quam
853 1040 1008 1089 optime
1040 1039 1176 1079 valere
1210 1040 1336 1090 cupis,
1370 1040 1593 1091 diligenter
1626 1053 1744 1080 cures
1774 1042 1821 1080 vt

225 1117 349 1154 quam
370 1105 526 1153 optime
545 1105 696 1144 valeas.

279 1170 343 1208 Ex
362 1170 586 1209 Parrhisiis
606 1176 661 1217 40.
685 1183 817 1209 nonas
835 1170 1020 1220 Augusti
1044 1172 1160 1218 1516.

675 1339 774 1377 445.
837 1335 969 1377 FROM
1001 1335 1195 1377 THOMAS
1228 1335 1368 1377 GREY.

272 1426 456 1461 Deventer
474 1425 551 1460 MS.
571 1436 627 1470 91,
647 1426 672 1462 f.
695 1426 758 1472 165
778 1430 829 1461 v0.
1536 1426 1651 1461 Paris.

271 1484 343 1518 LB.
363 1485 458 1530 App.
477 1494 533 1529 73.
1416 1493 1432 1530 5
1453 1484 1600 1530 August
1621 1483 1775 1531 (1516).

705 1554 1004 1595 [Contemporary
1021 1554 1111 1584 with
1130 1555 1195 1594 Ep.
1214 1553 1308 1594 444]

593 1673 777 1704 THOMAS
808 1674 971 1705 GREIVS
1003 1673 1181 1704 DOMINO
1212 1673 1391 1704 ERASMO
1423 1674 1457 1705 S.

279 1756 477 1794 TAMETsr
508 1768 591 1793 non
634 1769 815 1805 possum,
857 1756 998 1794 anime
1039 1755 1110 1804 mi,
1151 1755 1229 1793 tibi
1268 1755 1311 1793 id
1348 1755 1458 1804 quod
1501 1755 1633 1794 sentio
1671 1755 1824 1794 litteris

224 1820 463 1870 significare,
505 1834 634 1870 quum
671 1823 837 1871 propter
880 1823 951 1859 tua
988 1822 1210 1859 innumera
1251 1820 1449 1858 beneficia
1487 1820 1824 1871 ineffabilemque

224 1899 386 1936 semper
424 1899 518 1936 erga
554 1899 622 1924 me
657 1887 768 1935 (licet
800 1886 1026 1936 immerito)
1058 1885 1394 1924 beneuolentiam
1426 1899 1471 1923 ac
1504 1885 1820 1936 benignitatem,

223 1953 316 1990 tum
348 1954 516 2001 propter
545 1952 754 1990 doctrinae
783 1955 824 1990 et
853 1952 1059 1990 bonarum
1086 1952 1322 1990 litterarum
1350 1951 1547 2001 inopiam,
1579 1954 1721 1990 tamen
1750 1955 1824 1992 tua

187 2033 204 2064 5
225 2017 426 2067 singulari
440 2017 703 2056 humanitate
718 2017 849 2056 fretus
864 2018 942 2056 tibi
956 2017 1178 2056 rescribere
1194 2016 1370 2055 minime
1385 2017 1568 2055 verebor.
1609 2018 1825 2068 Principio

225 2096 390 2132 nanque
411 2085 586 2132 quantas
605 2083 810 2121 maximas
829 2083 1059 2133 excogitare
1079 2083 1185 2130 licet,
1208 2082 1286 2120 tibi
1312 2095 1361 2120 ex
1384 2082 1524 2120 animo
1544 2082 1678 2121 habeo
1699 2085 1823 2133 atque

225 2161 300 2198 ago
333 2148 496 2197 gratias,
532 2148 809 2186 nihilominus
843 2149 965 2198 longe
998 2148 1082 2186 tuis
1116 2148 1276 2186 meritis
1308 2147 1496 2196 impares.
1565 2147 1673 2195 Quid
1709 2149 1822 2186 enim

225 2213 318 2251 istis
349 2215 436 2251 tam
469 2212 560 2262 piis,
594 2215 682 2251 tam
715 2213 906 2263 benignis
939 2213 1111 2263 dignum
1147 2212 1366 2262 excogitari
1399 2213 1566 2262 possit?
1633 2213 1823 2252 Profecto

226 2278 343 2316 nihil.
403 2277 511 2316 Nam
531 2279 578 2315 vt
597 2278 789 2316 omittam
811 2291 914 2327 quae
933 2278 1106 2316 antehac
1128 2278 1236 2316 facta
1255 2279 1365 2324 sunt,
1388 2290 1544 2326 nequeo
1565 2290 1633 2315 me
1655 2278 1822 2317 hercule

171 2359 208 2380 10
225 2343 453 2393 exprimere
473 2344 652 2392 quantus
670 2345 839 2381 tuorum
864 2343 910 2381 in
936 2356 1002 2381 me
1029 2343 1324 2382 beneficiorum
1347 2343 1527 2381 accreuit
1554 2343 1746 2382 cumulus
1772 2357 1834 2383 ex.

224 2408 488 2448 suauissimis
530 2409 614 2446 tuis
661 2407 816 2446 litteris
860 2408 1023 2446 Basilea
1069 2408 1118 2446 ad
1158 2421 1225 2446 me
1264 2408 1399 2455 datis3
1448 2408 1601 2457 quibus
1637 2410 1822 2447 veterem

268 2517 343 2547 444.
371 2518 421 2554 46.
450 2517 527 2547 eius
543 2519 664 2553 scripsi.
679 2517 785 2553 cf.Ep.
800 2526 875 2554 443.
891 2526 910 2555 5
926 2528 956 2548 η.
971 2529 977 2547 z
997 2517 1098 2547 cuius
1112 2519 1180 2547 MS.
1198 2528 1203 2546 z
1228 2516 1336 2547 huius
1353 2519 1415 2548 ΖΒ.
1550 2526 1603 2555 50.
1631 2517 1715 2548 huic
1731 2520 1798 2548 MS.
1815 2530 1820 2548 :

224 2561 281 2592 hic
297 2563 360 2591 LB.
451 2561 636 2590 neminem
648 2563 758 2597 scripsi
774 2561 919 2600 (neimy
944 2563 1042 2591 nemi
1056 2562 1126 2592 MS.
1216 2560 1290 2592 445.
1316 2561 1347 2591 6.
1374 2561 1565 2600 excogitari
1581 2563 1670 2592 MS:
1696 2564 1821 2592 correxi.

268 2661 343 2692 444.
363 2671 416 2699 43.
445 2659 773 2700 Longobardorum]
798 2660 831 2690 A
855 2659 991 2700 college
1150 2658 1360 2699 primarius]
1397 2660 1502 2690 Peter
1524 2659 1651 2697 Duval‚
1679 2659 1821 2698 Master,

226 2705 383 2736 founded
403 2704 458 2735 for
480 2714 565 2743 poor
586 2704 738 2734 Italians
761 2706 797 2734 at
818 2704 918 2734 Paris
950 2704 997 2743 by
1064 2713 1103 2733 or
1120 2703 1319 2734 Moderator
1332 2703 1537 2742 primarius,
1554 2704 1592 2734 of
1603 2704 1665 2734 the
1684 2703 1822 2743 College

226 2749 385 2779 Andrew
422 2748 533 2778 Ghini
569 2748 606 2778 of
639 2747 816 2782 Florence,
848 2747 910 2787 Bp.
960 2748 999 2778 of
1064 2747 1102 2777 of
1136 2747 1303 2785 Navarre,
1348 2748 1501 2786 1503-18.
1566 2748 1632 2778 See
1671 2747 1819 2784 Launoi‚

227 2793 345 2831 Arras,
364 2792 436 2822 and
454 2791 557 2821 three
573 2791 694 2821 others
712 2791 751 2821 in
772 2790 863 2831 133}
1061 2800 1121 2830 pp.
1137 2801 1202 2830 229
1218 2790 1289 2821 and
1304 2791 1413 2829 98172.

270 2837 322 2873 46.
350 2833 599 2874 Nauarricam]
625 2834 658 2864 A
679 2834 811 2873 college
834 2834 991 2864 founded
1104 2844 1156 2873 50.
1182 2834 1278 2874 apud
1301 2834 1514 2874 Britannos]
1538 2833 1587 2864 At
1611 2833 1748 2872 Calais;
1778 2832 1821 2863 cf.

225 2880 262 2908 at
294 2878 395 2909 Paris
424 2888 471 2908 on
508 2888 527 2908 a
560 2878 793 2917 magnificent
823 2878 914 2907 scale
945 2879 992 2917 by
1060 2877 1123 2917 Ep.
1144 2880 1218 2917 528.

225 2921 374 2961 Jeanne⁷
393 2922 514 2960 Queen
538 2922 576 2952 of
595 2922 751 2952 Navarre
769 2921 841 2951 and
859 2921 940 2951 wife
958 2921 996 2951 of
1103 2931 1157 2960 54.
1182 2920 1349 2961 Faustus]
1371 2920 1611 2957 Andrelinus;
1636 2929 1690 2950 see
1703 2919 1765 2959 Ep.
1778 2919 1819 2957 84

227 2964 349 3003 Philip
358 2974 396 2994 1v
405 2964 642 3004 ofFrance‚in
660 2965 751 3005 130}
768 2964 988 3003 SeeLaunoi‚
1058 2965 1192 2995 introd.

227 3009 315 3045 Regna·
332 3010 500 3037 Naum-rae
518 3011 685 3044 Gynmasiz·
699 3011 850 3047 Historia,
873 3009 965 3047 1677.
1145 3007 1270 3046 Faber]
1295 3007 1542 3047 Stapulensis;
1566 3016 1620 3037 see
1637 3015 1672 3045 p.
1687 3014 1741 3043 37.
