2010 3417
95 169 196 224 564]
547 171 700 211 FROM
739 172 970 211 MARIAN
1011 172 1157 212 ACCA
1163 172 1238 211 RD
1610 171 1689 209 525

93 281 146 319 de
193 281 378 320 nominis
423 282 505 320 mei
542 282 859 321 immortalitate
897 281 1139 320 dubitabit?
1195 282 1274 321 Sed
1317 282 1421 321 heus
1457 284 1517 329 tu,
1557 280 1691 319 multo

90 346 354 385 ambitiosior
377 359 483 389 sum.
506 349 552 385 vt
578 347 756 397 ingenue
783 348 923 395 fatear,
948 360 1073 396 quam
1101 347 1166 385 vel
1196 359 1270 396 ego
1295 347 1523 397 exprimere
1552 348 1624 386 aut
1642 349 1688 385 tu

94 412 258 450 credere
290 424 439 461 posses.
497 412 606 450 Nam
639 412 746 450 nihil
780 412 914 462 magis
947 415 1009 450 est
1040 412 1084 450 iu
1116 412 1226 451 votis
1256 425 1380 462 quam
1414 412 1523 461 quod
1559 411 1690 450 nostri

93 475 244 514 saeculi
263 476 454 515 homines
469 476 706 525 ignorarent
724 479 766 516 te
785 491 833 515 eo
852 477 1019 526 ingenio
1041 489 1130 515 esse
1150 477 1258 526 quod
1279 477 1463 515 multum
1483 476 1689 515 amiciciae

94 541 251 580 tribuas
271 542 461 591 quodque
479 542 523 579 in
543 542 773 580 amicorum
793 541 985 580 laudibus
1004 543 1177 580 modum
1195 542 1378 580 excedas.
1449 541 1689 580 posteritati

93 620 189 644 vero
209 606 330 645 facile
350 606 549 656 impones,
571 620 676 656 quae
694 608 742 645 vt
761 607 805 644 in
831 607 1025 645 omnibus
1044 609 1084 645 te
1103 607 1369 645 verissimum
1389 607 1448 644 rei
1467 606 1690 646 litterariae

93 671 297 710 arbitrum
315 674 518 720 agnoscet,
542 672 709 721 itaque†
729 674 770 710 et
789 671 941 721 absque
961 671 1047 710 vllo
1067 672 1161 710 fuco
1181 671 1334 710 amicos
1354 671 1588 710 laudauisse
1608 672 1688 710 sibi

91 735 365 786 persuadebit.
439 736 529 784 Qua
555 736 723 786 quidem
748 749 821 786 spe
843 736 1018 774 allectus
1037 736 1238 785 pudorem
1259 749 1382 786 quem
1402 736 1510 774 mihi
1529 736 1688 785 elegan-

91 800 251 840 tissime
269 800 432 840 litterae
450 803 544 840 tuae
563 802 762 847 fecerunt,
782 814 934 851 susque
957 802 1088 852 deque
1114 802 1202 840 feci.
1276 802 1369 840 Non
1389 802 1502 839 enim
1523 801 1689 840 inficior

89 866 199 916 quod
232 866 304 916 qui
333 868 375 904 te
405 879 553 916 meque
586 869 741 905 norunt
773 866 868 905 illas
899 867 1083 916 legentes
1111 867 1156 904 in
1184 879 1251 904 me
1281 867 1454 916 pauonis
1481 866 1689 916 pennibus

89 931 236 969 induto
255 932 472 981 graculum
500 932 731 981 inspicient.
790 932 952 970 Posteri
981 945 1079 970 vero
1107 944 1312 981 pauonem
1335 931 1462 969 fuisse
1487 933 1684 975 asserent,

90 1008 239 1046 meque
265 1009 288 1034 a
309 999 428 1035 tanto
453 997 542 1035 viro
570 996 786 1035 laudatum
811 996 880 1045 (ob
908 996 1017 1046 quod
1044 1009 1186 1035 manes
1212 996 1294 1034 mei
1312 995 1505 1045 gestient)
1525 994 1688 1034 felicem

90 1061 343 1100 iudicabunt.
393 1062 486 1111 Ago
505 1061 635 1112 igitur
653 1061 732 1099 tibi
752 1061 904 1110 gratias
921 1060 1198 1099 immortaleis
1219 1059 1468 1099 immortalis
1488 1060 1687 1099 beneficio

89 1125 197 1176 (tuo)
216 1127 396 1175 effectus,
419 1126 528 1176 quod
554 1139 623 1164 me
649 1126 700 1164 ab
725 1125 878 1164 iniuria
903 1126 1127 1164 obliuionis
1155 1126 1388 1172 asserueris,
1419 1127 1461 1163 et
1487 1126 1536 1164 de
1563 1125 1688 1164 hono-

90 1192 204 1230 rifica
223 1191 436 1230 mentione
455 1190 551 1238 mei,
573 1204 696 1241 quam
716 1191 760 1228 in
780 1190 932 1229 litteris
951 1191 1003 1229 ad
1024 1191 1242 1230 Budaeum
1260 1191 1402 1239 fecisti,
1427 1204 1522 1229 cum
1542 1193 1686 1240 potero

89 1256 365 1295 libentissime
412 1256 632 1294 relaturus.
716 1255 806 1304 Ego
859 1255 909 1293 ad
956 1268 1149 1305 praesens
1196 1256 1258 1293 tot
1305 1256 1456 1293 obruor
1503 1255 1686 1304 negociis

90 1321 334 1372 Siculaeque
359 1335 426 1360 res
454 1321 554 1360 adeo
583 1334 650 1358 me
670 1322 916 1370 occupatum
940 1322 1096 1367 tenent,
1117 1322 1164 1359 vt
1192 1320 1264 1359 vix
1292 1319 1521 1369 respirandi
1547 1320 1685 1358 ocium

90 1386 196 1425 mihi
223 1387 290 1426 sit.
349 1387 455 1426 Cum
484 1399 552 1424 me
581 1386 778 1424 extricare
806 1387 957 1435 potero,
994 1385 1044 1423 ad
1073 1398 1146 1424 vos
1171 1385 1250 1432 ibo,
1274 1387 1320 1424 vt
1350 1385 1502 1423 tercius
1531 1385 1613 1422 sim
1641 1385 1684 1422 in
1729 1398 1742 1428 ,-

85 1451 273 1490 amicicia
290 1451 456 1489 Erasmi
475 1458 513 1489 et
532 1450 648 1488 Petri
667 1450 835 1500 Aegidii
855 1464 864 1497 ;
893 1464 974 1500 quo
989 1450 1094 1488 mihi
1113 1449 1174 1488 nil
1191 1450 1355 1488 charius
1374 1452 1446 1488 aut
1465 1449 1686 1499 optabilius

85 1516 253 1554 euenire
283 1518 432 1566 posset.
493 1515 672 1554 Interim
701 1515 764 1563 da,
797 1528 957 1565 quaeso,
989 1516 1039 1554 ad
1067 1529 1134 1554 me
1164 1515 1323 1554 litteras
1351 1517 1394 1553 et
1422 1528 1489 1553 eas
1517 1514 1685 1564 quidem

88 1594 214 1631 quam
234 1581 510 1631 longissimas.
572 1581 682 1619 Tuae
701 1580 814 1618 enim
843 1594 924 1630 quo
954 1580 1171 1630 longiores,
1204 1594 1252 1619 eo
1279 1580 1504 1630 gratiores:
1542 1582 1684 1630 est-que

88 1646 174 1684 illis
201 1647 404 1695 peculiare
427 1646 536 1696 quod
562 1658 779 1695 nunquam
805 1646 970 1688 satiant.
1000 1646 1370 1695 occupationesque
1400 1658 1515 1684 meas
1540 1645 1684 1683 statim

87 1711 321 1750 eleuabunt.
377 1712 493 1759 Vale,
521 1711 737 1761 Vtriusque
762 1711 926 1760 linguae
951 1710 1071 1749 facile
1097 1711 1300 1761 princeps,
1330 1724 1478 1760 meque
1506 1712 1552 1748 vt
1577 1709 1684 1749 soles
1704 1723 1720 1753 3

86 1789 192 1815 ama.
252 1776 378 1815 Petro
397 1776 575 1826 Aegidio
594 1789 687 1814 meo
707 1777 878 1814 nomine
903 1775 1081 1814 salutem
1101 1776 1326 1824 impartire.

145 1842 206 1879 Ex
228 1840 424 1879 Bruxella
442 1840 595 1890 raptim
615 1840 698 1879 Cal.
721 1840 881 1890 Aprilis
906 1851 1018 1888 1517.

492 2009 590 2048 565.
655 2006 788 2047 FRon
820 2006 972 2046 PETER
1001 2006 1273 2046 BARBIRIUS.

137 2108 320 2144 Deventer
335 2106 412 2142 MS.
432 2117 487 2152 91,
509 2107 535 2141 f.
559 2116 634 2152 159.
1407 2107 1585 2143 Brussels.

138 2166 207 2202 LB.
225 2167 320 2211 App.
342 2167 395 2212 56.
1360 2176 1379 2209 3
1399 2165 1508 2210 April
1530 2166 1630 2211 1512.

643 2234 729 2275 [Not
746 2234 830 2274 long
845 2233 938 2265 after
955 2234 1019 2273 Ep.
1036 2234 1128 2274 532]

415 2343 583 2373 PETRVS
613 2342 858 2373 BARBIRIVS
891 2343 1069 2373 DOMINO
1100 2343 1281 2374 ERASMO
1311 2344 1344 2373 S.

142 2438 288 2481 SALVE,
310 2436 546 2474 doctissime
572 2435 738 2473 domine
765 2435 826 2472 mi
846 2435 1030 2474 Erasme.
1080 2435 1209 2473 Binas
1235 2434 1385 2474 abhinc
1410 2435 1568 2484 aliquot
1591 2435 1678 2473 dies

84 2501 159 2540 abs
187 2503 228 2539 te
255 2501 389 2550 recepi
416 2500 602 2548 litteras;
632 2500 783 2550 quibus
810 2500 933 2550 paulo
961 2513 1084 2549 quam
1112 2513 1290 2549 aequum
1312 2500 1419 2538 forte
1443 2500 1518 2538 tibi
1544 2499 1677 2538 videri

87 2566 218 2616 possit
238 2566 394 2604 tardius
414 2565 617 2615 respondi.
670 2565 749 2603 Sed
770 2567 876 2603 certe
896 2564 938 2603 id
954 2565 1087 2603 effecit
1108 2567 1200 2602 tum
1219 2565 1397 2603 adeundi
1416 2564 1574 2603 domini
1592 2565 1677 2603 mei

86 2631 313 2677 difficultas,
336 2632 429 2668 tum
449 2643 541 2668 mea
558 2630 657 2668 hinc
683 2630 843 2678 aliquot
868 2629 1010 2667 diebus
1038 2629 1232 2667 absentia.
1311 2629 1549 2667 Iucundum
1578 2642 1676 2667 sane

88 2696 165 2734 fuit
184 2699 225 2734 et
247 2695 430 2733 Guidoni
449 2696 490 2733 et
503 2695 607 2732 mihi
626 2696 698 2733 tua
716 2694 939 2744 aliquando
957 2694 1024 2732 hic
1043 2694 1283 2744 praesentia,
1299 2696 1340 2733 at
1356 2694 1535 2744 profecto
1556 2693 1676 2733 nobis

130 2810 205 2841 564.
232 2819 281 2847 14.
309 2809 394 2848 itam
417 2811 498 2839 MS:
521 2810 597 2839 ‘?ita
612 2818 693 2839 vere
806 2818 853 2847 17.
880 2808 1011 2849 pennis
1026 2807 1199 2839 indutum
1215 2811 1339 2845 scripsit
1353 2810 1415 2839 ΕΒ.
1522 2819 1576 2841 20.
1600 2809 1676 2849 Ago

86 2853 288 2925 scripsiiBAt
303 2854 372 2883 MS.
438 2851 676 2883 immortaleis
691 2854 760 2883 MS.
830 2851 1046 2883 immortalis
1062 2854 1142 2882 MS:
1167 2852 1365 2882 immortali
1382 2854 1445 2882 ΕΒ.
1537 2862 1575 2883 21
1595 2853 1675 2883 affe-

84 2900 163 2927 ctus
179 2899 201 2926 L
235 2919 241 2926 .

129 3014 202 3044 504.
227 3023 278 3044 22.
304 3012 454 3053 litteris]
480 3012 543 3052 Ep.
563 3020 636 3051 531.
657 3021 720 3051 520
736 3021 807 3050 seq.
1044 3011 1119 3042 565.
1144 3021 1174 3051 3.
1199 3010 1355 3052 domini]
1380 3011 1427 3042 Le
1444 3011 1613 3052 Sauvage.

1713 420 1750 442 10

1711 747 1746 776 15

1710 1072 1748 1093 20
