2010 3417
107 173 202 227 347]
598 175 751 216 FROM
790 175 1014 216 MARTIN
1050 175 1201 215 DORP
1616 177 1693 216 129

105 287 251 337 genter
269 285 488 325 obseruent
506 285 698 325 homines
717 286 834 336 pacta
854 285 1069 324 literarum
1095 287 1259 335 accepta
1278 297 1301 323 a
1319 284 1524 335 prioribus
1544 284 1694 325 locuto-

106 350 222 391 ribus
242 353 283 391 et
301 365 325 391 a
343 353 384 390 te
404 353 569 402 accepta
589 353 728 390 eterna
746 352 863 402 pacta
882 351 1100 401 perpetuae
1127 350 1274 389 salutis
1294 350 1530 401 negligant:
1557 353 1603 390 vt
1624 352 1696 402 qui

106 415 178 454 illa
206 429 403 456 sonorum
421 418 560 456 vetera
587 415 738 466 placita
766 415 904 455 teneat
933 417 1004 454 aut
1034 415 1187 460 doceat,
1209 414 1245 453 si
1269 417 1412 454 contra
1437 415 1697 466 disciplinam

106 481 374 531 gramaticam
406 482 494 521 sine
527 481 772 532 aspiratione
805 481 936 531 prime
969 480 1138 520 sillabae
1171 481 1338 520 ominem
1370 481 1531 529 dixerit,
1566 480 1698 532 magis
1716 493 1759 527 90

109 545 324 596 displiceat
343 546 584 586 hominibus
610 559 735 596 quam
760 546 796 584 si
822 548 966 585 contra
992 547 1064 584 tua
1089 546 1302 595 praecepta
1320 545 1534 586 hominem
1554 546 1696 594 oderit,

109 624 205 650 eum
225 611 280 650 sit
298 611 424 650 homo
439 611 458 651 ’.

164 676 355 716 Ceterum
393 689 478 714 non
515 675 635 714 video
672 687 744 713 cur
780 675 882 713 adeo
912 674 1110 724 pestilens
1148 687 1234 713 esse
1265 675 1378 714 dicas
1410 677 1451 714 et
1479 676 1628 715 studiis
1659 679 1701 715 et

112 740 299 780 moribus
325 753 484 779 nouum
512 740 589 779 hoc
618 739 906 789 theologorum
933 752 1074 789 genus.
1134 740 1244 789 Ergo
1270 740 1510 789 pestilentes
1532 741 1702 780 fuerunt

111 806 302 845 ecclesiae
330 805 407 845 Dei
434 807 497 844 tot
525 805 605 845 viri
632 804 777 853 sancti,
805 804 999 853 Thomas,
1026 804 1331 853 Bonauentura,
1354 805 1697 854 Altisidiorensis‚
1720 815 1759 848 95

112 870 238 920 Hugo
266 872 307 909 et
334 869 406 909 alii
432 869 661 921 permulti?
716 870 825 919 Ergo
853 868 1098 919 pestilentes
1131 869 1233 908 item
1265 870 1436 909 fuerunt
1468 871 1703 921 quicunque

112 935 229 974 mille
256 935 407 974 abhinc
435 936 558 974 annis
585 947 699 974 sacra
726 936 1041 974 tractauerunt‘?
1095 934 1228 985 Atqui
1257 934 1439 974 Ecclesia
1463 935 1566 975 istos
1584 936 1703 987 pesti-

112 1000 244 1040 lentes
263 1000 448 1050 catalogo
473 1002 713 1039 sanctorum
738 999 961 1050 asscripsit,
984 1001 1023 1038 et
1050 998 1197 1038 diuum
1227 999 1432 1039 Thomam
1462 1000 1629 1051 quidem
1652 1000 1703 1039 ob

113 1066 320 1105 doctrinae
349 1065 612 1104 diuinitatem
642 1065 862 1116 quandam.
921 1065 1023 1104 Cum
1055 1064 1167 1104 enim
1204 1063 1282 1114 <de
1309 1065 1385 1115 eo>
1421 1067 1461 1104 et
1494 1064 1705 1104 miraculis

114 1131 204 1170 eius
223 1132 412 1181 ageretur
431 1131 476 1169 in
496 1130 767 1170 cardinalium
793 1131 922 1178 coetu,
945 1130 1158 1180 respondit
1185 1129 1381 1169 Pontifex
1400 1144 1474 1181 pro
1493 1129 1706 1169 miraculis
1726 1142 1786 1165 100

115 1208 204 1234 esse
232 1196 480 1246 questiones,
511 1209 612 1246 quas
646 1195 788 1234 diuino
820 1195 987 1246 ingenio
1020 1195 1194 1245 scriptas
1230 1194 1479 1245 reliquisset.
1540 1195 1596 1234 Et
1624 1208 1705 1246 quo

117 1261 390 1300 medicamine
418 1261 494 1300 hec
532 1261 662 1311 pestis
694 1260 905 1300 curabitur
933 1274 1011 1310 que
1043 1262 1132 1299 tam
1164 1259 1248 1299 late
1281 1261 1487 1299 mundum
1520 1260 1707 1300 inuasit?

117 1326 235 1375 Quod
264 1325 299 1365 si
328 1325 512 1375 theologi
540 1326 781 1376 pestilentes
810 1326 895 1366 sint
923 1325 1119 1371 moribus,
1142 1325 1250 1375 quod
1277 1325 1403 1365 sacris
1428 1338 1595 1376 poeseos
1621 1338 1707 1364 non

116 1393 215 1430 sunt
233 1390 400 1440 initiati,
422 1391 521 1441 quid
541 1390 859 1430 iurisconsulti?
888 1390 985 1442 quid
1005 1390 1190 1430 medici?
1244 1391 1314 1429 An
1339 1390 1402 1428 illi
1429 1390 1511 1429 iuri
1530 1390 1708 1429 dicundo

117 1456 395 1495 censebuntur
413 1456 560 1503 idonei,
582 1456 654 1495 isti
673 1456 912 1506 potionibus
937 1455 1212 1503 conficiendis,
1236 1456 1307 1506 qui
1333 1455 1469 1494 nescio
1495 1469 1549 1494 an
1575 1455 1709 1494 multo
1731 1469 1789 1501 105

117 1521 284 1572 longius
319 1535 343 1560 a
379 1522 504 1561 sacris
542 1521 630 1560 illis
666 1521 829 1561 absunt.
890 1521 1108 1561 Praeterea
1145 1520 1342 1560 Pontifex
1380 1521 1468 1571 ipse
1505 1533 1706 1567 summus,

118 1587 358 1635 cardinales,
381 1587 571 1638 episcopi,
594 1586 778 1635 abbates,
798 1600 870 1626 cur
895 1600 980 1625 non
1007 1587 1084 1625 hoc
1111 1588 1318 1633 statuunt,
1337 1599 1390 1625 ne
1409 1585 1503 1636 quis
1522 1587 1568 1625 in
1587 1599 1709 1625 suum

119 1652 307 1690 ordinem
335 1653 535 1691 referatur
563 1653 634 1703 qui
662 1653 716 1691 sit
745 1653 945 1691 amusus‘?
1001 1652 1057 1690 Et
1075 1651 1328 1702 praestiterit
1355 1652 1460 1690 forte
1487 1665 1537 1690 ex
1564 1651 1711 1690 mediis

121 1717 268 1756 Turcis
295 1730 498 1756 accersere
515 1718 626 1757 viros
654 1717 892 1767 eloquentes
917 1716 1037 1756 bonis
1061 1716 1195 1756 literis
1218 1715 1406 1755 absolute
1425 1716 1618 1763 eruditos,
1641 1715 1712 1765 qui

121 1782 197 1820 Dei
235 1781 448 1820 ecclesiam
485 1781 710 1829 illustrent,
739 1782 817 1821 hoc
853 1784 916 1821 est
952 1781 1111 1820 fabulas
1150 1781 1298 1830 Ouidii,
1327 1781 1480 1831 Apulei
1516 1781 1713 1828 Asinum,
1733 1792 1792 1814 110

121 1845 289 1884 Lutiani
328 1847 490 1885 somnia
522 1847 685 1896 publice
723 1847 920 1895 doceant;
964 1846 1169 1896 siquidem
1210 1845 1351 1884 literae
1388 1858 1523 1884 sacrae
1566 1845 1713 1884 Latine

124 1909 293 1960 quidem
319 1910 493 1960 scriptae
521 1912 620 1950 sunt
646 1911 827 1959 barbare,
850 1911 1099 1950 dormitante
1123 1911 1370 1960 interprete;
1402 1911 1554 1949 Graece
1573 1912 1713 1949 autem

124 1975 354 2025 dispeream
381 1975 417 2013 si
445 1975 614 2014 Lutiani
642 1976 887 2026 elegantiam
916 1977 1194 2026 assequantur.
1253 1975 1511 2014 Praestiterit
1538 1975 1640 2015 item
1669 1976 1714 2014 in

123 2040 304 2090 publicis
341 2040 568 2090 gymnasiis
604 2041 839 2091 Vergilium
878 2041 989 2091 (nam
1026 2041 1062 2079 is
1097 2043 1159 2080 est
1197 2053 1387 2079 summus
1419 2042 1635 2090 poetarum
1668 2053 1714 2079 ac

126 2106 264 2144 nescio
283 2119 338 2144 an
357 2106 655 2156 prophetarum
675 2106 816 2156 etiam)
836 2106 990 2156 prelegi
1018 2106 1069 2145 iis
1099 2105 1170 2156 qui
1196 2118 1333 2144 sacrae
1360 2105 1594 2156 Scripturae
1614 2105 1716 2156 peri-
1737 2119 1792 2151 115

123 2171 226 2209 tiam
245 2170 451 2210 affectant.
500 2170 579 2210 Sed
599 2171 695 2210 audi
713 2171 1000 2221 Augustinum
1020 2171 1062 2210 li.
1086 2178 1127 2208 10
1147 2169 1474 2217 Confessionum,
1497 2170 1630 2221 capite
1654 2173 1712 2220 16,

123 2235 362 2285 loquentem
378 2235 428 2274 de
443 2236 614 2286 poeticis
627 2236 945 2287 Homericisque
959 2235 1193 2286 figmentis:
1219 2235 1274 2274 ‘O
1289 2236 1446 2274 fiumen
1458 2235 1712 2284 Tartareum,

126 2300 331 2339 iactantur
359 2301 404 2339 in
433 2302 474 2339 te
502 2300 582 2339 filii
609 2301 845 2341 hominum.
902 2301 969 2341 Ita
996 2314 1093 2340 vero
1122 2314 1208 2340 non
1237 2313 1573 2351 cognosceremus
1590 2301 1716 2339 verba

126 2365 214 2412 hec,
247 2365 433 2404 Imbrem
466 2379 639 2405 aureum
670 2368 712 2405 et
744 2367 949 2418 gremium
988 2368 1028 2405 et
1065 2366 1209 2405 fucum
1243 2367 1283 2404 et
1317 2365 1473 2416 templa
1506 2365 1595 2414 celi,
1636 2365 1717 2404 nisi

170 2450 224 2480 88.
248 2450 458 2490 negligantt
486 2453 525 2482 vt
548 2452 611 2491 qui
634 2454 769 2492 Auyust.
788 2463 796 2483 ε
826 2453 1038 2492 negligunt:
1068 2453 1107 2483 vt
1132 2453 1152 2491 ἰῇ
1175 2463 1206 2483 α.
1344 2461 1414 2483 112.
1443 2452 1564 2482 autem
1587 2453 1714 2488 scripsi:

127 2494 189 2523 aut
204 2503 234 2523 α.
369 2503 440 2533 115.
465 2495 596 2535 preligi
611 2507 642 2527 α.
780 2497 852 2528 116.
881 2497 921 2527 16
937 2498 1070 2527 correxi:
1096 2504 1134 2534 15
1149 2507 1180 2526 α.

129 2612 256 2643 gences
292 2602 411 2633 which
449 2603 653 2644 materially
690 2604 791 2635 affect
828 2604 890 2635 the
957 2603 1034 2635 ized
1049 2613 1087 2634 as
1103 2603 1153 2635 St.
1173 2603 1425 2634 Bonaventura
1444 2601 1548 2640 14823
1569 2602 1718 2634 ‘Doctor

131 2655 241 2677 sense.
957 2646 1186 2686 seraphicus!

174 2699 227 2729 94.
253 2688 498 2728 theologorum
511 2688 639 2730 genus]
658 2690 720 2730 Ep.
735 2699 810 2729 337.
826 2700 890 2728 400
1044 2688 1345 2729 Altisidiorensis]
1375 2687 1468 2718 Wm.
1494 2688 1531 2718 of
1557 2688 1716 2719 Auxerre

132 2741 204 2771 seq.
225 2730 298 2762 and
315 2740 388 2770 432.
960 2732 998 2773 (ψ
1017 2736 1126 2772 1230),
1144 2732 1374 2763 Archdeacon
1398 2731 1437 2761 of
1456 2731 1630 2763 Beauvais
1645 2732 1716 2763 and

175 2783 229 2815 95.
259 2773 428 2815 Thomas]
458 2774 499 2805 of
523 2774 668 2814 AquIno
695 2775 890 2815 (1225-74),
959 2775 1089 2806 author
1104 2775 1142 2806 of
1156 2785 1177 2806 a
1192 2777 1324 2805 Summa
1341 2776 1520 2812 leeoloqica.

132 2818 195 2850 the
211 2817 425 2856 schoolman,
445 2817 564 2848 leader
584 2818 623 2849 of
641 2818 705 2849 the
731 2819 892 2849 Domini·
1003 2820 1056 2858 96.
1074 2817 1195 2859 Hugo]
1211 2818 1285 2848 The
1301 2817 1421 2848 friend
1431 2818 1469 2848 of
1482 2818 1531 2849 St.
1545 2817 1716 2856 Bel-nard,

133 2871 238 2901 cans;
255 2860 448 2892 canonized
464 2870 566 2900 1323;
591 2863 599 2878 ‘
615 2861 746 2893 Doctor
760 2861 892 2901 angeli·
962 2861 1067 2901 Hugo
1091 2862 1128 2892 of
1148 2861 1196 2893 St.
1219 2861 1343 2892 Victor
1367 2860 1410 2900 (c.
1439 2862 1660 2901 1097—11415,
1685 2862 1717 2893 is

134 2905 215 2936 cus.’
959 2904 1132 2944 probably
1154 2903 1336 2944 intended,
1354 2904 1476 2935 rather
1497 2905 1587 2936 than
1612 2905 1718 2945 Hugo

220 2947 492 2988 Bonauentura]
531 2947 626 2979 John
665 2948 703 2978 of
739 2946 895 2979 Fidanza
961 2948 998 2978 of
1016 2948 1066 2979 St.
1089 2947 1182 2979 Cher
1203 2947 1261 2988 (cf.
1279 2947 1340 2987 Ep.
1361 2956 1435 2986 459.
1456 2957 1494 2986 71
1512 2950 1574 2986 n.).
1622 2948 1717 2979 Both

136 2989 327 3032 (mm-74),
355 2991 543 3022 scholastic
569 2991 798 3032 philosopher
823 2992 895 3022 and
960 2992 1071 3022 wrote
1082 3000 1190 3030 many
1201 2990 1308 3022 books
1321 3000 1365 3021 on
1383 2991 1537 3023 Biblical
1553 2991 1717 3032 subjeets‚

134 3034 324 3074 champion
346 3035 384 3066 of
402 3035 466 3066 the
491 3034 744 3074 Franciscan33
768 3043 896 3066 canon·
961 3034 1083 3066 which
1099 3044 1190 3066 were
1204 3033 1350 3075 printed
1366 3034 1405 3065 in
1421 3037 1492 3066 xv0.

200 3099 308 3120 Anum
324 3100 352 3121 11
910 3102 939 3128 K
