<?xml version="1.0" encoding="UTF-8"?>
<!DOCTYPE html PUBLIC "-//W3C//DTD XHTML 1.0 Transitional//EN"
    "http://www.w3.org/TR/xhtml1/DTD/xhtml1-transitional.dtd">
<html xmlns="http://www.w3.org/1999/xhtml" xml:lang="en" lang="en">
 <head>
  <title>
</title>
<meta http-equiv="Content-Type" content="text/html;charset=utf-8" />
  <meta name='ocr-system' content='tesseract 3.04.00' />
  <meta name='ocr-capabilities' content='ocr_page ocr_carea ocr_par ocr_line ocrx_word'/>
</head>
<body>
  <div class='ocr_page' id='page_1' title='image "./opusepistolarumd02erasuoft/opusepistolarumd02erasuoft_0471.png"; bbox 0 0 2010 3417; ppageno 0'>
   <div class='ocr_carea' id='block_1_1' title="bbox 129 129 1727 185">
    <p class='ocr_par' dir='ltr' id='par_1_1' title="bbox 129 129 1727 185">
     <span class='ocr_line' id='line_1_1' title="bbox 129 129 1727 185; baseline 0.001 -15"><span class='ocrx_word' id='word_1_1' title='bbox 129 143 152 181; x_wconf 87' lang='lat'>5</span> <span class='ocrx_word' id='word_1_2' title='bbox 160 145 179 170; x_wconf 83' lang='grc'>2</span> <span class='ocrx_word' id='word_1_3' title='bbox 189 129 230 185; x_wconf 89' lang='grc'>1]</span> <span class='ocrx_word' id='word_1_4' title='bbox 568 132 723 172; x_wconf 78' lang='lat' dir='ltr'><strong>FROM</strong></span> <span class='ocrx_word' id='word_1_5' title='bbox 764 132 1092 172; x_wconf 80' lang='lat' dir='ltr'><strong>SYLVESTER</strong></span> <span class='ocrx_word' id='word_1_6' title='bbox 1131 133 1292 172; x_wconf 83' lang='lat' dir='ltr'><strong>GIGLI</strong></span> <span class='ocrx_word' id='word_1_7' title='bbox 1647 132 1727 172; x_wconf 83' lang='lat'>443</span> 
     </span>
    </p>
   </div>
   <div class='ocr_carea' id='block_1_2' title="bbox 159 261 1695 370">
    <p class='ocr_par' dir='ltr' id='par_1_2' title="bbox 159 261 1695 370">
     <span class='ocr_line' id='line_1_2' title="bbox 159 261 1695 302; baseline -0.001 -8"><span class='ocrx_word' id='word_1_8' title='bbox 159 263 419 294; x_wconf 87' lang='lat' dir='ltr'><strong>SYLVESTER</strong></span> <span class='ocrx_word' id='word_1_9' title='bbox 452 262 694 294; x_wconf 75' lang='lat' dir='ltr'>EPISCOPVS</span> <span class='ocrx_word' id='word_1_10' title='bbox 725 261 1093 302; x_wconf 75' lang='lat' dir='ltr'>VVIGORNIENSIS,</span> <span class='ocrx_word' id='word_1_11' title='bbox 1125 262 1418 293; x_wconf 65' lang='lat' dir='ltr'>SERENISbIMI</span> <span class='ocrx_word' id='word_1_12' title='bbox 1448 263 1695 293; x_wconf 82' lang='lat' dir='ltr'><strong>ANGLORVM</strong></span> 
     </span>
     <span class='ocr_line' id='line_1_3' title="bbox 249 330 1609 370; baseline 0 -8"><span class='ocrx_word' id='word_1_13' title='bbox 249 331 382 362; x_wconf 86' lang='lat' dir='ltr'>REGIS</span> <span class='ocrx_word' id='word_1_14' title='bbox 413 331 671 361; x_wconf 71' lang='lat' dir='ltr'><strong>PERPETVVS</strong></span> <span class='ocrx_word' id='word_1_15' title='bbox 702 330 825 360; x_wconf 87' lang='lat' dir='ltr'><strong>APVD</strong></span> <span class='ocrx_word' id='word_1_16' title='bbox 854 330 982 362; x_wconf 85' lang='lat' dir='ltr'>S.D.N.</span> <span class='ocrx_word' id='word_1_17' title='bbox 1012 331 1202 370; x_wconf 84' lang='lat' dir='ltr'>ORATOR,</span> <span class='ocrx_word' id='word_1_18' title='bbox 1232 331 1414 362; x_wconf 78' lang='lat' dir='ltr'><strong>ERASMO</strong></span> <span class='ocrx_word' id='word_1_19' title='bbox 1446 332 1544 362; x_wconf 83' lang='lat' dir='ltr'>ROT.</span> <span class='ocrx_word' id='word_1_20' title='bbox 1574 332 1609 362; x_wconf 75' lang='lat' dir='ltr'>S.</span> 
     </span>
    </p>
   </div>
   <div class='ocr_carea' id='block_1_3' title="bbox 127 410 1793 1896">
    <p class='ocr_par' dir='ltr' id='par_1_3' title="bbox 127 410 1793 1896">
     <span class='ocr_line' id='line_1_4' title="bbox 183 410 1728 462; baseline -0.001 -12"><span class='ocrx_word' id='word_1_21' title='bbox 183 411 474 450; x_wconf 66' lang='lat' dir='ltr'>memmms</span> <span class='ocrx_word' id='word_1_22' title='bbox 493 411 560 450; x_wconf 90' lang='lat' dir='ltr'>vir</span> <span class='ocrx_word' id='word_1_23' title='bbox 581 413 783 460; x_wconf 79' lang='lat' dir='ltr'>tanquam</span> <span class='ocrx_word' id='word_1_24' title='bbox 809 410 937 449; x_wconf 89' lang='lat' dir='ltr'>frater</span> <span class='ocrx_word' id='word_1_25' title='bbox 964 411 1230 459; x_wconf 90' lang='lat' dir='ltr'>obseruande,</span> <span class='ocrx_word' id='word_1_26' title='bbox 1252 414 1491 462; x_wconf 86' lang='lat' dir='ltr'>pergratum</span> <span class='ocrx_word' id='word_1_27' title='bbox 1515 411 1620 449; x_wconf 89' lang='lat' dir='ltr'>mihi</span> <span class='ocrx_word' id='word_1_28' title='bbox 1647 411 1728 449; x_wconf 87' lang='lat' dir='ltr'>fuit</span> 
     </span>
     <span class='ocr_line' id='line_1_5' title="bbox 130 474 1727 532; baseline -0.001 -16"><span class='ocrx_word' id='word_1_29' title='bbox 130 477 270 532; x_wconf 85' lang='lat' dir='ltr'>datam</span> <span class='ocrx_word' id='word_1_30' title='bbox 294 477 422 516; x_wconf 85' lang='lat' dir='ltr'>fuisse</span> <span class='ocrx_word' id='word_1_31' title='bbox 448 476 704 516; x_wconf 83' lang='lat' dir='ltr'><strong>occasionem</strong></span> <span class='ocrx_word' id='word_1_32' title='bbox 733 474 812 513; x_wconf 91' lang='lat' dir='ltr'>tibi</span> <span class='ocrx_word' id='word_1_33' title='bbox 832 488 924 514; x_wconf 91' lang='lat' dir='ltr'>mea</span> <span class='ocrx_word' id='word_1_34' title='bbox 944 489 1066 526; x_wconf 89' lang='lat' dir='ltr'>opera</span> <span class='ocrx_word' id='word_1_35' title='bbox 1086 476 1346 526; x_wconf 87' lang='lat' dir='ltr'>gratificandi</span> <span class='ocrx_word' id='word_1_36' title='bbox 1366 494 1374 524; x_wconf 91' lang='grc'><strong>;</strong></span> <span class='ocrx_word' id='word_1_37' title='bbox 1413 477 1587 515; x_wconf 90' lang='lat' dir='ltr'>mirifice</span> <span class='ocrx_word' id='word_1_38' title='bbox 1612 477 1727 515; x_wconf 87' lang='lat' dir='ltr'>enim</span> 
     </span>
     <span class='ocr_line' id='line_1_6' title="bbox 129 539 1728 592; baseline -0.001 -11"><span class='ocrx_word' id='word_1_39' title='bbox 129 543 386 592; x_wconf 84' lang='lat' dir='ltr'><strong>singularem</strong></span> <span class='ocrx_word' id='word_1_40' title='bbox 416 542 647 581; x_wconf 71' lang='lat' dir='ltr'>doctrinam</span> <span class='ocrx_word' id='word_1_41' title='bbox 687 539 951 590; x_wconf 87' lang='lat' dir='ltr'>egregiasque</span> <span class='ocrx_word' id='word_1_42' title='bbox 978 541 1154 580; x_wconf 87' lang='lat' dir='ltr'>virtutes</span> <span class='ocrx_word' id='word_1_43' title='bbox 1183 543 1277 580; x_wconf 87' lang='lat' dir='ltr'>tuas</span> <span class='ocrx_word' id='word_1_44' title='bbox 1308 555 1470 592; x_wconf 81' lang='lat' dir='ltr'>semper</span> <span class='ocrx_word' id='word_1_45' title='bbox 1497 542 1620 591; x_wconf 80' lang='lat' dir='ltr'>colui,</span> <span class='ocrx_word' id='word_1_46' title='bbox 1652 554 1728 580; x_wconf 89' lang='lat' dir='ltr'>nec</span> 
     </span>
     <span class='ocr_line' id='line_1_7' title="bbox 129 605 1728 658; baseline -0.001 -12"><span class='ocrx_word' id='word_1_47' title='bbox 129 607 350 658; x_wconf 86' lang='lat' dir='ltr'>quiequam</span> <span class='ocrx_word' id='word_1_48' title='bbox 369 606 502 656; x_wconf 87' lang='lat' dir='ltr'>magis</span> <span class='ocrx_word' id='word_1_49' title='bbox 521 618 645 656; x_wconf 90' lang='lat' dir='ltr'>quam</span> <span class='ocrx_word' id='word_1_50' title='bbox 658 605 1033 655; x_wconf 90' lang='lat' dir='ltr'>propensissimum</span> <span class='ocrx_word' id='word_1_51' title='bbox 1052 606 1097 644; x_wconf 91' lang='lat' dir='ltr'>in</span> <span class='ocrx_word' id='word_1_52' title='bbox 1113 607 1155 644; x_wconf 89' lang='lat' dir='ltr'>te</span> <span class='ocrx_word' id='word_1_53' title='bbox 1173 607 1364 645; x_wconf 89' lang='lat' dir='ltr'>animum</span> <span class='ocrx_word' id='word_1_54' title='bbox 1385 607 1592 646; x_wconf 87' lang='lat' dir='ltr'>declarare</span> <span class='ocrx_word' id='word_1_55' title='bbox 1610 619 1728 656; x_wconf 89' lang='lat' dir='ltr'>posse</span> 
     </span>
     <span class='ocr_line' id='line_1_8' title="bbox 130 671 1767 723; baseline -0.001 -12"><span class='ocrx_word' id='word_1_56' title='bbox 130 672 337 723; x_wconf 86' lang='lat' dir='ltr'>optabam.</span> <span class='ocrx_word' id='word_1_57' title='bbox 417 671 564 722; x_wconf 88' lang='lat' dir='ltr'>Itaque</span> <span class='ocrx_word' id='word_1_58' title='bbox 608 672 755 710; x_wconf 89' lang='lat' dir='ltr'>nactus</span> <span class='ocrx_word' id='word_1_59' title='bbox 802 671 1128 720; x_wconf 76' lang='lat' dir='ltr'>oportunitatem</span> <span class='ocrx_word' id='word_1_60' title='bbox 1172 672 1391 721; x_wconf 84' lang='lat' dir='ltr'>negocium</span> <span class='ocrx_word' id='word_1_61' title='bbox 1441 674 1564 710; x_wconf 90' lang='lat' dir='ltr'>tuum</span> <span class='ocrx_word' id='word_1_62' title='bbox 1601 671 1728 710; x_wconf 88' lang='lat' dir='ltr'>liben·</span> <span class='ocrx_word' id='word_1_63' title='bbox 1748 688 1767 718; x_wconf 80' lang='lat'>5</span> 
     </span>
     <span class='ocr_line' id='line_1_9' title="bbox 130 734 1724 786; baseline -0.001 -11"><span class='ocrx_word' id='word_1_64' title='bbox 130 737 292 776; x_wconf 84' lang='lat' dir='ltr'>tissime</span> <span class='ocrx_word' id='word_1_65' title='bbox 312 736 473 786; x_wconf 84' lang='lat' dir='ltr'>suscepi</span> <span class='ocrx_word' id='word_1_66' title='bbox 490 750 500 784; x_wconf 90' lang='lat'>;</span> <span class='ocrx_word' id='word_1_67' title='bbox 529 735 580 774; x_wconf 91' lang='lat' dir='ltr'>de</span> <span class='ocrx_word' id='word_1_68' title='bbox 605 749 686 786; x_wconf 89' lang='lat' dir='ltr'>quo</span> <span class='ocrx_word' id='word_1_69' title='bbox 712 734 834 785; x_wconf 91' lang='lat' dir='ltr'>plura</span> <span class='ocrx_word' id='word_1_70' title='bbox 852 734 1073 783; x_wconf 84' lang='lat' dir='ltr'>diligenter</span> <span class='ocrx_word' id='word_1_71' title='bbox 1092 748 1137 773; x_wconf 89' lang='lat' dir='ltr'>ac</span> <span class='ocrx_word' id='word_1_72' title='bbox 1158 736 1341 774; x_wconf 86' lang='lat' dir='ltr'>studiose</span> <span class='ocrx_word' id='word_1_73' title='bbox 1362 750 1458 775; x_wconf 91' lang='lat' dir='ltr'>cum</span> <span class='ocrx_word' id='word_1_74' title='bbox 1477 737 1628 776; x_wconf 83' lang='lat' dir='ltr'>s.D.N.</span> <span class='ocrx_word' id='word_1_75' title='bbox 1648 736 1724 785; x_wconf 85' lang='lat' dir='ltr'>egi.</span> 
     </span>
     <span class='ocr_line' id='line_1_10' title="bbox 130 799 1728 852; baseline -0.002 -11"><span class='ocrx_word' id='word_1_76' title='bbox 130 802 212 851; x_wconf 77' lang='lat' dir='ltr'>Qui</span> <span class='ocrx_word' id='word_1_77' title='bbox 229 802 412 852; x_wconf 87' lang='lat' dir='ltr'>profecto</span> <span class='ocrx_word' id='word_1_78' title='bbox 432 804 525 840; x_wconf 89' lang='lat' dir='ltr'>tum</span> <span class='ocrx_word' id='word_1_79' title='bbox 552 800 604 839; x_wconf 91' lang='lat' dir='ltr'>ob</span> <span class='ocrx_word' id='word_1_80' title='bbox 630 813 750 839; x_wconf 89' lang='lat' dir='ltr'>suam</span> <span class='ocrx_word' id='word_1_81' title='bbox 776 799 1017 848; x_wconf 72' lang='lat' dir='ltr'>bonitatem,</span> <span class='ocrx_word' id='word_1_82' title='bbox 1048 803 1140 838; x_wconf 91' lang='lat' dir='ltr'>tum</span> <span class='ocrx_word' id='word_1_83' title='bbox 1172 800 1224 839; x_wconf 91' lang='lat' dir='ltr'>ob</span> <span class='ocrx_word' id='word_1_84' title='bbox 1243 801 1508 851; x_wconf 89' lang='lat' dir='ltr'>praecipuam</span> <span class='ocrx_word' id='word_1_85' title='bbox 1527 814 1572 839; x_wconf 87' lang='lat' dir='ltr'>ac</span> <span class='ocrx_word' id='word_1_86' title='bbox 1591 801 1728 850; x_wconf 87' lang='lat' dir='ltr'>singu-</span> 
     </span>
     <span class='ocr_line' id='line_1_11' title="bbox 129 866 1723 916; baseline -0.001 -10"><span class='ocrx_word' id='word_1_87' title='bbox 129 867 262 906; x_wconf 86' lang='lat' dir='ltr'>larem</span> <span class='ocrx_word' id='word_1_88' title='bbox 298 867 636 906; x_wconf 89' lang='lat' dir='ltr'>beneuolentiam</span> <span class='ocrx_word' id='word_1_89' title='bbox 674 878 756 915; x_wconf 90' lang='lat' dir='ltr'>qua</span> <span class='ocrx_word' id='word_1_90' title='bbox 795 866 913 904; x_wconf 90' lang='lat' dir='ltr'>dotes</span> <span class='ocrx_word' id='word_1_91' title='bbox 949 867 1042 904; x_wconf 88' lang='lat' dir='ltr'>tuas</span> <span class='ocrx_word' id='word_1_92' title='bbox 1080 866 1254 904; x_wconf 87' lang='lat' dir='ltr'>eximias</span> <span class='ocrx_word' id='word_1_93' title='bbox 1292 866 1413 905; x_wconf 90' lang='lat' dir='ltr'>vnice</span> <span class='ocrx_word' id='word_1_94' title='bbox 1451 866 1723 916; x_wconf 86' lang='lat' dir='ltr'>prosequitur,</span> 
     </span>
     <span class='ocr_line' id='line_1_12' title="bbox 129 930 1728 981; baseline -0.001 -10"><span class='ocrx_word' id='word_1_95' title='bbox 129 932 310 971; x_wconf 90' lang='lat' dir='ltr'>libenter</span> <span class='ocrx_word' id='word_1_96' title='bbox 328 932 415 971; x_wconf 92' lang='lat' dir='ltr'>tuis</span> <span class='ocrx_word' id='word_1_97' title='bbox 433 931 543 971; x_wconf 87' lang='lat' dir='ltr'>votis</span> <span class='ocrx_word' id='word_1_98' title='bbox 562 931 724 970; x_wconf 82' lang='lat' dir='ltr'>annuit.</span> <span class='ocrx_word' id='word_1_99' title='bbox 784 930 864 969; x_wconf 86' lang='lat' dir='ltr'>Sed</span> <span class='ocrx_word' id='word_1_100' title='bbox 880 931 961 969; x_wconf 83' lang='lat' dir='ltr'>scis</span> <span class='ocrx_word' id='word_1_101' title='bbox 978 931 1077 969; x_wconf 87' lang='lat' dir='ltr'>haec</span> <span class='ocrx_word' id='word_1_102' title='bbox 1098 932 1270 981; x_wconf 88' lang='lat' dir='ltr'>negocia</span> <span class='ocrx_word' id='word_1_103' title='bbox 1289 931 1474 981; x_wconf 88' lang='lat' dir='ltr'>plurium</span> <span class='ocrx_word' id='word_1_104' title='bbox 1495 945 1618 981; x_wconf 88' lang='lat' dir='ltr'>opera</span> <span class='ocrx_word' id='word_1_105' title='bbox 1637 944 1728 970; x_wconf 90' lang='lat' dir='ltr'>con-</span> 
     </span>
     <span class='ocr_line' id='line_1_13' title="bbox 129 996 1793 1046; baseline -0.001 -10"><span class='ocrx_word' id='word_1_106' title='bbox 129 998 210 1037; x_wconf 90' lang='lat' dir='ltr'>fici.</span> <span class='ocrx_word' id='word_1_107' title='bbox 269 997 451 1037; x_wconf 86' lang='lat' dir='ltr'>Proinde</span> <span class='ocrx_word' id='word_1_108' title='bbox 479 1010 564 1036; x_wconf 92' lang='lat' dir='ltr'>non</span> <span class='ocrx_word' id='word_1_109' title='bbox 593 996 725 1035; x_wconf 88' lang='lat' dir='ltr'>defuit</span> <span class='ocrx_word' id='word_1_110' title='bbox 753 1009 862 1035; x_wconf 88' lang='lat' dir='ltr'>vnus</span> <span class='ocrx_word' id='word_1_111' title='bbox 890 998 963 1035; x_wconf 92' lang='lat' dir='ltr'>aut</span> <span class='ocrx_word' id='word_1_112' title='bbox 991 996 1096 1034; x_wconf 85' lang='lat' dir='ltr'>alter</span> <span class='ocrx_word' id='word_1_113' title='bbox 1125 997 1196 1046; x_wconf 90' lang='lat' dir='ltr'>qui</span> <span class='ocrx_word' id='word_1_114' title='bbox 1225 1010 1313 1035; x_wconf 87' lang='lat' dir='ltr'>rem</span> <span class='ocrx_word' id='word_1_115' title='bbox 1341 997 1624 1044; x_wconf 82' lang='lat' dir='ltr'>retardarent3</span> <span class='ocrx_word' id='word_1_116' title='bbox 1658 997 1727 1035; x_wconf 91' lang='lat' dir='ltr'>sed</span> <span class='ocrx_word' id='word_1_117' title='bbox 1753 1011 1793 1031; x_wconf 87' lang='lat'>10</span> 
     </span>
     <span class='ocr_line' id='line_1_14' title="bbox 129 1061 1729 1113; baseline -0.001 -11"><span class='ocrx_word' id='word_1_118' title='bbox 129 1063 281 1103; x_wconf 86' lang='lat' dir='ltr'>S.D.N.</span> <span class='ocrx_word' id='word_1_119' title='bbox 303 1076 377 1113; x_wconf 92' lang='lat' dir='ltr'>per</span> <span class='ocrx_word' id='word_1_120' title='bbox 403 1062 545 1101; x_wconf 88' lang='lat' dir='ltr'>omnia</span> <span class='ocrx_word' id='word_1_121' title='bbox 570 1062 737 1100; x_wconf 89' lang='lat' dir='ltr'>fauente</span> <span class='ocrx_word' id='word_1_122' title='bbox 765 1061 985 1111; x_wconf 85' lang='lat' dir='ltr'>negocium</span> <span class='ocrx_word' id='word_1_123' title='bbox 1013 1075 1138 1100; x_wconf 90' lang='lat' dir='ltr'>omne</span> <span class='ocrx_word' id='word_1_124' title='bbox 1165 1075 1215 1100; x_wconf 83' lang='lat' dir='ltr'>ex</span> <span class='ocrx_word' id='word_1_125' title='bbox 1243 1062 1375 1100; x_wconf 90' lang='lat' dir='ltr'>animi</span> <span class='ocrx_word' id='word_1_126' title='bbox 1403 1062 1609 1100; x_wconf 87' lang='lat' dir='ltr'>sententia</span> <span class='ocrx_word' id='word_1_127' title='bbox 1637 1074 1729 1100; x_wconf 86' lang='lat' dir='ltr'>con-</span> 
     </span>
     <span class='ocr_line' id='line_1_15' title="bbox 127 1127 1730 1178; baseline -0.001 -11"><span class='ocrx_word' id='word_1_128' title='bbox 127 1128 315 1168; x_wconf 88' lang='lat' dir='ltr'>fecimus.</span> <span class='ocrx_word' id='word_1_129' title='bbox 371 1128 451 1166; x_wconf 91' lang='lat' dir='ltr'>Per</span> <span class='ocrx_word' id='word_1_130' title='bbox 476 1140 614 1166; x_wconf 88' lang='lat' dir='ltr'>meam</span> <span class='ocrx_word' id='word_1_131' title='bbox 644 1127 905 1177; x_wconf 86' lang='lat' dir='ltr'>diligentiam</span> <span class='ocrx_word' id='word_1_132' title='bbox 935 1140 1018 1165; x_wconf 91' lang='lat' dir='ltr'>non</span> <span class='ocrx_word' id='word_1_133' title='bbox 1042 1127 1158 1166; x_wconf 87' lang='lat' dir='ltr'>stetit</span> <span class='ocrx_word' id='word_1_134' title='bbox 1185 1128 1288 1178; x_wconf 91' lang='lat' dir='ltr'>quin</span> <span class='ocrx_word' id='word_1_135' title='bbox 1307 1129 1407 1166; x_wconf 90' lang='lat' dir='ltr'>haec</span> <span class='ocrx_word' id='word_1_136' title='bbox 1427 1128 1549 1167; x_wconf 88' lang='lat' dir='ltr'>citius</span> <span class='ocrx_word' id='word_1_137' title='bbox 1572 1127 1730 1177; x_wconf 86' lang='lat' dir='ltr'>expedi·</span> 
     </span>
     <span class='ocr_line' id='line_1_16' title="bbox 129 1192 1729 1243; baseline -0.001 -10"><span class='ocrx_word' id='word_1_138' title='bbox 129 1196 296 1242; x_wconf 82' lang='lat' dir='ltr'>rentur3</span> <span class='ocrx_word' id='word_1_139' title='bbox 325 1194 394 1232; x_wconf 87' lang='lat' dir='ltr'>sed</span> <span class='ocrx_word' id='word_1_140' title='bbox 412 1193 583 1232; x_wconf 90' lang='lat' dir='ltr'>aduersa</span> <span class='ocrx_word' id='word_1_141' title='bbox 604 1193 806 1242; x_wconf 84' lang='lat' dir='ltr'>quaedam</span> <span class='ocrx_word' id='word_1_142' title='bbox 826 1192 1019 1231; x_wconf 86' lang='lat' dir='ltr'>valetudo</span> <span class='ocrx_word' id='word_1_143' title='bbox 1032 1206 1194 1232; x_wconf 91' lang='lat' dir='ltr'>necnon</span> <span class='ocrx_word' id='word_1_144' title='bbox 1209 1193 1540 1243; x_wconf 83' lang='lat' dir='ltr'>perturbationes</span> <span class='ocrx_word' id='word_1_145' title='bbox 1556 1193 1729 1231; x_wconf 86' lang='lat' dir='ltr'>ducatus</span> 
     </span>
     <span class='ocr_line' id='line_1_17' title="bbox 130 1257 1729 1308; baseline 0 -11"><span class='ocrx_word' id='word_1_146' title='bbox 130 1258 284 1297; x_wconf 88' lang='lat' dir='ltr'>Vrbini</span> <span class='ocrx_word' id='word_1_147' title='bbox 312 1272 399 1297; x_wconf 91' lang='lat' dir='ltr'>non</span> <span class='ocrx_word' id='word_1_148' title='bbox 423 1271 553 1308; x_wconf 90' lang='lat' dir='ltr'>parua</span> <span class='ocrx_word' id='word_1_149' title='bbox 579 1257 771 1296; x_wconf 87' lang='lat' dir='ltr'>molestia</span> <span class='ocrx_word' id='word_1_150' title='bbox 789 1257 940 1297; x_wconf 84' lang='lat' dir='ltr'>S.D.N.</span> <span class='ocrx_word' id='word_1_151' title='bbox 963 1258 1201 1305; x_wconf 88' lang='lat' dir='ltr'>affecerunt,</span> <span class='ocrx_word' id='word_1_152' title='bbox 1223 1261 1265 1297; x_wconf 92' lang='lat' dir='ltr'>et</span> <span class='ocrx_word' id='word_1_153' title='bbox 1284 1259 1452 1297; x_wconf 87' lang='lat' dir='ltr'>fuerunt</span> <span class='ocrx_word' id='word_1_154' title='bbox 1471 1259 1516 1296; x_wconf 91' lang='lat' dir='ltr'>in</span> <span class='ocrx_word' id='word_1_155' title='bbox 1543 1271 1664 1297; x_wconf 89' lang='lat' dir='ltr'>causa</span> <span class='ocrx_word' id='word_1_156' title='bbox 1682 1260 1729 1297; x_wconf 86' lang='lat' dir='ltr'>vt</span> 
     </span>
     <span class='ocr_line' id='line_1_18' title="bbox 130 1322 1787 1373; baseline -0.001 -11"><span class='ocrx_word' id='word_1_157' title='bbox 130 1324 263 1363; x_wconf 90' lang='lat' dir='ltr'>serius</span> <span class='ocrx_word' id='word_1_158' title='bbox 281 1323 381 1362; x_wconf 88' lang='lat' dir='ltr'>haec</span> <span class='ocrx_word' id='word_1_159' title='bbox 405 1323 707 1362; x_wconf 89' lang='lat' dir='ltr'>conficerentur</span> <span class='ocrx_word' id='word_1_160' title='bbox 726 1336 850 1373; x_wconf 88' lang='lat' dir='ltr'>quam</span> <span class='ocrx_word' id='word_1_161' title='bbox 875 1335 954 1361; x_wconf 88' lang='lat' dir='ltr'>nos</span> <span class='ocrx_word' id='word_1_162' title='bbox 975 1322 1225 1362; x_wconf 71' lang='lat' dir='ltr'>volebamus</span> <span class='ocrx_word' id='word_1_163' title='bbox 1288 1323 1406 1372; x_wconf 81' lang='lat' dir='ltr'>Quod</span> <span class='ocrx_word' id='word_1_164' title='bbox 1432 1325 1630 1373; x_wconf 83' lang='lat' dir='ltr'>superest,</span> <span class='ocrx_word' id='word_1_165' title='bbox 1654 1336 1729 1373; x_wconf 88' lang='lat' dir='ltr'>ago</span> <span class='ocrx_word' id='word_1_166' title='bbox 1752 1337 1787 1366; x_wconf 81' lang='lat'>15</span> 
     </span>
     <span class='ocr_line' id='line_1_19' title="bbox 129 1388 1730 1440; baseline 0 -13"><span class='ocrx_word' id='word_1_167' title='bbox 129 1388 209 1427; x_wconf 90' lang='lat' dir='ltr'>tibi</span> <span class='ocrx_word' id='word_1_168' title='bbox 227 1389 382 1440; x_wconf 86' lang='lat' dir='ltr'>gratias</span> <span class='ocrx_word' id='word_1_169' title='bbox 400 1388 661 1427; x_wconf 87' lang='lat' dir='ltr'>immortales</span> <span class='ocrx_word' id='word_1_170' title='bbox 675 1388 726 1427; x_wconf 88' lang='lat' dir='ltr'>de</span> <span class='ocrx_word' id='word_1_171' title='bbox 741 1388 900 1438; x_wconf 89' lang='lat' dir='ltr'>optima</span> <span class='ocrx_word' id='word_1_172' title='bbox 919 1388 1114 1438; x_wconf 90' lang='lat' dir='ltr'>opinione</span> <span class='ocrx_word' id='word_1_173' title='bbox 1133 1402 1258 1439; x_wconf 87' lang='lat' dir='ltr'>quam</span> <span class='ocrx_word' id='word_1_174' title='bbox 1278 1391 1318 1427; x_wconf 91' lang='lat' dir='ltr'>te</span> <span class='ocrx_word' id='word_1_175' title='bbox 1339 1389 1388 1427; x_wconf 92' lang='lat' dir='ltr'>de</span> <span class='ocrx_word' id='word_1_176' title='bbox 1408 1402 1476 1427; x_wconf 91' lang='lat' dir='ltr'>me</span> <span class='ocrx_word' id='word_1_177' title='bbox 1496 1389 1730 1438; x_wconf 88' lang='lat' dir='ltr'>concepisse</span> 
     </span>
     <span class='ocr_line' id='line_1_20' title="bbox 131 1454 1731 1504; baseline -0.001 -11"><span class='ocrx_word' id='word_1_178' title='bbox 131 1468 181 1493; x_wconf 84' lang='lat' dir='ltr'>ex</span> <span class='ocrx_word' id='word_1_179' title='bbox 201 1454 286 1493; x_wconf 90' lang='lat' dir='ltr'>tuis</span> <span class='ocrx_word' id='word_1_180' title='bbox 298 1454 616 1493; x_wconf 87' lang='lat' dir='ltr'>humanissimis</span> <span class='ocrx_word' id='word_1_181' title='bbox 630 1456 672 1493; x_wconf 92' lang='lat' dir='ltr'>et</span> <span class='ocrx_word' id='word_1_182' title='bbox 687 1454 936 1504; x_wconf 81' lang='lat' dir='ltr'>gratissimis</span> <span class='ocrx_word' id='word_1_183' title='bbox 954 1454 1109 1493; x_wconf 89' lang='lat' dir='ltr'>litteris</span> <span class='ocrx_word' id='word_1_184' title='bbox 1120 1454 1308 1504; x_wconf 86' lang='lat' dir='ltr'>intelligo</span> <span class='ocrx_word' id='word_1_185' title='bbox 1325 1469 1334 1502; x_wconf 82' lang='lat'><em>3</em></span> <span class='ocrx_word' id='word_1_186' title='bbox 1355 1455 1463 1504; x_wconf 91' lang='lat' dir='ltr'>quod</span> <span class='ocrx_word' id='word_1_187' title='bbox 1476 1454 1731 1493; x_wconf 83' lang='lat' dir='ltr'>humanitati</span> 
     </span>
     <span class='ocr_line' id='line_1_21' title="bbox 130 1519 1730 1570; baseline -0.001 -12"><span class='ocrx_word' id='word_1_188' title='bbox 130 1522 236 1570; x_wconf 89' lang='lat' dir='ltr'>tuae,</span> <span class='ocrx_word' id='word_1_189' title='bbox 259 1533 345 1559; x_wconf 90' lang='lat' dir='ltr'>non</span> <span class='ocrx_word' id='word_1_190' title='bbox 371 1520 477 1559; x_wconf 89' lang='lat' dir='ltr'>meis</span> <span class='ocrx_word' id='word_1_191' title='bbox 497 1519 668 1570; x_wconf 84' lang='lat' dir='ltr'>meritis,</span> <span class='ocrx_word' id='word_1_192' title='bbox 694 1520 885 1559; x_wconf 84' lang='lat' dir='ltr'>asscribO.</span> <span class='ocrx_word' id='word_1_193' title='bbox 927 1520 1131 1558; x_wconf 86' lang='lat' dir='ltr'>Attamen</span> <span class='ocrx_word' id='word_1_194' title='bbox 1150 1521 1449 1570; x_wconf 88' lang='lat' dir='ltr'>qualiscunque</span> <span class='ocrx_word' id='word_1_195' title='bbox 1463 1533 1568 1569; x_wconf 90' lang='lat' dir='ltr'>sum,</span> <span class='ocrx_word' id='word_1_196' title='bbox 1592 1522 1730 1558; x_wconf 87' lang='lat' dir='ltr'>totum</span> 
     </span>
     <span class='ocr_line' id='line_1_22' title="bbox 130 1585 1730 1636; baseline 0 -13"><span class='ocrx_word' id='word_1_197' title='bbox 130 1585 211 1624; x_wconf 87' lang='lat' dir='ltr'>tibi</span> <span class='ocrx_word' id='word_1_198' title='bbox 229 1585 542 1625; x_wconf 86' lang='lat' dir='ltr'>deditissimum</span> <span class='ocrx_word' id='word_1_199' title='bbox 560 1598 647 1624; x_wconf 90' lang='lat' dir='ltr'>esse</span> <span class='ocrx_word' id='word_1_200' title='bbox 665 1598 740 1636; x_wconf 90' lang='lat' dir='ltr'>pro</span> <span class='ocrx_word' id='word_1_201' title='bbox 756 1587 866 1624; x_wconf 88' lang='lat' dir='ltr'>certo</span> <span class='ocrx_word' id='word_1_202' title='bbox 885 1585 1047 1623; x_wconf 87' lang='lat' dir='ltr'>habeto.</span> <span class='ocrx_word' id='word_1_203' title='bbox 1106 1585 1161 1624; x_wconf 85' lang='lat' dir='ltr'>Et</span> <span class='ocrx_word' id='word_1_204' title='bbox 1175 1599 1420 1636; x_wconf 90' lang='lat' dir='ltr'>quacunque</span> <span class='ocrx_word' id='word_1_205' title='bbox 1439 1585 1484 1624; x_wconf 91' lang='lat' dir='ltr'>in</span> <span class='ocrx_word' id='word_1_206' title='bbox 1504 1599 1546 1624; x_wconf 93' lang='lat' dir='ltr'>re</span> <span class='ocrx_word' id='word_1_207' title='bbox 1562 1585 1640 1624; x_wconf 91' lang='lat' dir='ltr'>tibi</span> <span class='ocrx_word' id='word_1_208' title='bbox 1659 1587 1730 1624; x_wconf 88' lang='lat' dir='ltr'>aut</span> 
     </span>
     <span class='ocr_line' id='line_1_23' title="bbox 130 1650 1791 1701; baseline -0.001 -12"><span class='ocrx_word' id='word_1_209' title='bbox 130 1651 278 1689; x_wconf 87' lang='lat' dir='ltr'>amicis</span> <span class='ocrx_word' id='word_1_210' title='bbox 298 1651 384 1689; x_wconf 87' lang='lat' dir='ltr'>tuis</span> <span class='ocrx_word' id='word_1_211' title='bbox 402 1664 470 1689; x_wconf 91' lang='lat' dir='ltr'>me</span> <span class='ocrx_word' id='word_1_212' title='bbox 490 1663 609 1701; x_wconf 85' lang='lat' dir='ltr'>posse</span> <span class='ocrx_word' id='word_1_213' title='bbox 629 1650 820 1701; x_wconf 89' lang='lat' dir='ltr'>prodesse</span> <span class='ocrx_word' id='word_1_214' title='bbox 840 1650 1064 1698; x_wconf 87' lang='lat' dir='ltr'>arbitreris,</span> <span class='ocrx_word' id='word_1_215' title='bbox 1084 1651 1133 1689; x_wconf 91' lang='lat' dir='ltr'>de</span> <span class='ocrx_word' id='word_1_216' title='bbox 1156 1665 1222 1689; x_wconf 87' lang='lat' dir='ltr'>me</span> <span class='ocrx_word' id='word_1_217' title='bbox 1242 1664 1371 1701; x_wconf 90' lang='lat' dir='ltr'>aeque</span> <span class='ocrx_word' id='word_1_218' title='bbox 1390 1652 1514 1701; x_wconf 87' lang='lat' dir='ltr'>atque</span> <span class='ocrx_word' id='word_1_219' title='bbox 1535 1651 1584 1689; x_wconf 90' lang='lat' dir='ltr'>de</span> <span class='ocrx_word' id='word_1_220' title='bbox 1604 1651 1731 1689; x_wconf 89' lang='lat' dir='ltr'>fratre</span> <span class='ocrx_word' id='word_1_221' title='bbox 1752 1668 1791 1689; x_wconf 89' lang='lat'>20</span> 
     </span>
     <span class='ocr_line' id='line_1_24' title="bbox 132 1715 1729 1766; baseline 0.001 -12"><span class='ocrx_word' id='word_1_222' title='bbox 132 1717 206 1754; x_wconf 90' lang='lat' dir='ltr'>tuo</span> <span class='ocrx_word' id='word_1_223' title='bbox 236 1729 435 1766; x_wconf 89' lang='lat' dir='ltr'>germano</span> <span class='ocrx_word' id='word_1_224' title='bbox 469 1716 610 1754; x_wconf 91' lang='lat' dir='ltr'>omnia</span> <span class='ocrx_word' id='word_1_225' title='bbox 636 1715 715 1754; x_wconf 89' lang='lat' dir='ltr'>tibi</span> <span class='ocrx_word' id='word_1_226' title='bbox 746 1715 933 1766; x_wconf 88' lang='lat' dir='ltr'>polliceri</span> <span class='ocrx_word' id='word_1_227' title='bbox 960 1718 1088 1766; x_wconf 89' lang='lat' dir='ltr'>potes.</span> <span class='ocrx_word' id='word_1_228' title='bbox 1152 1717 1323 1766; x_wconf 90' lang='lat' dir='ltr'>Optime</span> <span class='ocrx_word' id='word_1_229' title='bbox 1349 1716 1439 1754; x_wconf 89' lang='lat' dir='ltr'>vale</span> <span class='ocrx_word' id='word_1_230' title='bbox 1468 1718 1509 1754; x_wconf 87' lang='lat' dir='ltr'>et</span> <span class='ocrx_word' id='word_1_231' title='bbox 1534 1729 1601 1754; x_wconf 87' lang='lat' dir='ltr'>me</span> <span class='ocrx_word' id='word_1_232' title='bbox 1625 1729 1729 1755; x_wconf 87' lang='lat' dir='ltr'>ama.</span> 
     </span>
     <span class='ocr_line' id='line_1_25' title="bbox 189 1781 908 1820; baseline -0.001 0"><span class='ocrx_word' id='word_1_233' title='bbox 189 1781 356 1820; x_wconf 90' lang='lat' dir='ltr'>Romae.</span> <span class='ocrx_word' id='word_1_234' title='bbox 379 1781 487 1820; x_wconf 82' lang='lat' dir='ltr'>xxxi.</span> <span class='ocrx_word' id='word_1_235' title='bbox 511 1781 708 1820; x_wconf 89' lang='lat' dir='ltr'>Ianuarii.</span> <span class='ocrx_word' id='word_1_236' title='bbox 732 1794 908 1820; x_wconf 86' lang='lat' dir='ltr'>M.D.XV1.</span> 
     </span>
     <span class='ocr_line' id='line_1_26' title="bbox 750 1845 1730 1896; baseline 0 -12"><span class='ocrx_word' id='word_1_237' title='bbox 750 1846 883 1884; x_wconf 86' lang='lat' dir='ltr'>Filius</span> <span class='ocrx_word' id='word_1_238' title='bbox 903 1846 1130 1896; x_wconf 86' lang='lat' dir='ltr'>Syluester,</span> <span class='ocrx_word' id='word_1_239' title='bbox 1156 1845 1386 1896; x_wconf 82' lang='lat' dir='ltr'>Episcopus</span> <span class='ocrx_word' id='word_1_240' title='bbox 1405 1846 1730 1896; x_wconf 87' lang='lat' dir='ltr'>Vuigorniensis.</span> 
     </span>
    </p>
   </div>
   <div class='ocr_carea' id='block_1_4' title="bbox 512 1992 1364 2049">
    <p class='ocr_par' dir='ltr' id='par_1_4' title="bbox 512 1992 1364 2049">
     <span class='ocr_line' id='line_1_27' title="bbox 512 1992 1364 2049; baseline -0.001 -16"><span class='ocrx_word' id='word_1_241' title='bbox 512 1995 652 2049; x_wconf 73' lang='lat'>522534</span> <span class='ocrx_word' id='word_1_242' title='bbox 710 1992 842 2034; x_wconf 82' lang='lat' dir='ltr'><strong>FROM</strong></span> <span class='ocrx_word' id='word_1_243' title='bbox 875 1992 1094 2033; x_wconf 82' lang='lat' dir='ltr'><strong>WILLIAM</strong></span> <span class='ocrx_word' id='word_1_244' title='bbox 1127 1993 1364 2034; x_wconf 73' lang='lat' dir='ltr'>BUDAEUs.</span> 
     </span>
    </p>
   </div>
   <div class='ocr_carea' id='block_1_5' title="bbox 182 2082 1684 2246">
    <p class='ocr_par' dir='ltr' id='par_1_5' title="bbox 182 2082 1684 2246">
     <span class='ocr_line' id='line_1_28' title="bbox 182 2082 1538 2129; baseline -0.001 -11"><span class='ocrx_word' id='word_1_245' title='bbox 182 2082 351 2128; x_wconf 86' lang='lat' dir='ltr'>Epistole</span> <span class='ocrx_word' id='word_1_246' title='bbox 369 2084 562 2129; x_wconf 87' lang='lat' dir='ltr'>elegantes</span> <span class='ocrx_word' id='word_1_247' title='bbox 581 2083 624 2118; x_wconf 79' lang='lat' dir='ltr'>f0.</span> <span class='ocrx_word' id='word_1_248' title='bbox 643 2082 671 2118; x_wconf 80' lang='lat' dir='ltr'>i³</span> <span class='ocrx_word' id='word_1_249' title='bbox 687 2087 737 2118; x_wconf 90' lang='lat' dir='ltr'>v0.</span> <span class='ocrx_word' id='word_1_250' title='bbox 1423 2083 1538 2119; x_wconf 85' lang='lat' dir='ltr'>Paris.</span> 
     </span>
     <span class='ocr_line' id='line_1_29' title="bbox 182 2141 1684 2188; baseline 0 -12"><span class='ocrx_word' id='word_1_251' title='bbox 182 2141 234 2176; x_wconf 63' lang='lat'>0⁹2.</span> <span class='ocrx_word' id='word_1_252' title='bbox 253 2154 291 2187; x_wconf 89' lang='lat' dir='ltr'>p.</span> <span class='ocrx_word' id='word_1_253' title='bbox 313 2153 400 2187; x_wconf 88' lang='lat'>109:</span> <span class='ocrx_word' id='word_1_254' title='bbox 428 2143 467 2178; x_wconf 79' lang='lat' dir='ltr'>F.</span> <span class='ocrx_word' id='word_1_255' title='bbox 486 2154 522 2188; x_wconf 89' lang='lat' dir='ltr'>p.</span> <span class='ocrx_word' id='word_1_256' title='bbox 542 2144 609 2188; x_wconf 85' lang='lat'>38:</span> <span class='ocrx_word' id='word_1_257' title='bbox 636 2142 726 2177; x_wconf 90' lang='lat' dir='ltr'>HN:</span> <span class='ocrx_word' id='word_1_258' title='bbox 752 2142 868 2177; x_wconf 87' lang='lat' dir='ltr'>Lond.</span> <span class='ocrx_word' id='word_1_259' title='bbox 889 2142 912 2177; x_wconf 93' lang='lat' dir='ltr'>i.</span> <span class='ocrx_word' id='word_1_260' title='bbox 937 2152 997 2187; x_wconf 81' lang='lat'>15:</span> <span class='ocrx_word' id='word_1_261' title='bbox 1024 2142 1095 2177; x_wconf 67' lang='grc' dir='ltr'>ΕΒ.</span> <span class='ocrx_word' id='word_1_262' title='bbox 1120 2151 1194 2187; x_wconf 86' lang='lat'>197.</span> <span class='ocrx_word' id='word_1_263' title='bbox 1280 2151 1296 2187; x_wconf 90' lang='lat'>5</span> <span class='ocrx_word' id='word_1_264' title='bbox 1318 2142 1508 2186; x_wconf 83' lang='lat' dir='ltr'>February</span> <span class='ocrx_word' id='word_1_265' title='bbox 1529 2141 1684 2188; x_wconf 80' lang='lat'>(1517).</span> 
     </span>
     <span class='ocr_line' id='line_1_30' title="bbox 183 2199 963 2246; baseline 0 -12"><span class='ocrx_word' id='word_1_266' title='bbox 183 2200 327 2236; x_wconf 83' lang='lat' dir='ltr'>Budaei</span> <span class='ocrx_word' id='word_1_267' title='bbox 344 2200 537 2246; x_wconf 87' lang='lat' dir='ltr'>Epistolae</span> <span class='ocrx_word' id='word_1_268' title='bbox 555 2200 681 2246; x_wconf 85' lang='lat'>(1531)</span> <span class='ocrx_word' id='word_1_269' title='bbox 698 2200 723 2234; x_wconf 85' lang='lat' dir='ltr'>f.</span> <span class='ocrx_word' id='word_1_270' title='bbox 747 2211 811 2244; x_wconf 84' lang='lat'>124</span> <span class='ocrx_word' id='word_1_271' title='bbox 830 2205 880 2234; x_wconf 88' lang='lat' dir='ltr'>v0.</span> <span class='ocrx_word' id='word_1_272' title='bbox 897 2199 963 2246; x_wconf 79' lang='grc' dir='ltr'>(β).</span> 
     </span>
    </p>
   </div>
   <div class='ocr_carea' id='block_1_6' title="bbox 137 2280 1735 2798">
    <p class='ocr_par' dir='ltr' id='par_1_6' title="bbox 183 2280 1173 2322">
     <span class='ocr_line' id='line_1_31' title="bbox 183 2280 1173 2322; baseline 0 -10"><span class='ocrx_word' id='word_1_273' title='bbox 183 2280 269 2322; x_wconf 81' lang='lat' dir='ltr'>[For</span> <span class='ocrx_word' id='word_1_274' title='bbox 284 2283 307 2316; x_wconf 87' lang='grc' dir='ltr'>β</span> <span class='ocrx_word' id='word_1_275' title='bbox 324 2291 380 2312; x_wconf 86' lang='lat' dir='ltr'>see</span> <span class='ocrx_word' id='word_1_276' title='bbox 395 2281 459 2312; x_wconf 89' lang='lat' dir='ltr'>the</span> <span class='ocrx_word' id='word_1_277' title='bbox 475 2281 740 2312; x_wconf 80' lang='lat' dir='ltr'>introductions</span> <span class='ocrx_word' id='word_1_278' title='bbox 756 2283 793 2312; x_wconf 91' lang='lat' dir='ltr'>to</span> <span class='ocrx_word' id='word_1_279' title='bbox 809 2282 897 2321; x_wconf 90' lang='lat' dir='ltr'>Epp.</span> <span class='ocrx_word' id='word_1_280' title='bbox 915 2291 990 2320; x_wconf 86' lang='lat'>403,</span> <span class='ocrx_word' id='word_1_281' title='bbox 1007 2291 1081 2320; x_wconf 86' lang='lat'>435,</span> <span class='ocrx_word' id='word_1_282' title='bbox 1099 2291 1173 2320; x_wconf 85' lang='lat'>493.</span> 
     </span>
    </p>

    <p class='ocr_par' dir='ltr' id='par_1_7' title="bbox 137 2324 1732 2668">
     <span class='ocr_line' id='line_1_32' title="bbox 180 2324 1731 2366; baseline 0 -12"><span class='ocrx_word' id='word_1_283' title='bbox 180 2324 256 2355; x_wconf 83' lang='lat' dir='ltr'>The</span> <span class='ocrx_word' id='word_1_284' title='bbox 278 2325 460 2364; x_wconf 83' lang='lat' dir='ltr'>year-date</span> <span class='ocrx_word' id='word_1_285' title='bbox 484 2325 539 2357; x_wconf 87' lang='lat' dir='ltr'>for</span> <span class='ocrx_word' id='word_1_286' title='bbox 561 2325 638 2356; x_wconf 87' lang='lat' dir='ltr'>this</span> <span class='ocrx_word' id='word_1_287' title='bbox 659 2334 770 2365; x_wconf 89' lang='lat' dir='ltr'>group</span> <span class='ocrx_word' id='word_1_288' title='bbox 793 2325 832 2356; x_wconf 87' lang='lat' dir='ltr'>of</span> <span class='ocrx_word' id='word_1_289' title='bbox 852 2325 977 2355; x_wconf 88' lang='lat' dir='ltr'>letters</span> <span class='ocrx_word' id='word_1_290' title='bbox 1000 2325 1104 2366; x_wconf 89' lang='lat' dir='ltr'>(Epp.</span> <span class='ocrx_word' id='word_1_291' title='bbox 1126 2334 1202 2364; x_wconf 85' lang='lat'>522,</span> <span class='ocrx_word' id='word_1_292' title='bbox 1223 2334 1298 2363; x_wconf 86' lang='lat'>523,</span> <span class='ocrx_word' id='word_1_293' title='bbox 1322 2334 1395 2364; x_wconf 87' lang='grc'>529,</span> <span class='ocrx_word' id='word_1_294' title='bbox 1414 2334 1488 2364; x_wconf 79' lang='grc'>531,</span> <span class='ocrx_word' id='word_1_295' title='bbox 1507 2333 1624 2363; x_wconf 79' lang='grc'>533-5.</span> <span class='ocrx_word' id='word_1_296' title='bbox 1645 2333 1731 2363; x_wconf 88' lang='grc'>537;</span> 
     </span>
     <span class='ocr_line' id='line_1_33' title="bbox 137 2367 1732 2410; baseline -0.001 -12"><span class='ocrx_word' id='word_1_297' title='bbox 137 2367 188 2398; x_wconf 87' lang='lat' dir='ltr'>all</span> <span class='ocrx_word' id='word_1_298' title='bbox 210 2368 356 2407; x_wconf 87' lang='lat' dir='ltr'>printed</span> <span class='ocrx_word' id='word_1_299' title='bbox 379 2369 419 2399; x_wconf 91' lang='lat' dir='ltr'>in</span> <span class='ocrx_word' id='word_1_300' title='bbox 443 2368 498 2410; x_wconf 79' lang='lat'>01)</span> <span class='ocrx_word' id='word_1_301' title='bbox 522 2369 700 2409; x_wconf 86' lang='lat' dir='ltr'>referring</span> <span class='ocrx_word' id='word_1_302' title='bbox 727 2371 766 2399; x_wconf 88' lang='lat' dir='ltr'>to</span> <span class='ocrx_word' id='word_1_303' title='bbox 792 2368 855 2399; x_wconf 89' lang='lat' dir='ltr'>the</span> <span class='ocrx_word' id='word_1_304' title='bbox 877 2368 1092 2400; x_wconf 84' lang='lat' dir='ltr'>foundation</span> <span class='ocrx_word' id='word_1_305' title='bbox 1120 2369 1159 2399; x_wconf 89' lang='lat' dir='ltr'>of</span> <span class='ocrx_word' id='word_1_306' title='bbox 1181 2368 1245 2398; x_wconf 90' lang='lat' dir='ltr'>the</span> <span class='ocrx_word' id='word_1_307' title='bbox 1273 2368 1412 2407; x_wconf 83' lang='lat' dir='ltr'>College</span> <span class='ocrx_word' id='word_1_308' title='bbox 1441 2368 1484 2399; x_wconf 88' lang='lat' dir='ltr'>de</span> <span class='ocrx_word' id='word_1_309' title='bbox 1509 2368 1641 2398; x_wconf 85' lang='lat' dir='ltr'>France</span> <span class='ocrx_word' id='word_1_310' title='bbox 1665 2376 1732 2397; x_wconf 89' lang='lat' dir='ltr'>can</span> 
     </span>
     <span class='ocr_line' id='line_1_34' title="bbox 137 2411 1730 2451; baseline -0.001 -10"><span class='ocrx_word' id='word_1_311' title='bbox 137 2412 181 2441; x_wconf 88' lang='lat' dir='ltr'>be</span> <span class='ocrx_word' id='word_1_312' title='bbox 198 2411 365 2442; x_wconf 85' lang='lat' dir='ltr'>obtained</span> <span class='ocrx_word' id='word_1_313' title='bbox 380 2411 472 2443; x_wconf 88' lang='lat' dir='ltr'>from</span> <span class='ocrx_word' id='word_1_314' title='bbox 488 2422 601 2451; x_wconf 86' lang='lat' dir='ltr'>many</span> <span class='ocrx_word' id='word_1_315' title='bbox 616 2412 849 2451; x_wconf 88' lang='lat' dir='ltr'>indications,</span> <span class='ocrx_word' id='word_1_316' title='bbox 867 2412 932 2442; x_wconf 88' lang='lat' dir='ltr'>but</span> <span class='ocrx_word' id='word_1_317' title='bbox 948 2412 1056 2443; x_wconf 89' lang='lat' dir='ltr'>needs</span> <span class='ocrx_word' id='word_1_318' title='bbox 1072 2422 1118 2443; x_wconf 92' lang='lat' dir='ltr'>no</span> <span class='ocrx_word' id='word_1_319' title='bbox 1133 2412 1278 2442; x_wconf 85' lang='lat' dir='ltr'>further</span> <span class='ocrx_word' id='word_1_320' title='bbox 1299 2412 1403 2451; x_wconf 89' lang='lat' dir='ltr'>proof</span> <span class='ocrx_word' id='word_1_321' title='bbox 1420 2411 1512 2442; x_wconf 83' lang='lat' dir='ltr'>than</span> <span class='ocrx_word' id='word_1_322' title='bbox 1530 2411 1610 2441; x_wconf 83' lang='lat' dir='ltr'>that</span> <span class='ocrx_word' id='word_1_323' title='bbox 1625 2411 1730 2449; x_wconf 87' lang='lat' dir='ltr'>given</span> 
     </span>
     <span class='ocr_line' id='line_1_35' title="bbox 137 2453 1731 2496; baseline -0.001 -12"><span class='ocrx_word' id='word_1_324' title='bbox 137 2455 185 2494; x_wconf 88' lang='lat' dir='ltr'>by</span> <span class='ocrx_word' id='word_1_325' title='bbox 199 2454 262 2485; x_wconf 91' lang='lat' dir='ltr'>the</span> <span class='ocrx_word' id='word_1_326' title='bbox 279 2455 460 2486; x_wconf 84' lang='lat' dir='ltr'>reference</span> <span class='ocrx_word' id='word_1_327' title='bbox 481 2456 521 2487; x_wconf 89' lang='lat' dir='ltr'>in</span> <span class='ocrx_word' id='word_1_328' title='bbox 536 2456 612 2487; x_wconf 82' lang='lat' dir='ltr'>this</span> <span class='ocrx_word' id='word_1_329' title='bbox 633 2456 740 2487; x_wconf 90' lang='lat' dir='ltr'>letter</span> <span class='ocrx_word' id='word_1_330' title='bbox 756 2455 796 2496; x_wconf 82' lang='lat'>(1.</span> <span class='ocrx_word' id='word_1_331' title='bbox 817 2456 894 2495; x_wconf 86' lang='lat'><strong>122)</strong></span> <span class='ocrx_word' id='word_1_332' title='bbox 911 2456 949 2486; x_wconf 89' lang='lat' dir='ltr'>to</span> <span class='ocrx_word' id='word_1_333' title='bbox 969 2455 1034 2486; x_wconf 90' lang='lat' dir='ltr'>the</span> <span class='ocrx_word' id='word_1_334' title='bbox 1051 2456 1139 2486; x_wconf 84' lang='lat' dir='ltr'>New</span> <span class='ocrx_word' id='word_1_335' title='bbox 1153 2455 1372 2487; x_wconf 83' lang='lat' dir='ltr'>Testament.</span> <span class='ocrx_word' id='word_1_336' title='bbox 1419 2455 1486 2485; x_wconf 87' lang='lat' dir='ltr'>For</span> <span class='ocrx_word' id='word_1_337' title='bbox 1506 2455 1568 2484; x_wconf 88' lang='lat' dir='ltr'>the</span> <span class='ocrx_word' id='word_1_338' title='bbox 1590 2453 1731 2493; x_wconf 76' lang='lat' dir='ltr'>College</span> 
     </span>
     <span class='ocr_line' id='line_1_36' title="bbox 137 2497 1732 2540; baseline -0.001 -12"><span class='ocrx_word' id='word_1_339' title='bbox 137 2507 194 2528; x_wconf 89' lang='lat' dir='ltr'>see</span> <span class='ocrx_word' id='word_1_340' title='bbox 217 2498 265 2529; x_wconf 88' lang='lat' dir='ltr'>its</span> <span class='ocrx_word' id='word_1_341' title='bbox 287 2500 434 2537; x_wconf 85' lang='lat' dir='ltr'>Histoire,</span> <span class='ocrx_word' id='word_1_342' title='bbox 457 2498 568 2540; x_wconf 88' lang='lat' dir='ltr'>Paris,</span> <span class='ocrx_word' id='word_1_343' title='bbox 596 2500 688 2539; x_wconf 87' lang='lat'>1893,</span> <span class='ocrx_word' id='word_1_344' title='bbox 712 2499 759 2539; x_wconf 87' lang='lat' dir='ltr'>by</span> <span class='ocrx_word' id='word_1_345' title='bbox 782 2499 828 2530; x_wconf 89' lang='lat' dir='ltr'>M.</span> <span class='ocrx_word' id='word_1_346' title='bbox 850 2498 1011 2537; x_wconf 87' lang='lat' dir='ltr'>Lefranc,</span> <span class='ocrx_word' id='word_1_347' title='bbox 1029 2499 1111 2529; x_wconf 87' lang='lat' dir='ltr'>who</span> <span class='ocrx_word' id='word_1_348' title='bbox 1133 2499 1257 2538; x_wconf 86' lang='lat' dir='ltr'>points</span> <span class='ocrx_word' id='word_1_349' title='bbox 1280 2501 1342 2529; x_wconf 84' lang='lat' dir='ltr'>out</span> <span class='ocrx_word' id='word_1_350' title='bbox 1361 2498 1432 2538; x_wconf 92' lang='lat' dir='ltr'>(pp.</span> <span class='ocrx_word' id='word_1_351' title='bbox 1448 2498 1561 2537; x_wconf 75' lang='lat'>346‚7)</span> <span class='ocrx_word' id='word_1_352' title='bbox 1587 2497 1667 2527; x_wconf 88' lang='lat' dir='ltr'>that</span> <span class='ocrx_word' id='word_1_353' title='bbox 1692 2498 1732 2527; x_wconf 91' lang='lat' dir='ltr'>in</span> 
     </span>
     <span class='ocr_line' id='line_1_37' title="bbox 137 2540 1731 2583; baseline -0.001 -11"><span class='ocrx_word' id='word_1_354' title='bbox 137 2541 244 2581; x_wconf 85' lang='lat' dir='ltr'>using</span> <span class='ocrx_word' id='word_1_355' title='bbox 274 2542 336 2572; x_wconf 90' lang='lat' dir='ltr'>the</span> <span class='ocrx_word' id='word_1_356' title='bbox 371 2541 450 2572; x_wconf 84' lang='lat' dir='ltr'>‘old</span> <span class='ocrx_word' id='word_1_357' title='bbox 479 2543 590 2582; x_wconf 82' lang='lat' dir='ltr'>style&#39;</span> <span class='ocrx_word' id='word_1_358' title='bbox 621 2543 661 2573; x_wconf 90' lang='lat' dir='ltr'>in</span> <span class='ocrx_word' id='word_1_359' title='bbox 692 2542 751 2573; x_wconf 85' lang='lat' dir='ltr'>his</span> <span class='ocrx_word' id='word_1_360' title='bbox 780 2542 911 2582; x_wconf 87' lang='lat' dir='ltr'>replies</span> <span class='ocrx_word' id='word_1_361' title='bbox 944 2542 1016 2583; x_wconf 90' lang='lat' dir='ltr'>(for</span> <span class='ocrx_word' id='word_1_362' title='bbox 1044 2551 1111 2573; x_wconf 88' lang='lat' dir='ltr'>one</span> <span class='ocrx_word' id='word_1_363' title='bbox 1143 2541 1181 2572; x_wconf 87' lang='lat' dir='ltr'>of</span> <span class='ocrx_word' id='word_1_364' title='bbox 1207 2541 1340 2581; x_wconf 80' lang='lat' dir='ltr'>which,</span> <span class='ocrx_word' id='word_1_365' title='bbox 1366 2541 1429 2580; x_wconf 85' lang='lat' dir='ltr'>Ep.</span> <span class='ocrx_word' id='word_1_366' title='bbox 1461 2550 1536 2580; x_wconf 86' lang='lat'>537,</span> <span class='ocrx_word' id='word_1_367' title='bbox 1566 2540 1669 2571; x_wconf 89' lang='lat' dir='ltr'>there</span> <span class='ocrx_word' id='word_1_368' title='bbox 1701 2541 1731 2570; x_wconf 83' lang='lat' dir='ltr'>is</span> 
     </span>
     <span class='ocr_line' id='line_1_38' title="bbox 137 2583 1731 2627; baseline 0 -13"><span class='ocrx_word' id='word_1_369' title='bbox 137 2585 362 2624; x_wconf 84' lang='lat' dir='ltr'>manuscript</span> <span class='ocrx_word' id='word_1_370' title='bbox 393 2585 605 2627; x_wconf 83' lang='lat' dir='ltr'>authority),</span> <span class='ocrx_word' id='word_1_371' title='bbox 638 2586 806 2617; x_wconf 84' lang='lat' dir='ltr'>Erasmus</span> <span class='ocrx_word' id='word_1_372' title='bbox 835 2586 867 2616; x_wconf 92' lang='lat' dir='ltr'>is</span> <span class='ocrx_word' id='word_1_373' title='bbox 895 2585 1070 2626; x_wconf 83' lang='lat' dir='ltr'>probably</span> <span class='ocrx_word' id='word_1_374' title='bbox 1099 2585 1280 2624; x_wconf 84' lang='lat' dir='ltr'>deferring</span> <span class='ocrx_word' id='word_1_375' title='bbox 1310 2586 1347 2615; x_wconf 85' lang='lat' dir='ltr'>to</span> <span class='ocrx_word' id='word_1_376' title='bbox 1377 2584 1440 2614; x_wconf 87' lang='lat' dir='ltr'>the</span> <span class='ocrx_word' id='word_1_377' title='bbox 1472 2594 1575 2623; x_wconf 84' lang='lat' dir='ltr'>usage</span> <span class='ocrx_word' id='word_1_378' title='bbox 1608 2583 1647 2614; x_wconf 89' lang='lat' dir='ltr'>of</span> <span class='ocrx_word' id='word_1_379' title='bbox 1673 2584 1731 2614; x_wconf 84' lang='lat' dir='ltr'>his</span> 
     </span>
     <span class='ocr_line' id='line_1_39' title="bbox 137 2628 441 2668; baseline 0.003 -9"><span class='ocrx_word' id='word_1_380' title='bbox 137 2628 441 2668; x_wconf 89' lang='lat' dir='ltr'>correspondents.</span> 
     </span>
    </p>

    <p class='ocr_par' dir='ltr' id='par_1_8' title="bbox 139 2670 1735 2798">
     <span class='ocr_line' id='line_1_40' title="bbox 182 2670 1729 2712; baseline -0.001 -11"><span class='ocrx_word' id='word_1_381' title='bbox 182 2671 348 2702; x_wconf 87' lang='lat' dir='ltr'>Budaeus</span> <span class='ocrx_word' id='word_1_382' title='bbox 375 2671 447 2702; x_wconf 88' lang='lat' dir='ltr'>had</span> <span class='ocrx_word' id='word_1_383' title='bbox 477 2681 516 2703; x_wconf 87' lang='lat' dir='ltr'>as</span> <span class='ocrx_word' id='word_1_384' title='bbox 538 2674 600 2712; x_wconf 86' lang='lat' dir='ltr'>yet</span> <span class='ocrx_word' id='word_1_385' title='bbox 624 2671 698 2703; x_wconf 85' lang='lat' dir='ltr'>had</span> <span class='ocrx_word' id='word_1_386' title='bbox 721 2681 769 2703; x_wconf 89' lang='lat' dir='ltr'>no</span> <span class='ocrx_word' id='word_1_387' title='bbox 799 2681 940 2704; x_wconf 84' lang='lat' dir='ltr'>answer</span> <span class='ocrx_word' id='word_1_388' title='bbox 965 2673 1001 2702; x_wconf 87' lang='lat' dir='ltr'>to</span> <span class='ocrx_word' id='word_1_389' title='bbox 1025 2672 1088 2712; x_wconf 91' lang='lat' dir='ltr'>Ep.</span> <span class='ocrx_word' id='word_1_390' title='bbox 1113 2681 1178 2711; x_wconf 87' lang='lat'>493</span> <span class='ocrx_word' id='word_1_391' title='bbox 1205 2672 1328 2710; x_wconf 86' lang='lat' dir='ltr'>except</span> <span class='ocrx_word' id='word_1_392' title='bbox 1363 2680 1383 2700; x_wconf 84' lang='lat' dir='ltr'>a</span> <span class='ocrx_word' id='word_1_393' title='bbox 1407 2670 1504 2701; x_wconf 87' lang='lat' dir='ltr'>brief</span> <span class='ocrx_word' id='word_1_394' title='bbox 1529 2672 1613 2701; x_wconf 88' lang='lat' dir='ltr'>note</span> <span class='ocrx_word' id='word_1_395' title='bbox 1638 2670 1676 2709; x_wconf 78' lang='lat'>(1.</span> <span class='ocrx_word' id='word_1_396' title='bbox 1702 2680 1729 2709; x_wconf 85' lang='lat'>1,</span> 
     </span>
     <span class='ocr_line' id='line_1_41' title="bbox 140 2714 1735 2756; baseline -0.001 -11"><span class='ocrx_word' id='word_1_397' title='bbox 140 2714 205 2754; x_wconf 82' lang='lat' dir='ltr'>Ep.</span> <span class='ocrx_word' id='word_1_398' title='bbox 237 2724 312 2753; x_wconf 85' lang='lat'>531.</span> <span class='ocrx_word' id='word_1_399' title='bbox 338 2714 430 2755; x_wconf 87' lang='lat'>591),</span> <span class='ocrx_word' id='word_1_400' title='bbox 465 2715 586 2746; x_wconf 85' lang='lat' dir='ltr'>which</span> <span class='ocrx_word' id='word_1_401' title='bbox 616 2715 683 2746; x_wconf 83' lang='lat' dir='ltr'>has</span> <span class='ocrx_word' id='word_1_402' title='bbox 712 2717 776 2746; x_wconf 90' lang='lat' dir='ltr'>not</span> <span class='ocrx_word' id='word_1_403' title='bbox 807 2716 896 2747; x_wconf 91' lang='lat' dir='ltr'>been</span> <span class='ocrx_word' id='word_1_404' title='bbox 934 2715 1132 2756; x_wconf 85' lang='lat' dir='ltr'>preserved,</span> <span class='ocrx_word' id='word_1_405' title='bbox 1164 2714 1382 2753; x_wconf 86' lang='lat' dir='ltr'>despatched</span> <span class='ocrx_word' id='word_1_406' title='bbox 1413 2723 1452 2745; x_wconf 87' lang='lat' dir='ltr'>as</span> <span class='ocrx_word' id='word_1_407' title='bbox 1480 2723 1665 2753; x_wconf 87' lang='lat' dir='ltr'>precursor</span> <span class='ocrx_word' id='word_1_408' title='bbox 1695 2715 1735 2744; x_wconf 82' lang='lat' dir='ltr'>to</span> 
     </span>
     <span class='ocr_line' id='line_1_42' title="bbox 139 2757 1732 2798; baseline 0 -10"><span class='ocrx_word' id='word_1_409' title='bbox 139 2769 160 2789; x_wconf 83' lang='lat' dir='ltr'>a</span> <span class='ocrx_word' id='word_1_410' title='bbox 196 2758 378 2798; x_wconf 86' lang='lat' dir='ltr'>rejoinder</span> <span class='ocrx_word' id='word_1_411' title='bbox 411 2758 450 2788; x_wconf 87' lang='lat' dir='ltr'>of</span> <span class='ocrx_word' id='word_1_412' title='bbox 481 2758 604 2797; x_wconf 85' lang='lat' dir='ltr'>fitting</span> <span class='ocrx_word' id='word_1_413' title='bbox 638 2758 773 2797; x_wconf 83' lang='lat' dir='ltr'>length.</span> <span class='ocrx_word' id='word_1_414' title='bbox 836 2759 910 2789; x_wconf 88' lang='lat' dir='ltr'>The</span> <span class='ocrx_word' id='word_1_415' title='bbox 947 2758 1079 2798; x_wconf 84' lang='lat' dir='ltr'>special</span> <span class='ocrx_word' id='word_1_416' title='bbox 1116 2758 1391 2789; x_wconf 81' lang='lat' dir='ltr'>circumstances</span> <span class='ocrx_word' id='word_1_417' title='bbox 1426 2757 1511 2788; x_wconf 90' lang='lat' dir='ltr'>here</span> <span class='ocrx_word' id='word_1_418' title='bbox 1548 2757 1732 2788; x_wconf 88' lang='lat' dir='ltr'>described</span> 
     </span>
    </p>
   </div>
   <div class='ocr_carea' id='block_1_7' title="bbox 582 2843 1287 2885">
    <p class='ocr_par' dir='ltr' id='par_1_9' title="bbox 582 2843 1287 2885">
     <span class='ocr_line' id='line_1_43' title="bbox 582 2843 1287 2885; baseline 0.001 -11"><span class='ocrx_word' id='word_1_419' title='bbox 582 2854 634 2883; x_wconf 84' lang='lat'>23.</span> <span class='ocrx_word' id='word_1_420' title='bbox 661 2844 776 2875; x_wconf 86' lang='lat' dir='ltr'>Filius</span> <span class='ocrx_word' id='word_1_421' title='bbox 791 2868 799 2875; x_wconf 91' lang='lat'>.</span> <span class='ocrx_word' id='word_1_422' title='bbox 819 2868 828 2875; x_wconf 89' lang='lat'>.</span> <span class='ocrx_word' id='word_1_423' title='bbox 846 2868 854 2876; x_wconf 92' lang='lat'>.</span> <span class='ocrx_word' id='word_1_424' title='bbox 873 2845 1146 2885; x_wconf 85' lang='lat' dir='ltr'>Vuigorniensis</span> <span class='ocrx_word' id='word_1_425' title='bbox 1161 2855 1220 2875; x_wconf 83' lang='lat' dir='ltr'>om.</span> <span class='ocrx_word' id='word_1_426' title='bbox 1240 2843 1287 2875; x_wconf 72' lang='lat'>02.</span> 
     </span>
    </p>
   </div>
   <div class='ocr_carea' id='block_1_8' title="bbox 190 2910 345 2913">
    <p class='ocr_par' dir='ltr' id='par_1_10' title="bbox 190 2910 345 2913">
     <span class='ocr_line' id='line_1_44' title="bbox 190 2910 345 2913; baseline 0 0"><span class='ocrx_word' id='word_1_427' title='bbox 190 2910 345 2913; x_wconf 95' lang='lat' dir='ltr'> </span> 
     </span>
    </p>
   </div>
   <div class='ocr_carea' id='block_1_9' title="bbox 371 2909 489 2912">
    <p class='ocr_par' dir='ltr' id='par_1_11' title="bbox 371 2909 489 2912">
     <span class='ocr_line' id='line_1_45' title="bbox 371 2909 489 2912; baseline 0 0"><span class='ocrx_word' id='word_1_428' title='bbox 371 2909 489 2912; x_wconf 95' lang='lat' dir='ltr'> </span> 
     </span>
    </p>
   </div>
   <div class='ocr_carea' id='block_1_10' title="bbox 139 2939 1740 3024">
    <p class='ocr_par' dir='ltr' id='par_1_12' title="bbox 139 2939 1740 3024">
     <span class='ocr_line' id='line_1_46' title="bbox 185 2939 1740 2981; baseline 0 -10"><span class='ocrx_word' id='word_1_429' title='bbox 185 2951 235 2980; x_wconf 89' lang='lat'>14.</span> <span class='ocrx_word' id='word_1_430' title='bbox 257 2940 406 2981; x_wconf 89' lang='lat' dir='ltr'>Vrbini]</span> <span class='ocrx_word' id='word_1_431' title='bbox 438 2940 506 2971; x_wconf 85' lang='lat' dir='ltr'>For</span> <span class='ocrx_word' id='word_1_432' title='bbox 528 2940 591 2971; x_wconf 83' lang='lat' dir='ltr'>the</span> <span class='ocrx_word' id='word_1_433' title='bbox 614 2950 717 2971; x_wconf 84' lang='lat' dir='ltr'>cause</span> <span class='ocrx_word' id='word_1_434' title='bbox 741 2940 780 2970; x_wconf 89' lang='lat' dir='ltr'>of</span> <span class='ocrx_word' id='word_1_435' title='bbox 799 2940 902 2971; x_wconf 88' lang='lat' dir='ltr'>these</span> <span class='ocrx_word' id='word_1_436' title='bbox 969 2950 1043 2970; x_wconf 82' lang='lat' dir='ltr'>war</span> <span class='ocrx_word' id='word_1_437' title='bbox 1061 2939 1100 2971; x_wconf 90' lang='lat' dir='ltr'>of</span> <span class='ocrx_word' id='word_1_438' title='bbox 1119 2940 1259 2972; x_wconf 92' lang='lat' dir='ltr'>Urbino</span> <span class='ocrx_word' id='word_1_439' title='bbox 1276 2940 1382 2971; x_wconf 86' lang='lat' dir='ltr'>broke</span> <span class='ocrx_word' id='word_1_440' title='bbox 1399 2942 1459 2971; x_wconf 91' lang='lat' dir='ltr'>out</span> <span class='ocrx_word' id='word_1_441' title='bbox 1476 2941 1514 2971; x_wconf 91' lang='lat' dir='ltr'>in</span> <span class='ocrx_word' id='word_1_442' title='bbox 1531 2940 1610 2972; x_wconf 89' lang='lat' dir='ltr'>Feb.</span> <span class='ocrx_word' id='word_1_443' title='bbox 1629 2950 1709 2981; x_wconf 87' lang='lat'><strong>1517</strong></span> <span class='ocrx_word' id='word_1_444' title='bbox 1726 2951 1740 2971; x_wconf 57' lang='grc' dir='ltr'>;Δ</span> 
     </span>
     <span class='ocr_line' id='line_1_47' title="bbox 139 2983 1740 3024; baseline -0.001 -8"><span class='ocrx_word' id='word_1_445' title='bbox 139 2984 300 3016; x_wconf 86' lang='lat' dir='ltr'>troubles</span> <span class='ocrx_word' id='word_1_446' title='bbox 315 2994 373 3015; x_wconf 84' lang='lat' dir='ltr'>see</span> <span class='ocrx_word' id='word_1_447' title='bbox 389 2984 581 3023; x_wconf 85' lang='lat' dir='ltr'>Greighton</span> <span class='ocrx_word' id='word_1_448' title='bbox 598 2984 644 3015; x_wconf 86' lang='lat' dir='ltr'>iv.</span> <span class='ocrx_word' id='word_1_449' title='bbox 661 2994 695 3024; x_wconf 92' lang='lat' dir='ltr'>p.</span> <span class='ocrx_word' id='word_1_450' title='bbox 708 2993 784 3015; x_wconf 85' lang='lat'>222.</span> <span class='ocrx_word' id='word_1_451' title='bbox 827 2983 901 3014; x_wconf 85' lang='lat' dir='ltr'>The</span> <span class='ocrx_word' id='word_1_452' title='bbox 969 2984 1057 3015; x_wconf 88' lang='lat' dir='ltr'>ibid.</span> <span class='ocrx_word' id='word_1_453' title='bbox 1073 2993 1130 3024; x_wconf 89' lang='lat' dir='ltr'>pp.</span> <span class='ocrx_word' id='word_1_454' title='bbox 1149 2993 1255 3024; x_wconf 84' lang='lat'>242,3.</span> <span class='ocrx_word' id='word_1_455' title='bbox 1737 2995 1740 3006; x_wconf 86' lang='lat'>¹</span> 
     </span>
    </p>
   </div>
  </div>
 </body>
</html>
