2010 3417
131 171 227 226 344]
603 173 755 214 FROM
795 173 1015 214 ULRICH
1054 173 1256 213 ZASIUS
1644 174 1721 213 123

126 283 430 322 sententiarum
459 283 628 322 diuitias
655 282 913 333 praeteriero.
971 282 1178 322 Lucianus
1202 281 1274 321 ille
1305 282 1445 321 rhetor
1470 283 1511 321 et
1538 281 1722 332 sophista

127 347 428 396 celeberrimus,
459 349 496 387 si
524 348 650 396 viuat,
688 361 737 386 ex
765 347 856 398 pari
885 349 1021 387 tecum
1056 347 1249 398 congredi
1277 347 1394 395 nolit,
1425 347 1484 386 ita
1511 347 1596 386 tuis
1626 360 1721 386 eum

126 412 415 452 disertissimis
439 425 558 463 vrges
585 411 954 452 declamationibus
969 427 979 461 3
1020 425 1121 463 quas
1150 413 1310 463 quoties
1336 412 1440 463 lego,
1470 413 1633 463 quoties
1660 413 1722 451 in·
1741 425 1780 447 20

127 478 414 517 sinuationum
452 478 672 526 cuniculos,
713 477 902 527 obliquos
945 478 1106 526 ductus,
1149 478 1429 528 proserpentia
1466 478 1719 528 pedetentim

126 544 365 582 animorum
385 542 681 593 oppugnacula,
701 544 1045 593 argumentorum
1061 542 1160 592 <ac)
1184 542 1394 582 rationum
1413 542 1514 591 vim,
1538 542 1719 582 confuta-

126 607 291 647 tionum
310 607 489 647 fulmina
511 607 673 657 aliaque
701 607 744 645 id
771 620 903 657 genus
931 620 980 646 ex
1009 607 1219 657 ipsissima
1252 608 1453 647 oratoriae
1482 607 1584 646 artis
1612 620 1718 658 penu

126 672 367 724 deprompta
395 671 554 721 colligo,
586 673 702 710 extra
743 684 810 709 me
848 671 956 710 feror
994 674 1034 710 et
1074 671 1189 711 velut
1223 672 1273 711 ad
1306 672 1475 722 superni
1508 672 1720 711 cuiusdam

126 738 314 776 numinis
332 736 635 776 sublimitatem
654 738 885 786 perstupeo.
1739 751 1778 782 25

179 802 296 853 Quod
319 802 355 841 si
378 801 636 852 Adagiorum
660 803 831 840 tuorum
861 800 1162 840 inaestimabile
1186 813 1300 851 opus,
1324 801 1359 839 si
1385 801 1625 840 fluminosas
1645 801 1722 840 dis-

124 867 286 906 serendi
311 866 454 916 vndas,
480 865 816 916 amplificationis
839 866 1091 905 immensam
1114 866 1355 914 vbertatem,
1380 879 1461 916 qua
1482 865 1719 904 scarabeum

124 944 174 971 ex
204 931 447 971 stercorario
477 932 589 970 foetu
622 930 875 970 insectulum
904 944 1026 981 supra
1056 931 1241 982 aquilam
1264 931 1394 981 ponis,
1419 944 1499 981 qua
1528 930 1626 969 belli
1652 931 1720 969 tri-

125 996 309 1036 stissima
332 996 476 1036 nubila
495 999 536 1036 et
565 1010 587 1035 e
612 997 781 1046 regione
811 995 925 1047 pacis
952 995 1285 1046 placidissimum
1311 997 1542 1044 candorem,
1573 1008 1654 1046 qua
1680 998 1719 1034 et

123 1060 204 1100 alia
223 1061 375 1100 similia
395 1061 625 1101 tersissima
642 1061 829 1110 dictione,
845 1061 1132 1112 perspicuitate
1150 1061 1387 1100 admirabili
1402 1060 1720 1112 consequaris—
1738 1076 1779 1107 30

124 1126 170 1174 si,
193 1126 375 1176 inquam,
395 1126 734 1178 incomparabilia
754 1127 854 1166 haec
880 1139 954 1177 pro
982 1127 1092 1166 iusto
1120 1128 1411 1166 commendare
1440 1139 1619 1177 pergam,
1646 1127 1720 1166 dea

124 1191 213 1242 ipsa
229 1192 364 1231 Suada
378 1192 483 1232 meis
501 1192 656 1231 inserta
671 1191 797 1231 labris
816 1204 902 1231 non
916 1192 1129 1232 sufficeret.
1182 1191 1288 1241 Quid
1305 1191 1354 1231 de
1369 1192 1717 1243 exquisitissimis,

123 1256 369 1305 scitissimis,
394 1257 662 1307 lepidissimis
684 1256 856 1307 Adagiis
884 1257 1092 1297 dixerim?
1149 1270 1262 1308 quae,
1288 1258 1335 1296 vt
1361 1256 1462 1296 olim
1485 1256 1530 1295 in
1550 1255 1718 1295 Alcinoi

122 1322 257 1361 hortis
283 1323 423 1372 pirum
451 1323 551 1373 piro,
583 1335 757 1373 pomum
790 1335 915 1373 pomo
949 1322 1200 1371 succedebat,
1232 1322 1292 1361 ita
1322 1335 1513 1361 successu
1542 1334 1627 1369 suc,
1660 1321 1720 1360 ita

123 1386 247 1437 copia,
263 1386 323 1426 ita
341 1387 557 1427 fertilitate
576 1387 694 1436 (dum
713 1388 849 1427 foetus
866 1387 979 1427 foetu
1000 1387 1275 1435 subtruditur)
1287 1389 1462 1426 vernant
1476 1389 1533 1435 vt,
1557 1399 1719 1437 quoquo
1738 1400 1776 1432 35

122 1453 269 1499 vertas,
292 1451 497 1501 sublimia,
522 1452 715 1501 iucunda,
727 1452 912 1503 pulchra,
929 1452 1141 1500 industria,
1162 1452 1353 1491 florentia
1368 1452 1572 1491 inuenias.
1628 1452 1720 1490 Iam

121 1529 218 1556 vero
247 1530 375 1557 cornu
402 1516 508 1557 illud
532 1518 681 1569 Copiae
705 1517 844 1557 verbis
870 1520 911 1557 et
930 1518 1054 1557 rebus
1073 1518 1392 1557 refartissimum
1411 1518 1447 1556 si
1466 1530 1717 1565 recensuero,

121 1581 157 1620 si
175 1581 365 1629 Moriam‚
385 1582 421 1621 si
440 1596 542 1633 quae
561 1585 648 1622 tam
667 1583 900 1622 luculenter
918 1596 940 1622 e
961 1583 1113 1623 Graeco
1131 1582 1296 1622 vertisti
1315 1595 1553 1631 memorem,
1573 1582 1720 1633 ingens

122 1647 222 1686 adeo
241 1647 517 1698 praestabitur
535 1648 671 1687 laudis
691 1648 821 1698 sylua,
846 1662 948 1699 quae
970 1661 1046 1687 nec
1063 1661 1156 1687 meo
1182 1649 1333 1698 exiguo
1356 1648 1523 1698 ingenio
1546 1660 1620 1698 par
1649 1648 1716 1695 sit,

122 1712 193 1750 sed
213 1725 288 1751 nec
307 1713 518 1764 epistolari
537 1715 674 1763 posset
694 1713 897 1752 breuitate
916 1713 1146 1764 complecti.
1167 1713 1351 1752 Tantum
1370 1713 1462 1752 dico
1481 1713 1658 1763 dignum
1678 1714 1718 1750 te
1736 1727 1778 1758 40

122 1789 209 1815 esse
222 1790 347 1827 quem
359 1791 491 1817 vnum
511 1778 621 1817 docti
641 1791 787 1818 omnes
805 1778 1074 1827 admirentur,
1093 1778 1137 1817 in
1153 1791 1276 1829 quem
1291 1777 1577 1817 celebrationis
1596 1790 1720 1815 omne

122 1853 251 1891 genus
276 1841 366 1891 ipso
393 1843 501 1892 quod
529 1843 681 1881 dicitur
709 1843 855 1882 horreo
881 1845 1116 1893 congerant.
1175 1843 1293 1892 Quod
1320 1843 1370 1882 ad
1397 1856 1464 1882 me
1488 1842 1647 1889 attinet,
1671 1855 1718 1880 eo

123 1918 189 1944 me
221 1907 339 1945 crede
367 1906 444 1945 tibi
467 1907 634 1946 vinculo
656 1908 844 1958 ligatum,
873 1909 920 1947 vt
943 1908 1180 1947 delitiarum
1205 1907 1295 1947 loco
1317 1910 1540 1958 putaturus
1568 1907 1660 1954 sim,
1683 1907 1718 1945 si

123 1984 307 2021 vnquam
326 1971 394 2010 vel
413 1974 565 2011 nutum
584 1975 706 2012 tuum
721 1974 961 2023 praecipere,
980 1986 1032 2012 ne
1051 1973 1185 2012 dicam
1200 1973 1401 2023 imperata
1420 1973 1562 2021 facere,
1585 1972 1714 2011 liceat.

177 2036 353 2075 Fueram
381 2037 572 2087 pluribus
601 2039 740 2076 tecum
770 2040 1138 2087 commentaturus,
1169 2040 1208 2077 et
1236 2051 1356 2088 porro
1387 2038 1588 2088 quaedam
1616 2050 1718 2088 quae
1736 2052 1776 2085 45

121 2113 190 2140 me
217 2103 379 2152 angunt
406 2102 478 2141 abs
506 2104 547 2141 te
582 2103 855 2152 quaesiturus.
914 2104 994 2143 Sed
1022 2106 1163 2142 noster
1192 2103 1446 2152 Bonifacius‚
1478 2102 1718 2142 adulescens

122 2167 308 2216 egregiae
346 2166 510 2215 indolis,
553 2168 684 2207 solida
716 2168 946 2207 eruditione
980 2168 1236 2218 conspicuus,
1276 2168 1463 2207 humeris
1500 2168 1717 2207 incumbit.

123 2231 250 2282 Spero
270 2244 337 2270 me
357 2232 402 2270 in
425 2234 525 2281 octo,
549 2235 621 2272 aut
641 2234 692 2272 ad
714 2246 928 2272 summum
948 2248 976 2273 x
997 2234 1141 2273 diebus
1162 2246 1298 2272 coram
1321 2234 1566 2284 pariturum.

177 2296 278 2335 Vale
298 2310 348 2336 ex
367 2297 583 2347 Fryburgo
603 2311 630 2337 v
651 2298 754 2337 Idus
773 2299 955 2348 Augusti
979 2309 1038 2347 15.

1369 2364 1483 2402 Tuus
1504 2363 1658 2402 Zasius.
1735 2378 1775 2409 50

176 2426 306 2465 Beato
327 2427 528 2466 Rhenano
552 2429 693 2467 omnia
713 2428 926 2468 charitatis
946 2430 1117 2467 nomina
1136 2442 1229 2467 meo
1249 2429 1420 2467 nomine
1439 2427 1642 2466 declarato
1662 2428 1713 2472 et,

125 2490 207 2528 nisi
225 2490 305 2529 tibi
323 2492 547 2531 molestum
568 2494 633 2542 sit,
652 2494 898 2544 Philippum
910 2494 1197 2544 Eugentinum
1218 2493 1337 2532 valde
1357 2492 1545 2531 salutato.
1589 2491 1716 2529 Plura

123 2554 231 2594 mihi
250 2555 465 2595 scribenda
482 2558 630 2606 forent,
654 2571 757 2608 quae
778 2571 916 2597 coram
936 2558 1161 2597 absoluam.

171 2665 220 2695 19.
245 2657 363 2686 tetum
378 2658 446 2687 MS.
594 2668 646 2689 22.
672 2667 710 2689 ac
727 2661 801 2689 add.
817 2661 880 2689 LB.
1021 2667 1073 2698 39.
1099 2667 1178 2689 meo
1192 2659 1256 2696 LB,
1275 2659 1312 2695 cf.
1330 2660 1410 2694 ΕΜ).
1429 2666 1504 2696 304.
1524 2666 1557 2695 9,
1574 2656 1648 2695 418.
1672 2666 1691 2686 2
1708 2668 1714 2687 ε

126 2708 181 2730 me
197 2701 266 2729 MS.
283 2710 290 2729 :
314 2699 372 2729 cui
390 2721 398 2730 .
415 2723 422 2730 .
441 2723 448 2730 .
468 2709 586 2731 meum
602 2702 771 2740 exiguum
788 2702 974 2741 ingenium
991 2723 998 2731 .
1018 2724 1025 2732 .
1047 2724 1055 2732 .
1075 2712 1126 2739 40.
1144 2710 1284 2740 possem
1300 2703 1436 2738 Rz'eyqer.
1536 2710 1588 2738 42.
1615 2699 1715 2739 Quod

125 2745 197 2773 LB:
222 2742 271 2780 qd
286 2744 353 2772 MS,
459 2753 511 2781 44.
535 2744 713 2783 percipere
729 2747 792 2784 LB,
807 2755 864 2782 per
879 2754 1018 2775 errorem.
1109 2754 1162 2782 47.
1187 2744 1301 2775 solida
1317 2742 1523 2774 eruditione
1541 2746 1661 2782 scripsi,
1675 2745 1713 2780 cs.

126 2787 185 2823 Ep.
203 2786 278 2824 306.
301 2794 339 2824 15
355 2796 362 2816 ε
386 2785 498 2817 solide
514 2786 683 2826 eruditonr
695 2790 764 2817 MS.
869 2787 1071 2826 conspicuis
1087 2789 1150 2818 LB.

169 2895 220 2924 27.
240 2884 462 2925 scarabeum]
480 2886 581 2922 Adaq.
600 2885 695 2915 2601.
957 2884 996 2923 (ή-
1012 2894 1041 2915 c.
1072 2885 1167 2924 Sept.
1202 2885 1298 2926 1528)
1332 2885 1369 2915 of
1396 2884 1521 2925 Engen
1548 2885 1587 2916 in
1614 2884 1646 2916 S.
1673 2885 1710 2915 E.

169 2929 223 2967 46.
266 2927 488 2969 Bonifacius]
531 2927 732 2958 Amorbach
757 2937 765 2965 ;
814 2927 884 2958 evi·
955 2927 1089 2968 Baden,
1108 2928 1360 2959 matriculated
1375 2930 1411 2959 at
1435 2929 1661 2968 Wittenberg
1676 2929 1715 2959 in

125 2971 252 3011 dently
275 2972 336 3002 the
359 2971 482 3002 bearer
504 2970 541 3002 of
560 2971 635 3002 this
658 2970 774 3002 letter.
958 2971 1085 3011 1508-9
1115 2971 1207 3002 with
1239 2971 1396 3010 Luther3
1428 2972 1501 3003 and
1531 2981 1604 3003 was
1638 2972 1715 3002 still

169 3023 222 3054 52.
233 3013 498 3055 Eugentinum]
516 3013 637 3053 Philip
648 3013 885 3054 Engelbrecht
956 3015 1058 3045 there
1086 3015 1124 3045 in
1158 3024 1238 3054 1512
1270 3015 1347 3056 (SE.
1370 3017 1409 3046 61
1434 3015 1505 3046 and
1536 3016 1604 3056 65),
1630 3015 1716 3046 ulti-
