<?xml version="1.0" encoding="UTF-8"?>
<!DOCTYPE html PUBLIC "-//W3C//DTD XHTML 1.0 Transitional//EN"
    "http://www.w3.org/TR/xhtml1/DTD/xhtml1-transitional.dtd">
<html xmlns="http://www.w3.org/1999/xhtml" xml:lang="en" lang="en">
 <head>
  <title>
</title>
<meta http-equiv="Content-Type" content="text/html;charset=utf-8" />
  <meta name='ocr-system' content='tesseract 3.04.00' />
  <meta name='ocr-capabilities' content='ocr_page ocr_carea ocr_par ocr_line ocrx_word'/>
</head>
<body>
  <div class='ocr_page' id='page_1' title='image "./opusepistolarumd02erasuoft/opusepistolarumd02erasuoft_0036.png"; bbox 0 0 2073 3464; ppageno 0'>
   <div class='ocr_carea' id='block_1_1' title="bbox 283 176 1866 230">
    <p class='ocr_par' dir='ltr' id='par_1_1' title="bbox 283 176 1866 230">
     <span class='ocr_line' id='line_1_1' title="bbox 283 176 1866 230; baseline -0.001 -15"><span class='ocrx_word' id='word_1_1' title='bbox 283 178 332 215; x_wconf 80' lang='lat'>12</span> <span class='ocrx_word' id='word_1_2' title='bbox 740 177 992 216; x_wconf 83' lang='lat' dir='ltr'>LETTERS</span> <span class='ocrx_word' id='word_1_3' title='bbox 1030 177 1100 216; x_wconf 87' lang='lat' dir='ltr'>OF</span> <span class='ocrx_word' id='word_1_4' title='bbox 1138 176 1401 215; x_wconf 83' lang='lat' dir='ltr'>ERASMUS</span> <span class='ocrx_word' id='word_1_5' title='bbox 1741 176 1866 230; x_wconf 87' lang='lat'>[1514</span> 
     </span>
    </p>
   </div>
   <div class='ocr_carea' id='block_1_2' title="bbox 225 284 1882 2488">
    <p class='ocr_par' dir='ltr' id='par_1_2' title="bbox 225 284 1881 2148">
     <span class='ocr_line' id='line_1_2' title="bbox 282 284 1867 336; baseline 0 -10"><span class='ocrx_word' id='word_1_6' title='bbox 282 287 388 326; x_wconf 89' lang='lat' dir='ltr'>Nam</span> <span class='ocrx_word' id='word_1_7' title='bbox 426 291 496 326; x_wconf 85' lang='lat' dir='ltr'>tua</span> <span class='ocrx_word' id='word_1_8' title='bbox 533 288 713 327; x_wconf 78' lang='lat' dir='ltr'>arbitror</span> <span class='ocrx_word' id='word_1_9' title='bbox 750 287 875 325; x_wconf 87' lang='lat' dir='ltr'>refert</span> <span class='ocrx_word' id='word_1_10' title='bbox 923 286 1025 325; x_wconf 87' lang='lat' dir='ltr'>scire</span> <span class='ocrx_word' id='word_1_11' title='bbox 1070 286 1169 336; x_wconf 92' lang='lat' dir='ltr'>quid</span> <span class='ocrx_word' id='word_1_12' title='bbox 1208 286 1256 324; x_wconf 89' lang='lat' dir='ltr'>de</span> <span class='ocrx_word' id='word_1_13' title='bbox 1294 286 1463 324; x_wconf 86' lang='lat' dir='ltr'>absente</span> <span class='ocrx_word' id='word_1_14' title='bbox 1506 284 1631 336; x_wconf 87' lang='lat' dir='ltr'>vulgo</span> <span class='ocrx_word' id='word_1_15' title='bbox 1679 288 1867 326; x_wconf 89' lang='lat' dir='ltr'>senciant</span> 
     </span>
     <span class='ocr_line' id='line_1_3' title="bbox 280 353 482 392; baseline 0.005 -1"><span class='ocrx_word' id='word_1_16' title='bbox 280 353 482 392; x_wconf 87' lang='lat' dir='ltr'>homines.</span> 
     </span>
     <span class='ocr_line' id='line_1_4' title="bbox 226 414 1870 467; baseline 0 -12"><span class='ocrx_word' id='word_1_17' title='bbox 226 430 262 461; x_wconf 78' lang='lat'>¹5</span> <span class='ocrx_word' id='word_1_18' title='bbox 336 418 480 467; x_wconf 83' lang='lat' dir='ltr'>Itaque</span> <span class='ocrx_word' id='word_1_19' title='bbox 512 417 696 467; x_wconf 89' lang='lat' dir='ltr'>primum</span> <span class='ocrx_word' id='word_1_20' title='bbox 734 416 836 454; x_wconf 89' lang='lat' dir='ltr'>scito</span> <span class='ocrx_word' id='word_1_21' title='bbox 870 415 1044 454; x_wconf 88' lang='lat' dir='ltr'>Moriam</span> <span class='ocrx_word' id='word_1_22' title='bbox 1083 417 1199 454; x_wconf 89' lang='lat' dir='ltr'>tuam</span> <span class='ocrx_word' id='word_1_23' title='bbox 1232 414 1414 454; x_wconf 89' lang='lat' dir='ltr'>multum</span> <span class='ocrx_word' id='word_1_24' title='bbox 1447 414 1617 453; x_wconf 89' lang='lat' dir='ltr'>omnino</span> <span class='ocrx_word' id='word_1_25' title='bbox 1639 415 1870 455; x_wconf 88' lang='lat' dir='ltr'>·turbarum</span> 
     </span>
     <span class='ocr_line' id='line_1_5' title="bbox 282 478 1872 531; baseline -0.001 -11"><span class='ocrx_word' id='word_1_26' title='bbox 282 482 534 530; x_wconf 82' lang='lat' dir='ltr'>excitauisse,</span> <span class='ocrx_word' id='word_1_27' title='bbox 571 482 695 530; x_wconf 90' lang='lat' dir='ltr'>idque</span> <span class='ocrx_word' id='word_1_28' title='bbox 728 481 839 519; x_wconf 90' lang='lat' dir='ltr'>inter</span> <span class='ocrx_word' id='word_1_29' title='bbox 872 481 934 519; x_wconf 90' lang='lat' dir='ltr'>tui</span> <span class='ocrx_word' id='word_1_30' title='bbox 968 480 1153 519; x_wconf 88' lang='lat' dir='ltr'>nominis</span> <span class='ocrx_word' id='word_1_31' title='bbox 1179 480 1342 531; x_wconf 84' lang='lat' dir='ltr'>pridem</span> <span class='ocrx_word' id='word_1_32' title='bbox 1374 478 1710 520; x_wconf 74' lang='lat' dir='ltr'>studiosissimos.</span> <span class='ocrx_word' id='word_1_33' title='bbox 1771 480 1872 529; x_wconf 79' lang='lat' dir='ltr'>Quis</span> 
     </span>
     <span class='ocr_line' id='line_1_6' title="bbox 281 544 1872 596; baseline -0.001 -11"><span class='ocrx_word' id='word_1_34' title='bbox 281 548 395 585; x_wconf 90' lang='lat' dir='ltr'>enim</span> <span class='ocrx_word' id='word_1_35' title='bbox 425 560 507 584; x_wconf 89' lang='lat' dir='ltr'>non</span> <span class='ocrx_word' id='word_1_36' title='bbox 537 545 708 584; x_wconf 83' lang='lat' dir='ltr'>candide</span> <span class='ocrx_word' id='word_1_37' title='bbox 737 546 872 584; x_wconf 84' lang='lat' dir='ltr'>faueat</span> <span class='ocrx_word' id='word_1_38' title='bbox 901 545 973 584; x_wconf 90' lang='lat' dir='ltr'>isti</span> <span class='ocrx_word' id='word_1_39' title='bbox 1001 545 1168 596; x_wconf 76' lang='lat' dir='ltr'>pectori,</span> <span class='ocrx_word' id='word_1_40' title='bbox 1190 545 1311 595; x_wconf 80' lang='lat' dir='ltr'>quod.</span> <span class='ocrx_word' id='word_1_41' title='bbox 1329 545 1408 584; x_wconf 89' lang='lat' dir='ltr'>sibi</span> <span class='ocrx_word' id='word_1_42' title='bbox 1438 545 1588 594; x_wconf 85' lang='lat' dir='ltr'>Musae,</span> <span class='ocrx_word' id='word_1_43' title='bbox 1612 544 1720 595; x_wconf 88' lang='lat' dir='ltr'>quod</span> <span class='ocrx_word' id='word_1_44' title='bbox 1743 545 1872 594; x_wconf 91' lang='lat' dir='ltr'>philo-</span> 
     </span>
     <span class='ocr_line' id='line_1_7' title="bbox 281 609 1873 662; baseline -0.001 -12"><span class='ocrx_word' id='word_1_45' title='bbox 281 612 426 662; x_wconf 84' lang='lat' dir='ltr'>sophia</span> <span class='ocrx_word' id='word_1_46' title='bbox 458 611 548 657; x_wconf 91' lang='lat' dir='ltr'>sibi,</span> <span class='ocrx_word' id='word_1_47' title='bbox 578 611 684 661; x_wconf 90' lang='lat' dir='ltr'>quod</span> <span class='ocrx_word' id='word_1_48' title='bbox 723 611 934 661; x_wconf 78' lang='lat' dir='ltr'>theologia</span> <span class='ocrx_word' id='word_1_49' title='bbox 969 611 1253 662; x_wconf 86' lang='lat' dir='ltr'>gratissimum</span> <span class='ocrx_word' id='word_1_50' title='bbox 1299 611 1377 650; x_wconf 90' lang='lat' dir='ltr'>sibi</span> <span class='ocrx_word' id='word_1_51' title='bbox 1416 610 1569 661; x_wconf 87' lang='lat' dir='ltr'>delegit</span> <span class='ocrx_word' id='word_1_52' title='bbox 1606 609 1841 660; x_wconf 89' lang='lat' dir='ltr'>hospicium</span> <span class='ocrx_word' id='word_1_53' title='bbox 1853 611 1873 648; x_wconf 87' lang='lat'>‘?</span> 
     </span>
     <span class='ocr_line' id='line_1_8' title="bbox 282 675 1874 726; baseline -0.001 -12"><span class='ocrx_word' id='word_1_54' title='bbox 282 677 365 715; x_wconf 86' lang='lat' dir='ltr'>Nec</span> <span class='ocrx_word' id='word_1_55' title='bbox 398 676 622 715; x_wconf 84' lang='lat' dir='ltr'>defuerunt</span> <span class='ocrx_word' id='word_1_56' title='bbox 654 678 804 726; x_wconf 89' lang='lat' dir='ltr'>tamen,</span> <span class='ocrx_word' id='word_1_57' title='bbox 838 676 900 715; x_wconf 90' lang='lat' dir='ltr'>vti</span> <span class='ocrx_word' id='word_1_58' title='bbox 933 679 974 715; x_wconf 89' lang='lat' dir='ltr'>et</span> <span class='ocrx_word' id='word_1_59' title='bbox 1007 689 1118 715; x_wconf 92' lang='lat' dir='ltr'>nunc</span> <span class='ocrx_word' id='word_1_60' title='bbox 1151 689 1235 715; x_wconf 91' lang='lat' dir='ltr'>non</span> <span class='ocrx_word' id='word_1_61' title='bbox 1269 676 1428 722; x_wconf 86' lang='lat' dir='ltr'>desunt,</span> <span class='ocrx_word' id='word_1_62' title='bbox 1458 676 1529 726; x_wconf 89' lang='lat' dir='ltr'>qui</span> <span class='ocrx_word' id='word_1_63' title='bbox 1562 689 1651 715; x_wconf 90' lang='lat' dir='ltr'>rem</span> <span class='ocrx_word' id='word_1_64' title='bbox 1683 675 1874 726; x_wconf 89' lang='lat' dir='ltr'>gnauiter</span> 
     </span>
     <span class='ocr_line' id='line_1_9' title="bbox 225 741 1872 792; baseline -0.001 -12"><span class='ocrx_word' id='word_1_65' title='bbox 225 755 264 776; x_wconf 84' lang='lat'>20</span> <span class='ocrx_word' id='word_1_66' title='bbox 281 742 537 790; x_wconf 83' lang='lat' dir='ltr'>excusarint;</span> <span class='ocrx_word' id='word_1_67' title='bbox 584 742 654 780; x_wconf 89' lang='lat' dir='ltr'>sed</span> <span class='ocrx_word' id='word_1_68' title='bbox 693 742 765 792; x_wconf 90' lang='lat' dir='ltr'>qui</span> <span class='ocrx_word' id='word_1_69' title='bbox 803 743 997 780; x_wconf 89' lang='lat' dir='ltr'>omnibus</span> <span class='ocrx_word' id='word_1_70' title='bbox 1035 742 1219 781; x_wconf 92' lang='lat' dir='ltr'>numeris</span> <span class='ocrx_word' id='word_1_71' title='bbox 1256 741 1533 792; x_wconf 89' lang='lat' dir='ltr'>probauerint‚</span> <span class='ocrx_word' id='word_1_72' title='bbox 1566 741 1596 780; x_wconf 91' lang='lat' dir='ltr'>ii</span> <span class='ocrx_word' id='word_1_73' title='bbox 1627 754 1722 780; x_wconf 88' lang='lat' dir='ltr'>sane</span> <span class='ocrx_word' id='word_1_74' title='bbox 1761 741 1872 779; x_wconf 84' lang='lat' dir='ltr'>suere</span> 
     </span>
     <span class='ocr_line' id='line_1_10' title="bbox 281 806 1872 857; baseline 0 -13"><span class='ocrx_word' id='word_1_75' title='bbox 281 807 482 857; x_wconf 81' lang='lat' dir='ltr'>perpauci.</span> <span class='ocrx_word' id='word_1_76' title='bbox 544 806 652 855; x_wconf 76' lang='lat' dir='ltr'>Quid</span> <span class='ocrx_word' id='word_1_77' title='bbox 690 806 836 845; x_wconf 79' lang='lat' dir='ltr'>enim?</span> <span class='ocrx_word' id='word_1_78' title='bbox 881 807 1088 857; x_wconf 91' lang='lat' dir='ltr'>inquiunt.</span> <span class='ocrx_word' id='word_1_79' title='bbox 1148 807 1294 845; x_wconf 88' lang='lat' dir='ltr'>Eciam</span> <span class='ocrx_word' id='word_1_80' title='bbox 1332 807 1367 845; x_wconf 92' lang='lat' dir='ltr'>si</span> <span class='ocrx_word' id='word_1_81' title='bbox 1402 806 1616 846; x_wconf 86' lang='lat' dir='ltr'>verissima</span> <span class='ocrx_word' id='word_1_82' title='bbox 1651 806 1872 856; x_wconf 84' lang='lat' dir='ltr'>scripserit,</span> 
     </span>
     <span class='ocr_line' id='line_1_11' title="bbox 282 872 1875 923; baseline 0 -13"><span class='ocrx_word' id='word_1_83' title='bbox 282 886 419 911; x_wconf 90' lang='lat' dir='ltr'>nonne</span> <span class='ocrx_word' id='word_1_84' title='bbox 442 872 678 910; x_wconf 88' lang='lat' dir='ltr'>demenciae</span> <span class='ocrx_word' id='word_1_85' title='bbox 704 875 766 911; x_wconf 90' lang='lat' dir='ltr'>est</span> <span class='ocrx_word' id='word_1_86' title='bbox 790 872 897 910; x_wconf 87' lang='lat' dir='ltr'>nihil</span> <span class='ocrx_word' id='word_1_87' title='bbox 923 873 1037 912; x_wconf 88' lang='lat' dir='ltr'>aliud</span> <span class='ocrx_word' id='word_1_88' title='bbox 1063 886 1105 911; x_wconf 93' lang='lat' dir='ltr'>se</span> <span class='ocrx_word' id='word_1_89' title='bbox 1131 873 1342 922; x_wconf 84' lang='lat' dir='ltr'>fatigando</span> <span class='ocrx_word' id='word_1_90' title='bbox 1369 886 1492 923; x_wconf 88' lang='lat' dir='ltr'>quam</span> <span class='ocrx_word' id='word_1_91' title='bbox 1517 872 1659 912; x_wconf 90' lang='lat' dir='ltr'>odium</span> <span class='ocrx_word' id='word_1_92' title='bbox 1679 874 1875 922; x_wconf 76' lang='lat' dir='ltr'>querere?</span> 
     </span>
     <span class='ocr_line' id='line_1_12' title="bbox 283 938 1875 989; baseline 0 -13"><span class='ocrx_word' id='word_1_93' title='bbox 283 938 432 976; x_wconf 89' lang='lat' dir='ltr'>Nonne</span> <span class='ocrx_word' id='word_1_94' title='bbox 451 938 629 977; x_wconf 91' lang='lat' dir='ltr'>stultum</span> <span class='ocrx_word' id='word_1_95' title='bbox 650 938 714 985; x_wconf 87' lang='lat' dir='ltr'>sit,</span> <span class='ocrx_word' id='word_1_96' title='bbox 737 939 772 977; x_wconf 89' lang='lat' dir='ltr'>si</span> <span class='ocrx_word' id='word_1_97' title='bbox 791 938 858 977; x_wconf 89' lang='lat' dir='ltr'>vel</span> <span class='ocrx_word' id='word_1_98' title='bbox 878 939 1078 988; x_wconf 86' lang='lat' dir='ltr'>optimam</span> <span class='ocrx_word' id='word_1_99' title='bbox 1099 951 1194 988; x_wconf 86' lang='lat' dir='ltr'>agas</span> <span class='ocrx_word' id='word_1_100' title='bbox 1214 938 1408 987; x_wconf 88' lang='lat' dir='ltr'>fabulam,</span> <span class='ocrx_word' id='word_1_101' title='bbox 1433 951 1557 989; x_wconf 87' lang='lat' dir='ltr'>quam</span> <span class='ocrx_word' id='word_1_102' title='bbox 1577 951 1700 976; x_wconf 90' lang='lat' dir='ltr'>nemo</span> <span class='ocrx_word' id='word_1_103' title='bbox 1720 939 1875 988; x_wconf 85' lang='lat' dir='ltr'>spectet</span> 
     </span>
     <span class='ocr_line' id='line_1_13' title="bbox 284 1003 1875 1053; baseline -0.001 -12"><span class='ocrx_word' id='word_1_104' title='bbox 284 1003 512 1042; x_wconf 88' lang='lat' dir='ltr'>inoffensus</span> <span class='ocrx_word' id='word_1_105' title='bbox 557 1016 719 1053; x_wconf 90' lang='lat' dir='ltr'>quaque</span> <span class='ocrx_word' id='word_1_106' title='bbox 762 1003 934 1053; x_wconf 87' lang='lat' dir='ltr'>plurimi</span> <span class='ocrx_word' id='word_1_107' title='bbox 975 1004 1244 1042; x_wconf 89' lang='lat' dir='ltr'>vehementer</span> <span class='ocrx_word' id='word_1_108' title='bbox 1288 1004 1583 1042; x_wconf 78' lang='lat' dir='ltr'>offendantur?</span> <span class='ocrx_word' id='word_1_109' title='bbox 1651 1003 1743 1042; x_wconf 90' lang='lat' dir='ltr'>Iam</span> <span class='ocrx_word' id='word_1_110' title='bbox 1780 1015 1875 1042; x_wconf 91' lang='lat' dir='ltr'>vero</span> 
     </span>
     <span class='ocr_line' id='line_1_14' title="bbox 227 1068 1875 1119; baseline -0.001 -13"><span class='ocrx_word' id='word_1_111' title='bbox 227 1081 264 1112; x_wconf 84' lang='lat'>25</span> <span class='ocrx_word' id='word_1_112' title='bbox 284 1068 574 1118; x_wconf 82' lang='lat' dir='ltr'>theologorum</span> <span class='ocrx_word' id='word_1_113' title='bbox 626 1068 826 1117; x_wconf 85' lang='lat' dir='ltr'>ordinem,</span> <span class='ocrx_word' id='word_1_114' title='bbox 879 1082 1002 1118; x_wconf 89' lang='lat' dir='ltr'>quem</span> <span class='ocrx_word' id='word_1_115' title='bbox 1051 1070 1266 1119; x_wconf 81' lang='lat' dir='ltr'>tantopere</span> <span class='ocrx_word' id='word_1_116' title='bbox 1317 1069 1482 1118; x_wconf 84' lang='lat' dir='ltr'>expedit</span> <span class='ocrx_word' id='word_1_117' title='bbox 1527 1081 1612 1107; x_wconf 92' lang='lat' dir='ltr'>non</span> <span class='ocrx_word' id='word_1_118' title='bbox 1664 1068 1875 1107; x_wconf 84' lang='lat' dir='ltr'>contemni</span> 
     </span>
     <span class='ocr_line' id='line_1_15' title="bbox 283 1128 1876 1184; baseline -0.001 -12"><span class='ocrx_word' id='word_1_119' title='bbox 283 1147 306 1172; x_wconf 90' lang='lat' dir='ltr'>a</span> <span class='ocrx_word' id='word_1_120' title='bbox 342 1133 471 1183; x_wconf 86' lang='lat' dir='ltr'>plebe,</span> <span class='ocrx_word' id='word_1_121' title='bbox 513 1133 612 1183; x_wconf 89' lang='lat' dir='ltr'>quid</span> <span class='ocrx_word' id='word_1_122' title='bbox 650 1133 818 1183; x_wconf 76' lang='lat' dir='ltr'>profuit,</span> <span class='ocrx_word' id='word_1_123' title='bbox 860 1134 992 1172; x_wconf 88' lang='lat' dir='ltr'>immo</span> <span class='ocrx_word' id='word_1_124' title='bbox 1029 1148 1126 1173; x_wconf 88' lang='lat' dir='ltr'>vero</span> <span class='ocrx_word' id='word_1_125' title='bbox 1171 1136 1376 1184; x_wconf 87' lang='lat' dir='ltr'>quantum</span> <span class='ocrx_word' id='word_1_126' title='bbox 1414 1134 1558 1183; x_wconf 86' lang='lat' dir='ltr'>oberit,</span> <span class='ocrx_word' id='word_1_127' title='bbox 1599 1135 1687 1172; x_wconf 90' lang='lat' dir='ltr'>tam</span> <span class='ocrx_word' id='word_1_128' title='bbox 1731 1128 1876 1172; x_wconf 86' lang='lat' dir='ltr'>acriter</span> 
     </span>
     <span class='ocr_line' id='line_1_16' title="bbox 284 1198 1870 1250; baseline 0.001 -14"><span class='ocrx_word' id='word_1_129' title='bbox 284 1198 560 1248; x_wconf 82' lang='lat' dir='ltr'>suggillasse?</span> <span class='ocrx_word' id='word_1_130' title='bbox 606 1199 653 1236; x_wconf 90' lang='lat' dir='ltr'>vt</span> <span class='ocrx_word' id='word_1_131' title='bbox 684 1199 887 1237; x_wconf 87' lang='lat' dir='ltr'>donemus</span> <span class='ocrx_word' id='word_1_132' title='bbox 915 1199 1084 1238; x_wconf 89' lang='lat' dir='ltr'>interim</span> <span class='ocrx_word' id='word_1_133' title='bbox 1113 1213 1211 1238; x_wconf 88' lang='lat' dir='ltr'>vera</span> <span class='ocrx_word' id='word_1_134' title='bbox 1241 1199 1333 1249; x_wconf 81' lang='lat' dir='ltr'>(te)</span> <span class='ocrx_word' id='word_1_135' title='bbox 1360 1200 1409 1238; x_wconf 89' lang='lat' dir='ltr'>de</span> <span class='ocrx_word' id='word_1_136' title='bbox 1437 1199 1680 1250; x_wconf 88' lang='lat' dir='ltr'>quibusdam</span> <span class='ocrx_word' id='word_1_137' title='bbox 1710 1198 1870 1237; x_wconf 84' lang='lat' dir='ltr'>dixisse.</span> 
     </span>
     <span class='ocr_line' id='line_1_17' title="bbox 285 1263 1875 1314; baseline 0.001 -13"><span class='ocrx_word' id='word_1_138' title='bbox 285 1263 475 1301; x_wconf 83' lang='lat' dir='ltr'>Preterea</span> <span class='ocrx_word' id='word_1_139' title='bbox 503 1263 554 1301; x_wconf 89' lang='lat' dir='ltr'>de</span> <span class='ocrx_word' id='word_1_140' title='bbox 584 1263 750 1302; x_wconf 86' lang='lat' dir='ltr'>Christo</span> <span class='ocrx_word' id='word_1_141' title='bbox 774 1264 942 1314; x_wconf 83' lang='lat' dir='ltr'>vitaque</span> <span class='ocrx_word' id='word_1_142' title='bbox 971 1264 1099 1314; x_wconf 89' lang='lat' dir='ltr'>beata,</span> <span class='ocrx_word' id='word_1_143' title='bbox 1130 1278 1185 1304; x_wconf 90' lang='lat' dir='ltr'>an</span> <span class='ocrx_word' id='word_1_144' title='bbox 1213 1265 1290 1303; x_wconf 91' lang='lat' dir='ltr'>hoc</span> <span class='ocrx_word' id='word_1_145' title='bbox 1318 1265 1408 1314; x_wconf 89' lang='lat' dir='ltr'>piae</span> <span class='ocrx_word' id='word_1_146' title='bbox 1438 1266 1573 1303; x_wconf 87' lang='lat' dir='ltr'>ferant</span> <span class='ocrx_word' id='word_1_147' title='bbox 1602 1277 1732 1312; x_wconf 91' lang='lat' dir='ltr'>aures,</span> <span class='ocrx_word' id='word_1_148' title='bbox 1766 1263 1875 1313; x_wconf 89' lang='lat' dir='ltr'>quod</span> 
     </span>
     <span class='ocr_line' id='line_1_18' title="bbox 284 1328 1875 1380; baseline 0.001 -15"><span class='ocrx_word' id='word_1_149' title='bbox 284 1328 347 1366; x_wconf 92' lang='lat' dir='ltr'>illi</span> <span class='ocrx_word' id='word_1_150' title='bbox 367 1328 595 1367; x_wconf 80' lang='lat' dir='ltr'>stulticiam</span> <span class='ocrx_word' id='word_1_151' title='bbox 614 1328 786 1377; x_wconf 90' lang='lat' dir='ltr'>tribuat,</span> <span class='ocrx_word' id='word_1_152' title='bbox 807 1329 913 1368; x_wconf 89' lang='lat' dir='ltr'>hanc</span> <span class='ocrx_word' id='word_1_153' title='bbox 942 1330 1051 1368; x_wconf 88' lang='lat' dir='ltr'>nihil</span> <span class='ocrx_word' id='word_1_154' title='bbox 1080 1330 1193 1368; x_wconf 89' lang='lat' dir='ltr'>aliud</span> <span class='ocrx_word' id='word_1_155' title='bbox 1223 1331 1332 1369; x_wconf 87' lang='lat' dir='ltr'>dicat</span> <span class='ocrx_word' id='word_1_156' title='bbox 1360 1330 1546 1368; x_wconf 86' lang='lat' dir='ltr'>futuram</span> <span class='ocrx_word' id='word_1_157' title='bbox 1569 1343 1694 1380; x_wconf 88' lang='lat' dir='ltr'>quam</span> <span class='ocrx_word' id='word_1_158' title='bbox 1713 1330 1875 1368; x_wconf 88' lang='lat' dir='ltr'>demen-</span> 
     </span>
     <span class='ocr_line' id='line_1_19' title="bbox 226 1393 1878 1445; baseline 0.001 -15"><span class='ocrx_word' id='word_1_159' title='bbox 226 1408 266 1438; x_wconf 80' lang='lat'>30</span> <span class='ocrx_word' id='word_1_160' title='bbox 285 1393 368 1431; x_wconf 89' lang='lat' dir='ltr'>ciae</span> <span class='ocrx_word' id='word_1_161' title='bbox 390 1393 587 1442; x_wconf 87' lang='lat' dir='ltr'>quiddam</span> <span class='ocrx_word' id='word_1_162' title='bbox 601 1395 621 1432; x_wconf 85' lang='lat'>‘?</span> <span class='ocrx_word' id='word_1_163' title='bbox 650 1394 793 1444; x_wconf 90' lang='lat' dir='ltr'>Neque</span> <span class='ocrx_word' id='word_1_164' title='bbox 812 1395 925 1432; x_wconf 89' lang='lat' dir='ltr'>enim</span> <span class='ocrx_word' id='word_1_165' title='bbox 946 1395 1055 1445; x_wconf 91' lang='lat' dir='ltr'>quod</span> <span class='ocrx_word' id='word_1_166' title='bbox 1083 1395 1238 1434; x_wconf 90' lang='lat' dir='ltr'>falsum</span> <span class='ocrx_word' id='word_1_167' title='bbox 1260 1396 1331 1440; x_wconf 84' lang='lat' dir='ltr'>est,</span> <span class='ocrx_word' id='word_1_168' title='bbox 1355 1395 1396 1434; x_wconf 90' lang='lat' dir='ltr'>id</span> <span class='ocrx_word' id='word_1_169' title='bbox 1422 1395 1558 1434; x_wconf 89' lang='lat' dir='ltr'>solum</span> <span class='ocrx_word' id='word_1_170' title='bbox 1579 1395 1770 1434; x_wconf 87' lang='lat' dir='ltr'>scandalo</span> <span class='ocrx_word' id='word_1_171' title='bbox 1790 1407 1878 1433; x_wconf 89' lang='lat' dir='ltr'>esse</span> 
     </span>
     <span class='ocr_line' id='line_1_20' title="bbox 285 1459 1872 1511; baseline 0.001 -15"><span class='ocrx_word' id='word_1_172' title='bbox 285 1460 470 1506; x_wconf 72' lang='lat' dir='ltr'>constat,</span> <span class='ocrx_word' id='word_1_173' title='bbox 513 1459 583 1497; x_wconf 89' lang='lat' dir='ltr'>sed</span> <span class='ocrx_word' id='word_1_174' title='bbox 611 1459 802 1510; x_wconf 89' lang='lat' dir='ltr'>quicquid</span> <span class='ocrx_word' id='word_1_175' title='bbox 833 1459 1013 1498; x_wconf 88' lang='lat' dir='ltr'>infirmis</span> <span class='ocrx_word' id='word_1_176' title='bbox 1041 1460 1237 1499; x_wconf 90' lang='lat' dir='ltr'>fratribus</span> <span class='ocrx_word' id='word_1_177' title='bbox 1264 1461 1394 1511; x_wconf 86' lang='lat' dir='ltr'>possit</span> <span class='ocrx_word' id='word_1_178' title='bbox 1422 1474 1509 1499; x_wconf 88' lang='lat' dir='ltr'>esse</span> <span class='ocrx_word' id='word_1_179' title='bbox 1538 1460 1680 1499; x_wconf 88' lang='lat' dir='ltr'>ruinae</span> <span class='ocrx_word' id='word_1_180' title='bbox 1708 1459 1872 1507; x_wconf 81' lang='lat' dir='ltr'>occasio,</span> 
     </span>
     <span class='ocr_line' id='line_1_21' title="bbox 285 1523 1878 1576; baseline 0.001 -15"><span class='ocrx_word' id='word_1_181' title='bbox 285 1536 361 1572; x_wconf 89' lang='lat' dir='ltr'>pro</span> <span class='ocrx_word' id='word_1_182' title='bbox 395 1523 545 1573; x_wconf 90' lang='lat' dir='ltr'>quibus</span> <span class='ocrx_word' id='word_1_183' title='bbox 577 1538 703 1574; x_wconf 88' lang='lat' dir='ltr'>aeque</span> <span class='ocrx_word' id='word_1_184' title='bbox 736 1539 781 1563; x_wconf 91' lang='lat' dir='ltr'>ac</span> <span class='ocrx_word' id='word_1_185' title='bbox 813 1539 887 1574; x_wconf 90' lang='lat' dir='ltr'>pro</span> <span class='ocrx_word' id='word_1_186' title='bbox 919 1525 1080 1575; x_wconf 87' lang='lat' dir='ltr'>magnis</span> <span class='ocrx_word' id='word_1_187' title='bbox 1118 1526 1260 1576; x_wconf 90' lang='lat' dir='ltr'>sophis</span> <span class='ocrx_word' id='word_1_188' title='bbox 1297 1527 1480 1564; x_wconf 86' lang='lat' dir='ltr'>animam</span> <span class='ocrx_word' id='word_1_189' title='bbox 1518 1525 1655 1564; x_wconf 80' lang='grc'><strong>5113111</strong></span> <span class='ocrx_word' id='word_1_190' title='bbox 1675 1524 1878 1575; x_wconf 86' lang='lat' dir='ltr'>impendit</span> 
     </span>
     <span class='ocr_line' id='line_1_22' title="bbox 286 1588 1875 1641; baseline 0.001 -14"><span class='ocrx_word' id='word_1_191' title='bbox 286 1588 490 1627; x_wconf 86' lang='lat' dir='ltr'>Christus.</span> <span class='ocrx_word' id='word_1_192' title='bbox 548 1589 681 1628; x_wconf 85' lang='lat' dir='ltr'>Multa</span> <span class='ocrx_word' id='word_1_193' title='bbox 715 1591 759 1628; x_wconf 92' lang='lat' dir='ltr'>in</span> <span class='ocrx_word' id='word_1_194' title='bbox 792 1590 1000 1641; x_wconf 91' lang='lat' dir='ltr'>plerisque</span> <span class='ocrx_word' id='word_1_195' title='bbox 1045 1591 1228 1630; x_wconf 90' lang='lat' dir='ltr'>conciliis</span> <span class='ocrx_word' id='word_1_196' title='bbox 1266 1591 1460 1630; x_wconf 89' lang='lat' dir='ltr'>damnata</span> <span class='ocrx_word' id='word_1_197' title='bbox 1497 1591 1624 1630; x_wconf 85' lang='lat' dir='ltr'>fuisse</span> <span class='ocrx_word' id='word_1_198' title='bbox 1661 1590 1875 1639; x_wconf 90' lang='lat' dir='ltr'>eiusmodi,</span> 
     </span>
     <span class='ocr_line' id='line_1_23' title="bbox 285 1652 1877 1706; baseline 0.002 -15"><span class='ocrx_word' id='word_1_199' title='bbox 285 1652 439 1703; x_wconf 84' lang='lat' dir='ltr'>alioqui</span> <span class='ocrx_word' id='word_1_200' title='bbox 458 1654 677 1694; x_wconf 88' lang='lat' dir='ltr'>verissima</span> <span class='ocrx_word' id='word_1_201' title='bbox 695 1656 751 1704; x_wconf 79' lang='lat' dir='ltr'>(id</span> <span class='ocrx_word' id='word_1_202' title='bbox 772 1657 882 1706; x_wconf 89' lang='lat' dir='ltr'>quod</span> <span class='ocrx_word' id='word_1_203' title='bbox 902 1657 953 1695; x_wconf 90' lang='lat' dir='ltr'>de</span> <span class='ocrx_word' id='word_1_204' title='bbox 972 1657 1146 1696; x_wconf 87' lang='lat' dir='ltr'>concilio</span> <span class='ocrx_word' id='word_1_205' title='bbox 1168 1657 1484 1696; x_wconf 84' lang='lat' dir='ltr'>Constanciensi</span> <span class='ocrx_word' id='word_1_206' title='bbox 1503 1657 1770 1695; x_wconf 86' lang='lat' dir='ltr'>manifestum</span> <span class='ocrx_word' id='word_1_207' title='bbox 1789 1658 1877 1706; x_wconf 90' lang='lat' dir='ltr'>est),</span> 
     </span>
     <span class='ocr_line' id='line_1_24' title="bbox 228 1718 1879 1772; baseline 0.002 -16"><span class='ocrx_word' id='word_1_208' title='bbox 228 1734 266 1766; x_wconf 80' lang='lat'>35</span> <span class='ocrx_word' id='word_1_209' title='bbox 288 1718 496 1757; x_wconf 87' lang='lat' dir='ltr'>Iohannes</span> <span class='ocrx_word' id='word_1_210' title='bbox 525 1720 684 1758; x_wconf 79' lang='lat' dir='ltr'>Gerson</span> <span class='ocrx_word' id='word_1_211' title='bbox 710 1722 849 1760; x_wconf 90' lang='lat' dir='ltr'>doctor</span> <span class='ocrx_word' id='word_1_212' title='bbox 873 1722 1107 1772; x_wconf 89' lang='lat' dir='ltr'>praeclarus</span> <span class='ocrx_word' id='word_1_213' title='bbox 1135 1722 1323 1761; x_wconf 87' lang='lat' dir='ltr'>affirmat.</span> <span class='ocrx_word' id='word_1_214' title='bbox 1383 1722 1599 1772; x_wconf 89' lang='lat' dir='ltr'>Equidem,</span> <span class='ocrx_word' id='word_1_215' title='bbox 1621 1722 1682 1760; x_wconf 89' lang='lat' dir='ltr'>mi</span> <span class='ocrx_word' id='word_1_216' title='bbox 1706 1722 1879 1760; x_wconf 85' lang='lat' dir='ltr'>Erasme</span> 
     </span>
     <span class='ocr_line' id='line_1_25' title="bbox 287 1782 1879 1837; baseline 0.002 -16"><span class='ocrx_word' id='word_1_217' title='bbox 287 1782 549 1833; x_wconf 80' lang='lat' dir='ltr'>chaiissime,</span> <span class='ocrx_word' id='word_1_218' title='bbox 578 1786 678 1836; x_wconf 90' lang='lat' dir='ltr'>quid</span> <span class='ocrx_word' id='word_1_219' title='bbox 717 1800 791 1837; x_wconf 86' lang='lat' dir='ltr'>ego</span> <span class='ocrx_word' id='word_1_220' title='bbox 836 1787 888 1826; x_wconf 90' lang='lat' dir='ltr'>iis</span> <span class='ocrx_word' id='word_1_221' title='bbox 931 1787 1192 1837; x_wconf 84' lang='lat' dir='ltr'>argumentis</span> <span class='ocrx_word' id='word_1_222' title='bbox 1236 1787 1520 1837; x_wconf 89' lang='lat' dir='ltr'>responderim</span> <span class='ocrx_word' id='word_1_223' title='bbox 1558 1787 1732 1837; x_wconf 86' lang='lat' dir='ltr'>longum</span> <span class='ocrx_word' id='word_1_224' title='bbox 1775 1787 1879 1825; x_wconf 83' lang='lat' dir='ltr'>foret</span> 
     </span>
     <span class='ocr_line' id='line_1_26' title="bbox 287 1852 1880 1902; baseline 0.003 -16"><span class='ocrx_word' id='word_1_225' title='bbox 287 1862 480 1897; x_wconf 78' lang='lat' dir='ltr'>narrare3</span> <span class='ocrx_word' id='word_1_226' title='bbox 520 1852 628 1889; x_wconf 87' lang='lat' dir='ltr'>certe</span> <span class='ocrx_word' id='word_1_227' title='bbox 656 1865 871 1902; x_wconf 91' lang='lat' dir='ltr'>nunquam</span> <span class='ocrx_word' id='word_1_228' title='bbox 900 1852 1102 1901; x_wconf 86' lang='lat' dir='ltr'>obmutui,</span> <span class='ocrx_word' id='word_1_229' title='bbox 1134 1866 1349 1902; x_wconf 91' lang='lat' dir='ltr'>nunquam</span> <span class='ocrx_word' id='word_1_230' title='bbox 1376 1852 1532 1891; x_wconf 90' lang='lat' dir='ltr'>cessaui</span> <span class='ocrx_word' id='word_1_231' title='bbox 1558 1853 1665 1902; x_wconf 91' lang='lat' dir='ltr'>quod</span> <span class='ocrx_word' id='word_1_232' title='bbox 1693 1866 1715 1890; x_wconf 91' lang='lat' dir='ltr'>e</span> <span class='ocrx_word' id='word_1_233' title='bbox 1745 1865 1786 1890; x_wconf 93' lang='lat' dir='ltr'>re</span> <span class='ocrx_word' id='word_1_234' title='bbox 1809 1854 1880 1890; x_wconf 88' lang='lat' dir='ltr'>tua</span> 
     </span>
     <span class='ocr_line' id='line_1_27' title="bbox 286 1916 1880 1967; baseline 0.002 -16"><span class='ocrx_word' id='word_1_235' title='bbox 286 1927 373 1952; x_wconf 90' lang='lat' dir='ltr'>esse</span> <span class='ocrx_word' id='word_1_236' title='bbox 408 1916 638 1954; x_wconf 88' lang='lat' dir='ltr'>censuerim</span> <span class='ocrx_word' id='word_1_237' title='bbox 668 1917 867 1966; x_wconf 83' lang='lat' dir='ltr'>sagaciter</span> <span class='ocrx_word' id='word_1_238' title='bbox 895 1917 1236 1966; x_wconf 88' lang='lat' dir='ltr'>animaduertere,</span> <span class='ocrx_word' id='word_1_239' title='bbox 1269 1931 1353 1956; x_wconf 90' lang='lat' dir='ltr'>non</span> <span class='ocrx_word' id='word_1_240' title='bbox 1383 1917 1506 1956; x_wconf 89' lang='lat' dir='ltr'>modo</span> <span class='ocrx_word' id='word_1_241' title='bbox 1536 1918 1634 1967; x_wconf 91' lang='lat' dir='ltr'>quid</span> <span class='ocrx_word' id='word_1_242' title='bbox 1663 1917 1727 1956; x_wconf 92' lang='lat' dir='ltr'>illi</span> <span class='ocrx_word' id='word_1_243' title='bbox 1756 1917 1806 1955; x_wconf 89' lang='lat' dir='ltr'>de</span> <span class='ocrx_word' id='word_1_244' title='bbox 1838 1919 1880 1955; x_wconf 88' lang='lat' dir='ltr'>te</span> 
     </span>
     <span class='ocr_line' id='line_1_28' title="bbox 287 1979 1881 2032; baseline 0.003 -16"><span class='ocrx_word' id='word_1_245' title='bbox 287 1979 521 2029; x_wconf 88' lang='lat' dir='ltr'>loquantur,</span> <span class='ocrx_word' id='word_1_246' title='bbox 542 1983 588 2018; x_wconf 87' lang='lat' dir='ltr'>vt</span> <span class='ocrx_word' id='word_1_247' title='bbox 607 1981 752 2030; x_wconf 85' lang='lat' dir='ltr'>amusi,</span> <span class='ocrx_word' id='word_1_248' title='bbox 778 1982 837 2020; x_wconf 86' lang='lat' dir='ltr'>ita</span> <span class='ocrx_word' id='word_1_249' title='bbox 856 1982 1097 2032; x_wconf 89' lang='lat' dir='ltr'>neutiquam</span> <span class='ocrx_word' id='word_1_250' title='bbox 1124 1982 1237 2031; x_wconf 89' lang='lat' dir='ltr'>mali,</span> <span class='ocrx_word' id='word_1_251' title='bbox 1262 1983 1536 2022; x_wconf 86' lang='lat' dir='ltr'>verumeciam</span> <span class='ocrx_word' id='word_1_252' title='bbox 1557 1982 1657 2032; x_wconf 91' lang='lat' dir='ltr'>quid</span> <span class='ocrx_word' id='word_1_253' title='bbox 1676 1982 1881 2032; x_wconf 90' lang='lat' dir='ltr'>pessimus</span> 
     </span>
     <span class='ocr_line' id='line_1_29' title="bbox 228 2045 1879 2097; baseline 0.002 -17"><span class='ocrx_word' id='word_1_254' title='bbox 228 2061 270 2091; x_wconf 90' lang='lat'>40</span> <span class='ocrx_word' id='word_1_255' title='bbox 288 2045 460 2094; x_wconf 91' lang='lat' dir='ltr'>quisque</span> <span class='ocrx_word' id='word_1_256' title='bbox 487 2045 661 2094; x_wconf 83' lang='lat' dir='ltr'>effuciat,</span> <span class='ocrx_word' id='word_1_257' title='bbox 686 2060 766 2095; x_wconf 91' lang='lat' dir='ltr'>quo</span> <span class='ocrx_word' id='word_1_258' title='bbox 791 2047 922 2097; x_wconf 85' lang='lat' dir='ltr'>possit</span> <span class='ocrx_word' id='word_1_259' title='bbox 947 2048 1014 2087; x_wconf 80' lang='lat' dir='ltr'>vel</span> <span class='ocrx_word' id='word_1_260' title='bbox 1043 2061 1181 2086; x_wconf 89' lang='lat' dir='ltr'>coram</span> <span class='ocrx_word' id='word_1_261' title='bbox 1209 2048 1260 2086; x_wconf 88' lang='lat' dir='ltr'>ab</span> <span class='ocrx_word' id='word_1_262' title='bbox 1286 2048 1429 2087; x_wconf 90' lang='lat' dir='ltr'>amicis</span> <span class='ocrx_word' id='word_1_263' title='bbox 1455 2048 1522 2086; x_wconf 90' lang='lat' dir='ltr'>vel</span> <span class='ocrx_word' id='word_1_264' title='bbox 1548 2048 1620 2087; x_wconf 85' lang='lat' dir='ltr'>abs</span> <span class='ocrx_word' id='word_1_265' title='bbox 1643 2050 1685 2086; x_wconf 89' lang='lat' dir='ltr'>te</span> <span class='ocrx_word' id='word_1_266' title='bbox 1711 2047 1879 2087; x_wconf 87' lang='lat' dir='ltr'>absente</span> 
     </span>
     <span class='ocr_line' id='line_1_30' title="bbox 289 2109 604 2148; baseline 0.003 -1"><span class='ocrx_word' id='word_1_267' title='bbox 289 2109 441 2147; x_wconf 85' lang='lat' dir='ltr'>litteris</span> <span class='ocrx_word' id='word_1_268' title='bbox 460 2110 604 2148; x_wconf 85' lang='lat' dir='ltr'>refelli.</span> 
     </span>
    </p>

    <p class='ocr_par' dir='ltr' id='par_1_3' title="bbox 290 2175 1881 2359">
     <span class='ocr_line' id='line_1_31' title="bbox 347 2175 1881 2228; baseline 0.001 -16"><span class='ocrx_word' id='word_1_269' title='bbox 347 2175 490 2224; x_wconf 88' lang='lat' dir='ltr'>Neque</span> <span class='ocrx_word' id='word_1_270' title='bbox 520 2189 565 2213; x_wconf 91' lang='lat' dir='ltr'>eo</span> <span class='ocrx_word' id='word_1_271' title='bbox 595 2177 806 2226; x_wconf 85' lang='lat' dir='ltr'>confugias</span> <span class='ocrx_word' id='word_1_272' title='bbox 834 2178 974 2227; x_wconf 88' lang='lat' dir='ltr'>velim,</span> <span class='ocrx_word' id='word_1_273' title='bbox 999 2179 1206 2227; x_wconf 73' lang='lat' dir='ltr'>Quidnam</span> <span class='ocrx_word' id='word_1_274' title='bbox 1235 2179 1284 2216; x_wconf 89' lang='lat' dir='ltr'>ad</span> <span class='ocrx_word' id='word_1_275' title='bbox 1313 2192 1380 2216; x_wconf 89' lang='lat' dir='ltr'>me</span> <span class='ocrx_word' id='word_1_276' title='bbox 1408 2178 1590 2228; x_wconf 87' lang='lat' dir='ltr'>pertinet</span> <span class='ocrx_word' id='word_1_277' title='bbox 1619 2178 1727 2228; x_wconf 90' lang='lat' dir='ltr'>quod</span> <span class='ocrx_word' id='word_1_278' title='bbox 1756 2176 1881 2215; x_wconf 91' lang='lat' dir='ltr'>blate-</span> 
     </span>
     <span class='ocr_line' id='line_1_32' title="bbox 291 2240 1881 2293; baseline 0.001 -16"><span class='ocrx_word' id='word_1_279' title='bbox 291 2253 411 2278; x_wconf 92' lang='lat' dir='ltr'>rones</span> <span class='ocrx_word' id='word_1_280' title='bbox 438 2240 509 2278; x_wconf 89' lang='lat' dir='ltr'>isti</span> <span class='ocrx_word' id='word_1_281' title='bbox 539 2240 744 2280; x_wconf 84' lang='lat' dir='ltr'>illitterati</span> <span class='ocrx_word' id='word_1_282' title='bbox 773 2256 817 2280; x_wconf 91' lang='lat' dir='ltr'>ac</span> <span class='ocrx_word' id='word_1_283' title='bbox 845 2243 1011 2281; x_wconf 87' lang='lat' dir='ltr'>barbari</span> <span class='ocrx_word' id='word_1_284' title='bbox 1042 2244 1317 2293; x_wconf 78' lang='lat' dir='ltr'>obstrepunt?</span> <span class='ocrx_word' id='word_1_285' title='bbox 1373 2244 1477 2282; x_wconf 90' lang='lat' dir='ltr'>Mihi</span> <span class='ocrx_word' id='word_1_286' title='bbox 1505 2244 1555 2282; x_wconf 89' lang='lat' dir='ltr'>ad</span> <span class='ocrx_word' id='word_1_287' title='bbox 1584 2241 1881 2281; x_wconf 87' lang='lat' dir='ltr'>conscientiam</span> 
     </span>
     <span class='ocr_line' id='line_1_33' title="bbox 290 2305 1881 2359; baseline 0.001 -17"><span class='ocrx_word' id='word_1_288' title='bbox 290 2305 453 2343; x_wconf 89' lang='lat' dir='ltr'>abunde</span> <span class='ocrx_word' id='word_1_289' title='bbox 473 2307 536 2343; x_wconf 87' lang='lat' dir='ltr'>sat</span> <span class='ocrx_word' id='word_1_290' title='bbox 557 2308 618 2343; x_wconf 90' lang='lat' dir='ltr'>est</span> <span class='ocrx_word' id='word_1_291' title='bbox 637 2307 886 2345; x_wconf 89' lang='lat' dir='ltr'>doctissimis</span> <span class='ocrx_word' id='word_1_292' title='bbox 912 2309 1143 2359; x_wconf 87' lang='lat' dir='ltr'>quibusque</span> <span class='ocrx_word' id='word_1_293' title='bbox 1171 2322 1236 2346; x_wconf 90' lang='lat' dir='ltr'>me</span> <span class='ocrx_word' id='word_1_294' title='bbox 1257 2322 1428 2359; x_wconf 91' lang='lat' dir='ltr'>meaque</span> <span class='ocrx_word' id='word_1_295' title='bbox 1449 2308 1624 2359; x_wconf 87' lang='lat' dir='ltr'>probari,</span> <span class='ocrx_word' id='word_1_296' title='bbox 1644 2307 1810 2346; x_wconf 89' lang='lat' dir='ltr'>tametsi</span> <span class='ocrx_word' id='word_1_297' title='bbox 1829 2306 1881 2344; x_wconf 88' lang='lat' dir='ltr'>ab</span> 
     </span>
    </p>

    <p class='ocr_par' dir='ltr' id='par_1_4' title="bbox 230 2370 1882 2488">
     <span class='ocr_line' id='line_1_34' title="bbox 230 2370 1881 2422; baseline 0.001 -14"><span class='ocrx_word' id='word_1_298' title='bbox 230 2373 270 2404; x_wconf 84' lang='lat'>45</span> <span class='ocrx_word' id='word_1_299' title='bbox 291 2371 344 2408; x_wconf 89' lang='lat' dir='ltr'>iis</span> <span class='ocrx_word' id='word_1_300' title='bbox 377 2370 448 2420; x_wconf 89' lang='lat' dir='ltr'>qui</span> <span class='ocrx_word' id='word_1_301' title='bbox 482 2371 684 2409; x_wconf 85' lang='lat' dir='ltr'>damnant</span> <span class='ocrx_word' id='word_1_302' title='bbox 716 2385 887 2411; x_wconf 89' lang='lat' dir='ltr'>numero</span> <span class='ocrx_word' id='word_1_303' title='bbox 921 2374 1135 2422; x_wconf 87' lang='lat' dir='ltr'>superatis.</span> <span class='ocrx_word' id='word_1_304' title='bbox 1195 2375 1302 2422; x_wconf 79' lang='lat' dir='ltr'>Quid</span> <span class='ocrx_word' id='word_1_305' title='bbox 1336 2375 1449 2413; x_wconf 91' lang='lat' dir='ltr'>enim</span> <span class='ocrx_word' id='word_1_306' title='bbox 1487 2374 1619 2413; x_wconf 86' lang='lat' dir='ltr'>vetuit</span> <span class='ocrx_word' id='word_1_307' title='bbox 1656 2374 1697 2411; x_wconf 92' lang='lat' dir='ltr'>et</span> <span class='ocrx_word' id='word_1_308' title='bbox 1733 2384 1881 2421; x_wconf 88' lang='lat' dir='ltr'>parum</span> 
     </span>
     <span class='ocr_line' id='line_1_35' title="bbox 291 2436 1882 2488; baseline 0.001 -15"><span class='ocrx_word' id='word_1_309' title='bbox 291 2436 504 2484; x_wconf 87' lang='lat' dir='ltr'>litteratos,</span> <span class='ocrx_word' id='word_1_310' title='bbox 527 2449 580 2473; x_wconf 89' lang='lat' dir='ltr'>ne</span> <span class='ocrx_word' id='word_1_311' title='bbox 606 2436 739 2474; x_wconf 89' lang='lat' dir='ltr'>dicam</span> <span class='ocrx_word' id='word_1_312' title='bbox 760 2437 962 2487; x_wconf 88' lang='lat' dir='ltr'>barbaros,</span> <span class='ocrx_word' id='word_1_313' title='bbox 984 2441 1101 2477; x_wconf 85' lang='lat' dir='ltr'>tuam</span> <span class='ocrx_word' id='word_1_314' title='bbox 1127 2439 1403 2477; x_wconf 84' lang='lat' dir='ltr'>eruditionem</span> <span class='ocrx_word' id='word_1_315' title='bbox 1423 2439 1629 2487; x_wconf 88' lang='lat' dir='ltr'>admirari,</span> <span class='ocrx_word' id='word_1_316' title='bbox 1651 2437 1882 2488; x_wconf 88' lang='lat' dir='ltr'>praedicare</span> 
     </span>
    </p>
   </div>
   <div class='ocr_carea' id='block_1_3' title="bbox 292 2538 1883 3029">
    <p class='ocr_par' dir='ltr' id='par_1_5' title="bbox 292 2538 1883 2928">
     <span class='ocr_line' id='line_1_36' title="bbox 338 2538 1879 2582; baseline 0.004 -15"><span class='ocrx_word' id='word_1_317' title='bbox 338 2548 385 2577; x_wconf 85' lang='lat'>13.</span> <span class='ocrx_word' id='word_1_318' title='bbox 413 2538 502 2568; x_wconf 87' lang='lat' dir='ltr'>scire</span> <span class='ocrx_word' id='word_1_319' title='bbox 518 2549 556 2569; x_wconf 85' lang='lat' dir='ltr'>a:</span> <span class='ocrx_word' id='word_1_320' title='bbox 580 2539 767 2570; x_wconf 81' lang='lat' dir='ltr'>resciscere</span> <span class='ocrx_word' id='word_1_321' title='bbox 783 2541 839 2579; x_wconf 85' lang='lat' dir='ltr'>By.</span> <span class='ocrx_word' id='word_1_322' title='bbox 1031 2542 1080 2571; x_wconf 88' lang='lat'>16.</span> <span class='ocrx_word' id='word_1_323' title='bbox 1104 2542 1275 2572; x_wconf 83' lang='lat' dir='ltr'>excitasse</span> <span class='ocrx_word' id='word_1_324' title='bbox 1291 2543 1348 2581; x_wconf 92' lang='lat' dir='ltr'>By.</span> <span class='ocrx_word' id='word_1_325' title='bbox 1497 2543 1636 2582; x_wconf 87' lang='lat' dir='ltr'>pridem</span> <span class='ocrx_word' id='word_1_326' title='bbox 1654 2543 1698 2576; x_wconf 76' lang='grc' dir='ltr'>(ιβ</span> <span class='ocrx_word' id='word_1_327' title='bbox 1713 2553 1720 2573; x_wconf 91' lang='lat'>:</span> <span class='ocrx_word' id='word_1_328' title='bbox 1744 2542 1830 2573; x_wconf 90' lang='lat' dir='ltr'>olim</span> <span class='ocrx_word' id='word_1_329' title='bbox 1847 2554 1879 2582; x_wconf 92' lang='lat' dir='ltr'>y.</span> 
     </span>
     <span class='ocr_line' id='line_1_37' title="bbox 295 2583 1882 2626; baseline 0.004 -17"><span class='ocrx_word' id='word_1_330' title='bbox 295 2591 342 2620; x_wconf 87' lang='lat'>19.</span> <span class='ocrx_word' id='word_1_331' title='bbox 370 2584 405 2612; x_wconf 90' lang='lat' dir='ltr'>et</span> <span class='ocrx_word' id='word_1_332' title='bbox 420 2583 463 2615; x_wconf 83' lang='lat' dir='ltr'>aB</span> <span class='ocrx_word' id='word_1_333' title='bbox 481 2592 489 2612; x_wconf 70' lang='grc' dir='ltr'><strong>ε</strong></span> <span class='ocrx_word' id='word_1_334' title='bbox 511 2591 575 2612; x_wconf 81' lang='lat' dir='ltr'>nec</span> <span class='ocrx_word' id='word_1_335' title='bbox 592 2593 625 2621; x_wconf 90' lang='lat' dir='ltr'>y.</span> <span class='ocrx_word' id='word_1_336' title='bbox 713 2593 785 2614; x_wconf 90' lang='lat' dir='ltr'>non</span> <span class='ocrx_word' id='word_1_337' title='bbox 800 2595 819 2612; x_wconf 85' lang='lat' dir='ltr'>a</span> <span class='ocrx_word' id='word_1_338' title='bbox 836 2595 842 2613; x_wconf 91' lang='lat'>:</span> <span class='ocrx_word' id='word_1_339' title='bbox 866 2584 1016 2613; x_wconf 88' lang='lat' dir='ltr'>minime</span> <span class='ocrx_word' id='word_1_340' title='bbox 1032 2585 1088 2623; x_wconf 91' lang='lat' dir='ltr'>By.</span> <span class='ocrx_word' id='word_1_341' title='bbox 1202 2594 1253 2617; x_wconf 87' lang='lat'>20.</span> <span class='ocrx_word' id='word_1_342' title='bbox 1281 2587 1531 2616; x_wconf 82' lang='lat' dir='ltr'>excusauerint-</span> <span class='ocrx_word' id='word_1_343' title='bbox 1547 2587 1603 2625; x_wconf 98' lang='lat' dir='ltr'>By.</span> <span class='ocrx_word' id='word_1_344' title='bbox 1695 2587 1882 2626; x_wconf 85' lang='lat' dir='ltr'>probarint</span> 
     </span>
     <span class='ocr_line' id='line_1_38' title="bbox 292 2625 1878 2670; baseline 0.002 -13"><span class='ocrx_word' id='word_1_345' title='bbox 292 2626 348 2663; x_wconf 82' lang='lat' dir='ltr'>By.</span> <span class='ocrx_word' id='word_1_346' title='bbox 476 2625 623 2656; x_wconf 77' lang='lat' dir='ltr'>fuerunt</span> <span class='ocrx_word' id='word_1_347' title='bbox 638 2627 696 2666; x_wconf 89' lang='lat' dir='ltr'>By.</span> <span class='ocrx_word' id='word_1_348' title='bbox 865 2637 917 2665; x_wconf 81' lang='lat'>24.</span> <span class='ocrx_word' id='word_1_349' title='bbox 943 2627 1175 2658; x_wconf 78' lang='lat' dir='ltr'>vehementer</span> <span class='ocrx_word' id='word_1_350' title='bbox 1197 2639 1255 2660; x_wconf 82' lang='lat' dir='ltr'>om.</span> <span class='ocrx_word' id='word_1_351' title='bbox 1273 2630 1332 2669; x_wconf 90' lang='lat' dir='ltr'>By.</span> <span class='ocrx_word' id='word_1_352' title='bbox 1500 2639 1553 2668; x_wconf 86' lang='lat'>31.</span> <span class='ocrx_word' id='word_1_353' title='bbox 1581 2631 1721 2660; x_wconf 83' lang='lat' dir='ltr'>constat</span> <span class='ocrx_word' id='word_1_354' title='bbox 1745 2640 1802 2660; x_wconf 79' lang='lat' dir='ltr'>om.</span> <span class='ocrx_word' id='word_1_355' title='bbox 1821 2631 1878 2670; x_wconf 90' lang='lat' dir='ltr'>By.</span> 
     </span>
     <span class='ocr_line' id='line_1_39' title="bbox 293 2667 1883 2709; baseline 0.003 -10"><span class='ocrx_word' id='word_1_356' title='bbox 293 2677 345 2706; x_wconf 83' lang='grc'><strong>33.</strong></span> <span class='ocrx_word' id='word_1_357' title='bbox 371 2667 553 2708; x_wconf 83' lang='lat' dir='ltr'>Multaque</span> <span class='ocrx_word' id='word_1_358' title='bbox 570 2671 626 2709; x_wconf 91' lang='lat' dir='ltr'>By.</span> <span class='ocrx_word' id='word_1_359' title='bbox 717 2670 876 2701; x_wconf 89' lang='lat' dir='ltr'>consiliis</span> <span class='ocrx_word' id='word_1_360' title='bbox 891 2682 919 2700; x_wconf 86' lang='lat' dir='ltr'>a.</span> <span class='ocrx_word' id='word_1_361' title='bbox 1027 2681 1078 2709; x_wconf 86' lang='lat'>34.</span> <span class='ocrx_word' id='word_1_362' title='bbox 1107 2672 1256 2702; x_wconf 87' lang='lat' dir='ltr'>consilio</span> <span class='ocrx_word' id='word_1_363' title='bbox 1268 2683 1299 2703; x_wconf 90' lang='grc' dir='ltr'>α.</span> <span class='ocrx_word' id='word_1_364' title='bbox 1383 2673 1616 2703; x_wconf 84' lang='lat' dir='ltr'>manifestum</span> <span class='ocrx_word' id='word_1_365' title='bbox 1633 2675 1686 2704; x_wconf 85' lang='lat' dir='ltr'>est</span> <span class='ocrx_word' id='word_1_366' title='bbox 1704 2673 1883 2704; x_wconf 85' lang='lat' dir='ltr'>Iohannes</span> 
     </span>
     <span class='ocr_line' id='line_1_40' title="bbox 293 2712 1882 2757; baseline 0.004 -17"><span class='ocrx_word' id='word_1_367' title='bbox 293 2722 350 2741; x_wconf 78' lang='lat' dir='ltr'>om.</span> <span class='ocrx_word' id='word_1_368' title='bbox 379 2712 434 2750; x_wconf 82' lang='lat' dir='ltr'>By.</span> <span class='ocrx_word' id='word_1_369' title='bbox 599 2722 650 2752; x_wconf 84' lang='lat'>35.</span> <span class='ocrx_word' id='word_1_370' title='bbox 693 2713 844 2744; x_wconf 83' lang='lat' dir='ltr'>affirmat</span> <span class='ocrx_word' id='word_1_371' title='bbox 875 2725 895 2743; x_wconf 89' lang='grc' dir='ltr'>α</span> <span class='ocrx_word' id='word_1_372' title='bbox 909 2725 916 2744; x_wconf 88' lang='lat'>:</span> <span class='ocrx_word' id='word_1_373' title='bbox 954 2714 1086 2753; x_wconf 87' lang='lat' dir='ltr'>quique</span> <span class='ocrx_word' id='word_1_374' title='bbox 1117 2715 1193 2746; x_wconf 86' lang='lat' dir='ltr'>eius</span> <span class='ocrx_word' id='word_1_375' title='bbox 1222 2725 1303 2755; x_wconf 89' lang='lat' dir='ltr'>pars</span> <span class='ocrx_word' id='word_1_376' title='bbox 1332 2725 1461 2756; x_wconf 87' lang='lat' dir='ltr'>magna</span> <span class='ocrx_word' id='word_1_377' title='bbox 1490 2716 1609 2757; x_wconf 82' lang='lat' dir='ltr'>fuerit,</span> <span class='ocrx_word' id='word_1_378' title='bbox 1642 2717 1794 2748; x_wconf 85' lang='lat' dir='ltr'>affirmet</span> <span class='ocrx_word' id='word_1_379' title='bbox 1823 2717 1882 2755; x_wconf 79' lang='lat' dir='ltr'>By.</span> 
     </span>
     <span class='ocr_line' id='line_1_41' title="bbox 293 2755 1882 2800; baseline 0.003 -17"><span class='ocrx_word' id='word_1_380' title='bbox 293 2763 345 2792; x_wconf 85' lang='lat'>37.</span> <span class='ocrx_word' id='word_1_381' title='bbox 371 2755 503 2784; x_wconf 64' lang='lat' dir='ltr'>ces-sani</span> <span class='ocrx_word' id='word_1_382' title='bbox 521 2755 556 2789; x_wconf 77' lang='lat' dir='ltr'>B²²</span> <span class='ocrx_word' id='word_1_383' title='bbox 572 2768 578 2786; x_wconf 89' lang='lat'>:</span> <span class='ocrx_word' id='word_1_384' title='bbox 602 2757 688 2787; x_wconf 84' lang='lat' dir='ltr'>cessi</span> <span class='ocrx_word' id='word_1_385' title='bbox 706 2755 797 2796; x_wconf 75' lang='lat' dir='ltr'>aBly.</span> <span class='ocrx_word' id='word_1_386' title='bbox 929 2768 947 2788; x_wconf 91' lang='lat' dir='ltr'>e</span> <span class='ocrx_word' id='word_1_387' title='bbox 963 2769 982 2787; x_wconf 88' lang='grc' dir='ltr'>α</span> <span class='ocrx_word' id='word_1_388' title='bbox 998 2768 1005 2788; x_wconf 80' lang='lat' dir='ltr'><em>z</em></span> <span class='ocrx_word' id='word_1_389' title='bbox 1029 2768 1072 2788; x_wconf 80' lang='lat' dir='ltr'>ex</span> <span class='ocrx_word' id='word_1_390' title='bbox 1088 2759 1143 2797; x_wconf 93' lang='lat' dir='ltr'>By.</span> <span class='ocrx_word' id='word_1_391' title='bbox 1280 2760 1334 2798; x_wconf 83' lang='lat'>38.</span> <span class='ocrx_word' id='word_1_392' title='bbox 1359 2760 1530 2799; x_wconf 80' lang='lat' dir='ltr'>sagaciter</span> <span class='ocrx_word' id='word_1_393' title='bbox 1545 2771 1602 2792; x_wconf 87' lang='lat' dir='ltr'>om.</span> <span class='ocrx_word' id='word_1_394' title='bbox 1620 2762 1678 2800; x_wconf 92' lang='lat' dir='ltr'>By.</span> <span class='ocrx_word' id='word_1_395' title='bbox 1767 2759 1823 2790; x_wconf 88' lang='lat' dir='ltr'>illi</span> <span class='ocrx_word' id='word_1_396' title='bbox 1842 2770 1882 2789; x_wconf 86' lang='lat' dir='ltr'>a:</span> 
     </span>
     <span class='ocr_line' id='line_1_42' title="bbox 294 2798 1882 2843; baseline 0.004 -17"><span class='ocrx_word' id='word_1_397' title='bbox 294 2798 318 2827; x_wconf 82' lang='lat' dir='ltr'>ii</span> <span class='ocrx_word' id='word_1_398' title='bbox 336 2799 391 2835; x_wconf 91' lang='lat' dir='ltr'>By.</span> <span class='ocrx_word' id='word_1_399' title='bbox 491 2808 542 2835; x_wconf 90' lang='lat'>42.</span> <span class='ocrx_word' id='word_1_400' title='bbox 570 2799 748 2838; x_wconf 78' lang='lat' dir='ltr'>Quidnam</span> <span class='ocrx_word' id='word_1_401' title='bbox 765 2813 785 2830; x_wconf 86' lang='grc' dir='ltr'>α</span> <span class='ocrx_word' id='word_1_402' title='bbox 801 2812 808 2831; x_wconf 87' lang='lat'>:</span> <span class='ocrx_word' id='word_1_403' title='bbox 833 2800 919 2839; x_wconf 85' lang='lat' dir='ltr'>quid</span> <span class='ocrx_word' id='word_1_404' title='bbox 934 2802 991 2839; x_wconf 93' lang='lat' dir='ltr'>By.</span> <span class='ocrx_word' id='word_1_405' title='bbox 1073 2801 1166 2840; x_wconf 82' lang='lat' dir='ltr'>quod.</span> <span class='ocrx_word' id='word_1_406' title='bbox 1182 2813 1202 2831; x_wconf 87' lang='lat' dir='ltr'>a</span> <span class='ocrx_word' id='word_1_407' title='bbox 1220 2813 1226 2832; x_wconf 72' lang='grc' dir='ltr'>ε</span> <span class='ocrx_word' id='word_1_408' title='bbox 1249 2802 1424 2841; x_wconf 85' lang='lat' dir='ltr'>quidnam</span> <span class='ocrx_word' id='word_1_409' title='bbox 1437 2804 1493 2842; x_wconf 91' lang='lat' dir='ltr'>By.</span> <span class='ocrx_word' id='word_1_410' title='bbox 1593 2814 1645 2843; x_wconf 85' lang='lat'>43.</span> <span class='ocrx_word' id='word_1_411' title='bbox 1674 2804 1882 2842; x_wconf 87' lang='lat' dir='ltr'>obstrepunt</span> 
     </span>
     <span class='ocr_line' id='line_1_43' title="bbox 295 2840 1880 2886; baseline 0.004 -17"><span class='ocrx_word' id='word_1_412' title='bbox 295 2852 314 2869; x_wconf 85' lang='lat' dir='ltr'>a</span> <span class='ocrx_word' id='word_1_413' title='bbox 329 2851 336 2870; x_wconf 70' lang='grc' dir='ltr'><strong><em>ι</em></strong></span> <span class='ocrx_word' id='word_1_414' title='bbox 360 2840 508 2871; x_wconf 82' lang='lat' dir='ltr'>moleste</span> <span class='ocrx_word' id='word_1_415' title='bbox 526 2843 730 2882; x_wconf 80' lang='lat' dir='ltr'>obstrepent</span> <span class='ocrx_word' id='word_1_416' title='bbox 745 2845 802 2884; x_wconf 89' lang='lat' dir='ltr'>By.</span> <span class='ocrx_word' id='word_1_417' title='bbox 915 2845 1004 2875; x_wconf 90' lang='lat' dir='ltr'>Mihi</span> <span class='ocrx_word' id='word_1_418' title='bbox 1022 2845 1167 2883; x_wconf 82' lang='lat' dir='ltr'>quidem</span> <span class='ocrx_word' id='word_1_419' title='bbox 1183 2845 1227 2875; x_wconf 89' lang='lat' dir='ltr'>ad</span> <span class='ocrx_word' id='word_1_420' title='bbox 1245 2847 1301 2886; x_wconf 88' lang='lat' dir='ltr'>By.</span> <span class='ocrx_word' id='word_1_421' title='bbox 1459 2857 1510 2885; x_wconf 91' lang='lat'>44.</span> <span class='ocrx_word' id='word_1_422' title='bbox 1536 2847 1621 2877; x_wconf 87' lang='lat' dir='ltr'>satis</span> <span class='ocrx_word' id='word_1_423' title='bbox 1636 2848 1692 2886; x_wconf 91' lang='lat' dir='ltr'>By.</span> <span class='ocrx_word' id='word_1_424' title='bbox 1804 2846 1880 2884; x_wconf 86' lang='lat' dir='ltr'>qui-</span> 
     </span>
     <span class='ocr_line' id='line_1_44' title="bbox 296 2884 1196 2928; baseline 0.008 -16"><span class='ocrx_word' id='word_1_425' title='bbox 296 2884 442 2913; x_wconf 80' lang='lat' dir='ltr'>busdam</span> <span class='ocrx_word' id='word_1_426' title='bbox 457 2885 514 2922; x_wconf 85' lang='lat' dir='ltr'>By.</span> <span class='ocrx_word' id='word_1_427' title='bbox 603 2887 668 2916; x_wconf 79' lang='lat' dir='ltr'>etsi</span> <span class='ocrx_word' id='word_1_428' title='bbox 683 2888 739 2926; x_wconf 89' lang='lat' dir='ltr'>By.</span> <span class='ocrx_word' id='word_1_429' title='bbox 873 2898 924 2927; x_wconf 90' lang='lat'>45.</span> <span class='ocrx_word' id='word_1_430' title='bbox 949 2887 1124 2919; x_wconf 81' lang='lat' dir='ltr'>damnent</span> <span class='ocrx_word' id='word_1_431' title='bbox 1138 2890 1196 2928; x_wconf 90' lang='lat' dir='ltr'>By.</span> 
     </span>
    </p>

    <p class='ocr_par' dir='ltr' id='par_1_6' title="bbox 339 2984 1596 3029">
     <span class='ocr_line' id='line_1_45' title="bbox 339 2984 1596 3029; baseline 0.006 -18"><span class='ocrx_word' id='word_1_432' title='bbox 339 2992 390 3014; x_wconf 77' lang='lat'>22.</span> <span class='ocrx_word' id='word_1_433' title='bbox 410 2984 631 3024; x_wconf 59' lang='lat' dir='ltr'>clemenciae]</span> <span class='ocrx_word' id='word_1_434' title='bbox 657 2985 707 3015; x_wconf 83' lang='lat' dir='ltr'>Cf.</span> <span class='ocrx_word' id='word_1_435' title='bbox 727 2986 810 3017; x_wconf 75' lang='lat' dir='ltr'>Sall.</span> <span class='ocrx_word' id='word_1_436' title='bbox 832 2989 899 3024; x_wconf 73' lang='grc'><strong>139.</strong></span> <span class='ocrx_word' id='word_1_437' title='bbox 916 2997 947 3025; x_wconf 87' lang='grc'><strong>3.</strong></span> <span class='ocrx_word' id='word_1_438' title='bbox 963 2997 992 3025; x_wconf 87' lang='grc'><strong>3.</strong></span> <span class='ocrx_word' id='word_1_439' title='bbox 1164 2998 1216 3027; x_wconf 89' lang='lat'>29.</span> <span class='ocrx_word' id='word_1_440' title='bbox 1235 2988 1306 3029; x_wconf 86' lang='lat' dir='ltr'>illi]</span> <span class='ocrx_word' id='word_1_441' title='bbox 1332 2989 1400 3020; x_wconf 86' lang='lat' dir='ltr'>LB.</span> <span class='ocrx_word' id='word_1_442' title='bbox 1421 2990 1466 3020; x_wconf 89' lang='lat' dir='ltr'>iv.</span> <span class='ocrx_word' id='word_1_443' title='bbox 1484 2990 1548 3028; x_wconf 90' lang='lat'>498</span> <span class='ocrx_word' id='word_1_444' title='bbox 1564 2998 1596 3019; x_wconf 71' lang='lat' dir='ltr'>A.</span> 
     </span>
    </p>
   </div>
   <div class='ocr_carea' id='block_1_4' title="bbox 848 3029 1243 3070">
    <p class='ocr_par' dir='ltr' id='par_1_7' title="bbox 848 3029 1243 3070">
     <span class='ocr_line' id='line_1_46' title="bbox 848 3029 1243 3070; baseline 0.008 -11"><span class='ocrx_word' id='word_1_445' title='bbox 848 3029 955 3070; x_wconf 86' lang='lat' dir='ltr'>hanc]</span> <span class='ocrx_word' id='word_1_446' title='bbox 981 3030 1048 3060; x_wconf 71' lang='lat' dir='ltr'>LB.</span> <span class='ocrx_word' id='word_1_447' title='bbox 1068 3030 1111 3060; x_wconf 85' lang='lat' dir='ltr'>iv.</span> <span class='ocrx_word' id='word_1_448' title='bbox 1131 3040 1195 3069; x_wconf 88' lang='lat'>500</span> <span class='ocrx_word' id='word_1_449' title='bbox 1210 3041 1243 3062; x_wconf 79' lang='lat' dir='ltr'>A.</span> 
     </span>
    </p>
   </div>
  </div>
 </body>
</html>
