2010 3417
289 157 370 195 436
756 153 1007 193 LETTERS
1047 153 1117 192 OF
1156 153 1422 194 ERASMUS
1762 153 1801 206 [1
1810 164 1832 203 5
1841 164 1884 202 17

343 266 398 304 Et
437 278 512 314 ego
541 264 733 303 Andreas
766 262 1032 309 Ammonius,
1073 261 1328 301 sanctissimi
1361 263 1411 301 D.
1432 262 1482 301 N.
1514 275 1618 313 pape
1656 262 1808 301 Leonis
1845 277 1886 302 x.

289 330 514 380 supradicti
534 330 578 367 in
594 341 722 379 regno
737 327 893 378 Anglie
911 326 1114 375 collector,
1138 329 1227 375 etc.,
1252 327 1301 365 D.
1325 327 1551 366 Erasmum
1564 328 1890 367 Roterodamum

231 406 269 441 75
289 395 506 433 humiliter
523 407 547 432 a
567 394 687 432 nobis
706 395 918 443 petentem
933 406 957 431 a
977 392 1184 431 sententia
1204 392 1649 432 excommunicationis
1665 393 1892 443 ceterisque

287 460 470 499 censuris
502 458 801 503 ecclesiasticis,
840 471 942 508 quas
974 458 1150 496 incurrit
1188 460 1356 508 propter
1396 457 1689 497 dimissionem
1723 459 1892 498 habitus

284 524 552 574 professionis
589 537 661 562 sue
694 524 948 573 apostasiam
979 522 1228 561 incurrendo
1257 522 1303 560 in
1338 522 1485 561 habitu
1525 524 1701 562 seculari
1734 524 1894 575 aliquot

285 602 419 628 annos
437 589 643 637 incedens,
668 588 927 627 absoluimus
946 588 991 626 in
1014 588 1150 627 forma
1171 588 1341 627 ecclesie
1362 590 1570 634 consueta,
1592 602 1669 627 nec
1690 603 1776 628 non
1796 603 1892 628 cum

286 654 430 692 eodem
443 655 674 693 secundum
685 654 926 693 facultatem
942 655 984 692 et
1004 655 1256 703 potestatem
1271 653 1594 703 suprascriptam
1606 655 1727 694 nobis
1741 655 1893 694 factam

227 728 269 757 80
284 720 536 759 authoritate
582 720 807 770 apostolica
848 719 1044 758 similiter
1088 719 1382 770 dispensamus
1420 719 1466 757 in
1504 719 1702 759 omnibus
1740 723 1782 759 et
1819 734 1895 770 per

285 786 437 825 omnia.
497 785 550 824 In
578 786 696 825 cuius
724 786 784 824 rei
812 786 939 825 fidem
967 785 1044 824 hec
1069 798 1162 824 mea
1189 785 1355 835 propria
1380 798 1509 823 manu
1537 786 1682 836 scripsi
1701 787 1748 825 in
1769 787 1893 825 domo

284 851 515 901 prebendae
539 865 654 890 meae
677 851 721 889 in
742 851 892 890 sacello
917 851 1008 889 diui
1036 850 1242 900 Stephani
1268 864 1394 901 prope
1416 850 1654 890 Westmon.
1689 852 1766 891 Die
1791 865 1892 891 VI111

286 917 421 967 April.
447 930 645 956 M.D.xvn.
706 917 866 966 Rogaui
887 917 937 955 D.
962 916 1023 955 Io.
1047 915 1275 961 Sixtinum,
1296 917 1347 955 V.
1370 915 1404 954 Ι.
1424 916 1649 965 doctorem,
1673 917 1744 968 qui
1764 918 1894 956 omni-

287 982 364 1021 bus
384 982 633 1032 supradictis
652 982 854 1029 interfuit,
877 985 924 1021 vt
954 982 1153 1021 maiorem
1180 981 1306 1020 fidem
1334 981 1485 1020 faceret
1509 983 1551 1020 et
1570 994 1690 1021 suam
1719 995 1893 1021 manum

227 1055 266 1095 85
286 1048 575 1087 subscriberet.

343 1114 398 1151 Et
422 1126 496 1163 ego
523 1113 701 1152 Ioannes
727 1113 928 1161 Sixtinus,
953 1114 1001 1152 V.
1027 1113 1061 1151 I.
1083 1114 1233 1158 doctor,
1259 1113 1357 1162 quia
1387 1126 1556 1162 presens
1581 1113 1762 1162 prefatae
1781 1112 1893 1151 abso-

286 1178 438 1217 lutioni
456 1191 502 1216 ac
522 1178 822 1229 dispensationi
836 1179 881 1217 in
903 1179 1100 1217 omnibus
1119 1181 1160 1217 et
1175 1191 1249 1228 per
1267 1177 1420 1226 omnia,
1439 1178 1540 1216 dum
1556 1178 1613 1216 sic
1628 1180 1675 1216 vt
1688 1177 1894 1227 prefertur

286 1257 358 1294 per
385 1244 595 1294 prefatum
623 1244 842 1283 dominum
869 1244 1130 1283 collectorem
1162 1257 1270 1282 anno
1301 1243 1366 1282 die
1397 1245 1439 1281 et
1468 1243 1558 1282 loco
1587 1245 1819 1293 agerentur,
1851 1246 1894 1281 et

286 1310 376 1348 fieri
396 1322 524 1360 eaque
541 1309 599 1348 sic
619 1309 711 1348 fieri
728 1310 818 1348 vidi
832 1312 875 1347 et
890 1309 1045 1357 audiui,
1063 1309 1154 1347 ideo
1169 1308 1236 1347 hic
1251 1321 1318 1346 me
1338 1308 1563 1359 subscripsi
1583 1322 1710 1347 manu
1729 1308 1895 1359 propria

227 1387 269 1419 90
287 1376 331 1413 in
351 1375 479 1413 fidem
497 1376 540 1413 et
560 1374 852 1413 testimonium
871 1375 1173 1424 premissorum
1193 1376 1362 1423 rogatus
1383 1376 1424 1412 et
1445 1373 1682 1424 requisitus.

341 1451 501 1490 Dilecto
520 1450 608 1489 filio
628 1451 819 1490 Andreae
840 1451 1080 1498 Ammonio,
1105 1450 1268 1489 notario
1288 1452 1329 1488 et
1350 1449 1562 1489 collectori
1581 1453 1738 1489 nostro.

815 1578 952 1631 518566
1012 1576 1145 1617 FROM
1178 1576 1271 1616 LEO
1303 1576 1355 1617 X.

335 1667 444 1702 Basle
462 1666 538 1702 MS.
560 1666 649 1702 Urk.
671 1666 740 1701 11³.
764 1676 796 1711 5.
1603 1666 1732 1702 Rome.

334 1724 373 1767 Q.
393 1738 431 1771 p.
454 1725 544 1760 116:
572 1724 730 1760 Vischer
747 1737 783 1769 p.
804 1735 859 1769 29.
1489 1725 1534 1759 26
1551 1725 1719 1769 January
1739 1734 1844 1770 1517.

353 1806 458 1847 [Like
475 1806 538 1846 Ep.
556 1815 616 1845 517
636 1815 682 1836 an
699 1805 852 1846 original
872 1805 1079 1843 document,
1095 1806 1132 1836 at
1149 1814 1215 1836 one
1234 1806 1322 1836 time
1341 1806 1379 1836 in
1396 1806 1577 1837 Erasmus'
1593 1805 1824 1846 possession]

922 1893 1006 1922 LEO
1037 1892 1154 1922 PAPA
1185 1889 1242 1922 Xs.

341 1976 527 2014 DILECTE
565 1976 642 2024 fili,
677 1975 855 2014 salutem
895 1977 935 2012 et
973 1973 1243 2024 apostolicam
1281 1975 1626 2013 benedictionem.
1686 1974 1808 2014 Vitae
1845 1988 1893 2014 ac

287 2053 453 2078 morum
491 2040 688 2080 honestas
720 2040 881 2090 aliaque
909 2040 1134 2078 laudabiIIa
1162 2039 1383 2089 probitatis
1411 2042 1453 2078 et
1486 2041 1694 2079 virtutum
1728 2041 1890 2085 merita,

286 2119 408 2155 super
429 2105 580 2155 quibus
606 2105 714 2155 apud
735 2118 811 2143 nos
839 2105 1046 2155 fidedigno
1069 2105 1371 2144 commendaris
1399 2105 1658 2153 testimonio,
1677 2118 1754 2144 nos
1774 2106 1890 2145 indu-

287 2172 388 2208 cunt
413 2173 460 2209 vt
484 2172 526 2208 te
552 2170 800 2220 specialibus
828 2170 1041 2209 fauoribus
1070 2172 1111 2208 et
1139 2171 1284 2220 gratiis
1312 2184 1625 2220 prosequamur.
1686 2171 1800 2210 Hinc
1826 2175 1889 2211 est

249 2256 266 2286 5
288 2236 395 2285 quod
425 2249 500 2273 nos
528 2237 715 2274 volentes
743 2238 796 2282 te,
825 2249 900 2286 pro
931 2249 1011 2286 quo
1040 2235 1310 2274 charissimus
1338 2237 1383 2274 in
1413 2236 1580 2275 Christo
1608 2236 1719 2275 filius
1747 2239 1891 2276 noster

287 2300 495 2339 Henricus
518 2314 612 2349 VIII,
641 2301 818 2351 Angliae
845 2302 934 2339 Rex
960 2301 1150 2347 illustris,
1174 2303 1376 2350 tanquam
1407 2301 1485 2339 sibi
1515 2303 1631 2351 grato
1654 2304 1695 2340 et
1721 2305 1889 2352 accepto

287 2366 504 2404 humiliter
534 2367 797 2416 supplicauit,
830 2367 970 2405 fauore
999 2367 1192 2416 prosequi
1221 2366 1410 2416 gratioso,
1441 2380 1485 2405 ac
1513 2380 1536 2404 a
1574 2367 1792 2417 quibusuis
1822 2381 1887 2406 ex-

287 2431 686 2479 communicationis,
726 2432 1011 2482 suspensionis
1056 2434 1096 2470 et
1133 2431 1348 2470 interdicti
1386 2432 1560 2481 aliisque
1602 2432 1888 2472 ecclesiasticis

287 2496 520 2544 sententiis,
542 2497 727 2536 censuris
747 2500 788 2536 et
814 2497 958 2547 poenis
978 2511 1001 2536 a
1028 2497 1118 2535 iure
1144 2497 1210 2535 vel
1232 2497 1283 2536 ab
1312 2497 1483 2536 homine
1509 2498 1657 2548 quauis
1677 2498 1886 2537 occasione

329 2606 407 2636 517.
423 2606 476 2636 86.
500 2606 586 2644 quia
598 2609 665 2637 MS.
680 2605 754 2647 (q2)
772 2616 780 2636 ε
804 2607 865 2645 qui
878 2609 1011 2646 Υἱεεῆεν,
1024 2608 1075 2636 cui
1091 2609 1153 2636 ideo
1168 2606 1316 2637 interfui
1334 2607 1670 2642 addemlumsuitpost
1684 2611 1885 2646 agerentur.

287 2649 340 2679 88.
368 2659 431 2688 per
447 2659 521 2680 corr.
546 2652 691 2680 Visclzer:
714 2650 736 2689 f)
753 2652 823 2680 MS.

330 2749 404 2779 517.
432 2757 483 2786 73.
509 2748 550 2778 D.
569 2748 627 2788 N.]
655 2747 796 2779 domini
813 2750 938 2779 nostri.
1119 2748 1191 2779 and
1215 2758 1287 2780 was
1311 2749 1465 2789 perhaps
1491 2759 1510 2779 a
1535 2750 1728 2779 statement
1757 2748 1795 2779 of
1821 2748 1885 2779 the

329 2791 382 2821 81.
406 2790 526 2832 domo]
552 2790 603 2822 Cf.
622 2792 684 2831 Ep.
702 2802 767 2830 294
783 2792 916 2823 introd.
1119 2795 1273 2823 customs
1312 2792 1350 2823 of
1383 2792 1534 2831 English
1574 2801 1708 2822 canons
1746 2792 1785 2822 in
1822 2792 1884 2822 the

330 2835 405 2864 518.
430 2843 460 2873 5.
485 2834 566 2876 nos]
591 2835 612 2866 l.
630 2837 683 2874 38,
701 2835 961 2875 dispensamus.
1120 2837 1253 2866 matter
1276 2836 1314 2866 of
1334 2836 1454 2874 dress3
1485 2836 1530 2868 cf.
1554 2835 1617 2875 Ep.
1643 2836 1717 2876 296.
1735 2845 1794 2875 191
1813 2845 1882 2874 seq.

328 2878 359 2908 6.
407 2877 604 2920 Henricus]
641 2879 714 2909 The
753 2880 882 2910 nature
919 2879 958 2909 of
991 2879 1048 2910 his
1118 2879 1191 2911 and
1207 2878 1271 2920 n.).

287 2920 503 2959 application
542 2932 587 2952 on
624 2922 802 2953 Erasmus'
838 2922 961 2953 behalf
989 2923 1048 2962 (cf.
1165 2933 1194 2961 7.
1219 2923 1275 2964 ac]
1298 2923 1372 2953 'l'he
1391 2924 1533 2954 variant
1557 2927 1642 2960 teque
1660 2922 1696 2961 (1.
1723 2932 1770 2960 11,
1787 2924 1884 2952 absol-

289 2962 350 3001 Ep.
382 2973 455 3001 519.
478 2965 513 3002 6)
546 2965 575 2994 is
604 2967 668 2996 not
698 2965 840 2997 known.
912 2967 947 2996 It
976 2976 1050 2997 was
1120 2968 1239 3004 ventes)
1266 2967 1303 2997 in
1332 2966 1395 2997 the
1412 2966 1516 2996 Brief
1538 2965 1577 2996 of
1603 2967 1687 3007 150}
1711 2966 1790 3005 (Ep.
1808 2975 1881 3004 517.

289 3005 472 3037 doubtless
484 3008 650 3038 obtained
663 3008 818 3048 through
830 3009 1053 3047 Ammonius,
1124 3019 1142 3047 7
1160 3011 1213 3050 n.)
1233 3010 1262 3040 is
1278 3014 1375 3046 more
1391 3010 1619 3049 intelligible.
