2010 3417
108 182 204 236 326]
655 183 725 222 rro
762 182 878 222 THE
918 182 1149 222 READER
1644 183 1696 221 59

159 293 387 333 Verbosius
415 293 581 344 quidem
610 293 696 341 hec,
725 293 865 342 fateor,
893 306 916 331 a
945 291 1066 331 nobis
1093 294 1190 331 sunt
1219 291 1427 343 disputata
1456 305 1581 342 quam
1610 306 1697 342 pro-

104 357 296 410 logorum
325 359 473 397 modus
501 359 692 408 patiatur.
760 358 837 397 Sed
867 357 976 396 nihil
1004 371 1089 396 non
1117 357 1384 406 tentauimus,
1415 357 1580 397 nullum
1610 371 1695 396 non

104 423 315 463 mouimus
343 424 533 474 lapidem,
562 437 642 474 quo
671 422 832 462 nemini
858 436 943 462 non
973 424 1079 462 esset
1107 423 1376 470 satisfactum,
1409 424 1455 462 vt
1484 423 1588 462 alios
1616 423 1695 461 alie

105 501 170 527 res
199 488 265 528 vel
296 489 512 528 offendunt
544 489 612 527 vel
643 488 818 538 placant.
878 488 995 537 Quod
1026 488 1061 526 si
1092 488 1183 538 quis
1213 489 1345 527 adhuc
1374 488 1599 538 reperietur
1627 487 1694 527 vel
1718 500 1777 531 130

102 553 200 592 adeo
219 554 413 605 stupidus
432 553 499 593 vel
518 553 617 592 adeo
636 554 715 592 sibi
734 553 812 603 ipsi
832 553 1027 592 inimicus
1046 553 1114 592 vel
1134 554 1192 592 ita
1217 554 1379 592 diutina
1397 553 1694 593 consuetudine

103 622 328 668 corruptus,
351 621 398 658 vt
417 619 461 657 in
481 618 594 657 hisce
614 617 925 656 blateramentis
944 618 1071 656 bonas
1096 618 1216 657 horas
1234 620 1337 657 velit
1355 619 1462 658 male
1482 618 1690 667 collocare,

103 696 155 722 ne
174 685 211 723 is
230 684 396 734 quidem
415 683 585 722 habebit
611 683 718 733 quod
738 683 858 721 nobis
880 685 1140 731 succenseat3
1171 684 1504 734 quandoquidem
1525 697 1596 733 per
1616 697 1693 722 nos

102 747 224 787 habet
243 748 386 787 omnia
404 761 508 798 quae
528 747 758 797 superiores
776 747 980 786 editiones
999 747 1384 797 complectebantur,
1409 762 1536 799 eaque
1560 748 1693 787 multo

102 825 226 863 quam
255 812 428 852 antehac
457 812 748 860 emendatiora,
780 812 995 851 nonnullis
1024 813 1149 851 etiam
1177 813 1328 852 additis
1357 826 1460 863 quae
1492 813 1578 852 illic
1607 827 1692 852 non
1716 823 1773 854 135

101 876 368 916 habebantur.
441 878 558 916 Adeo
600 877 785 916 cauimus
823 891 875 916 ne
920 891 1043 927 quem
1082 878 1393 927 offenderemus,
1432 881 1479 917 vt
1520 879 1693 926 eruditis

98 943 250 991 pariter
269 944 310 981 et
330 943 560 992 ineruditis,
584 943 724 994 aequis
744 944 784 981 et
810 942 976 993 iniquis,
1000 942 1222 993 deploratis
1241 944 1370 982 simul
1395 946 1436 982 et
1455 943 1587 982 bonae
1606 945 1693 993 spei

96 1007 277 1058 ingeniis
296 1008 579 1048 studuerimus
597 1021 757 1046 morem
775 1021 927 1058 gerere.

157 1073 272 1112 Bene
291 1073 392 1123 vale,
416 1073 544 1112 lector
562 1073 702 1122 amice,
724 1073 920 1121 Basileae,
941 1073 1023 1111 An.
1047 1085 1087 1111 M.
1100 1086 1138 1111 D.
1165 1085 1224 1124 15.
1285 1073 1428 1112 Mense
1448 1074 1607 1112 Martio.

328 1239 531 1300 *3²2326A.
595 1241 724 1281 FRoM
757 1240 1032 1281 WILLIBALD
1062 1240 1402 1283 PIRCKHEIMER.

144 1342 376 1388 Nuremberg
393 1341 469 1377 Ms.
488 1342 558 1377 ΡΡ.
577 1342 643 1378 No.
667 1352 741 1388 131.
1362 1340 1582 1390 <Augsburg
1593 1342 1636 1390 ‘?)

1357 1399 1489 1446 (April
1512 1400 1638 1447 1515.)

141 1480 189 1522 [A
206 1480 320 1521 rough
344 1480 451 1521 draft‚
470 1481 678 1522 autograph,
696 1481 744 1522 by
761 1480 1005 1512 Pirckheimer
1021 1482 1186 1521 amongst
1202 1479 1259 1510 his
1276 1490 1400 1521 papers
1416 1483 1453 1512 at
1469 1481 1690 1522 Nuremberg

97 1523 178 1564 (Ep.
209 1533 273 1563 322
296 1524 447 1565 introd.)
468 1536 475 1555 ε
506 1525 561 1556 for
587 1525 769 1556 additions
795 1525 900 1556 made
927 1526 964 1555 to
988 1525 1050 1555 the
1078 1525 1244 1556 contents
1269 1524 1309 1555 in
1340 1525 1403 1555 the
1426 1524 1495 1555 fair
1519 1535 1606 1565 copy
1632 1535 1688 1556 see

95 1567 159 1608 Ep.
179 1577 254 1608 375.
301 1568 391 1608 Epp.
408 1570 472 1607 362
491 1568 562 1599 and
578 1578 641 1608 375
658 1568 758 1600 show
781 1568 861 1600 that
887 1568 950 1599 the
973 1567 1080 1599 letter
1103 1568 1166 1598 did
1188 1569 1254 1598 not
1277 1568 1383 1599 reach
1407 1569 1584 1600 Erasmus.
1633 1569 1689 1600 Sir

95 1611 227 1642 Robert
243 1611 439 1652 Wingfield
463 1622 536 1643 was
560 1613 599 1642 in
616 1612 804 1652 Augsburg
827 1612 1046 1652 throughout
1069 1610 1174 1651 April
1198 1611 1270 1642 and
1298 1611 1393 1652 May,
1409 1611 1480 1643 and
1508 1622 1580 1643 was
1598 1612 1687 1643 then

96 1655 233 1695 hoping
255 1656 292 1686 to
307 1657 433 1687 return
450 1665 537 1686 soon
554 1657 589 1686 to
605 1656 773 1695 England
801 1656 960 1693 (Brewer
974 1656 1011 1687 ii.
1032 1665 1095 1695 294
1111 1655 1184 1686 and.
1210 1655 1289 1696 377)
1307 1666 1314 1694 ;
1339 1655 1402 1686 but
1418 1657 1454 1686 at
1477 1656 1539 1686 the
1556 1656 1627 1687 end
1653 1656 1691 1687 of

97 1698 179 1738 May
193 1698 239 1729 he
255 1708 328 1730 was
345 1700 424 1730 sent
440 1701 477 1730 to
495 1699 699 1730 Innsbruck
718 1699 821 1740 (ibid.
842 1708 903 1738 531
921 1699 991 1730 and
1009 1698 1121 1740 563).]

151 1786 198 1825 SI
235 1785 359 1826 alicui
398 1787 447 1825 de
485 1787 713 1825 amicorum
747 1787 963 1836 splendore
996 1785 1164 1836 gloriari
1196 1785 1302 1834 licet,
1340 1799 1406 1824 me
1444 1799 1528 1824 non
1565 1787 1687 1836 plane

94 1850 294 1889 vltimum
327 1851 403 1889 hac
432 1851 478 1889 in
509 1865 552 1889 re
580 1865 665 1890 esse
694 1851 880 1899 arbitror,
913 1853 1057 1901 vtpote
1089 1850 1159 1899 qui
1190 1863 1275 1888 non
1303 1850 1439 1889 solum
1467 1851 1686 1890 hominum

91 1915 349 1965 priuatorum
379 1916 451 1954 sed
484 1918 525 1954 et
558 1916 787 1955 illustrium
822 1930 867 1955 ac
899 1915 1179 1954 maximorum
1213 1929 1308 1954 cum
1341 1916 1561 1955 Germanie
1594 1918 1687 1956 tum

93 1980 227 2020 Gallie
261 1982 302 2020 et
330 1980 451 2020 Italie
480 1981 716 2031 principum
747 1981 932 2020 amicicia
960 1981 1067 2019 mihi
1095 1980 1291 2019 excellere
1318 1980 1472 2020 videar.
1533 1982 1687 2021 Verum

92 2045 149 2085 ita
181 2059 247 2084 me
277 2045 387 2085 bona
418 2046 644 2095 adiu<u>et
673 2047 851 2095 fortuna,
884 2047 995 2085 inter
1023 2046 1241 2085 vniuersos
1269 2046 1422 2085 amicos
1450 2046 1552 2085 istos
1580 2047 1686 2085 nulli
1705 2065 1722 2096 5

90 2112 295 2151 secundus
315 2111 386 2150 sed
406 2111 613 2150 maximm
632 2113 673 2150 et
698 2112 920 2162 precipuus
949 2124 1002 2159 es,
1024 2111 1085 2150 mi
1114 2110 1390 2150 eruditissime
1417 2125 1461 2150 ac
1482 2111 1702 2159 iucundis·⁴

89 2176 192 2215 sime
237 2177 420 2216 Erasme.
492 2176 593 2227 Legi
640 2177 858 2226 epistolam
905 2178 1021 2216 tuam
1063 2176 1184 2226 longe
1231 2176 1338 2215 mihi
1382 2177 1603 2226 gratiorem
1646 2180 1687 2217 et

89 2242 358 2291 acceptiorem
380 2255 506 2292 quam
525 2242 561 2281 si
580 2255 604 2280 a
623 2243 816 2293 quopiam
835 2255 929 2292 rege
949 2241 1076 2280 etiam
1096 2241 1280 2280 maximo
1300 2241 1351 2280 ad
1374 2254 1440 2280 me
1463 2243 1687 2293 perscripta

88 2309 218 2355 esset;
246 2320 332 2346 non
357 2307 554 2358 quoniam
579 2307 721 2347 laudes
747 2320 847 2358 quas
872 2307 916 2346 in
942 2320 989 2346 ea
1013 2306 1121 2345 mihi
1144 2306 1338 2345 attribuis
1359 2319 1590 2356 agnoscam,
1613 2309 1684 2347 sed

91 2371 186 2422 quia
223 2372 449 2411 amiciciam
487 2373 603 2411 tuam
641 2372 998 2423 exoptatissimam
1035 2371 1144 2410 mihi
1188 2371 1382 2421 obtigisse
1419 2373 1680 2422 conspiciam.
1705 2390 1744 2411 10

90 2437 219 2476 Beato
239 2438 378 2488 itaque
391 2451 497 2486 meo,
515 2438 588 2487 qui
601 2439 729 2477 talem
742 2452 788 2477 ac
803 2440 969 2478 tantum
983 2438 1123 2476 virum
1138 2437 1245 2476 mihi
1264 2437 1513 2485 conciliauit,
1532 2439 1685 2487 gratias

91 2514 177 2552 ago,
190 2515 263 2540 nec
277 2502 460 2541 minores
475 2502 552 2541 tibi
567 2502 708 2552 habeo,
725 2504 798 2554 qui
811 2505 900 2542 tam
913 2503 1146 2542 humanum
1158 2516 1203 2541 ac
1218 2503 1380 2541 facilem
1395 2505 1436 2541 te
1448 2502 1678 2552 prestitisti.

92 2566 198 2605 Mihi
226 2580 324 2605 vero
349 2567 539 2618 precipue
564 2567 672 2606 hanc
699 2568 751 2607 ob
778 2582 867 2606 rem
895 2567 1081 2618 gratulor
1109 2581 1155 2606 ac
1184 2567 1328 2606 horam
1356 2567 1463 2605 hanc
1490 2580 1567 2616 que
1595 2570 1682 2605 tam

90 2631 322 2670 fortunatas
358 2632 465 2670 mihi
497 2632 698 2682 at(t>ulit
728 2633 892 2672 litteras
924 2633 1072 2672 merito
1105 2632 1330 2671 candidiori
1363 2632 1480 2681 signo
1514 2631 1680 2681 lapillo:

90 2696 240 2747 quibus
252 2696 433 2746 profecto
448 2697 757 2747 quamprimum
770 2698 1085 2747 respondissem,
1101 2697 1146 2735 ni
1158 2696 1391 2735 tardissime
1404 2697 1682 2737 aduenissent.
1702 2715 1740 2746 15

94 2761 201 2800 Cum
224 2762 339 2800 enim
362 2774 388 2811 9
408 2761 476 2799 Kl.
500 2762 712 2800 Februarii
733 2762 883 2812 scripte
902 2764 1052 2809 essent,
1076 2775 1161 2800 non
1186 2761 1267 2799 nisi
1292 2763 1385 2811 post
1404 2761 1554 2811 Aprill.
1575 2763 1681 2802 mihi

93 2826 329 2876 consignate
354 2826 468 2864 fuere
492 2825 577 2872 K1.,
604 2840 649 2865 ac
673 2827 757 2865 iam
785 2825 1177 2865 Francfordensibus
1203 2826 1335 2865 finitis
1364 2827 1573 2876 nundinis,
1601 2842 1681 2878 quo

567 2934 642 2965 326.
669 2944 739 2974 139.
768 2933 896 2965 Martio
913 2946 932 2964 α
948 2945 956 2965 :
977 2933 1138 2973 Augusto
1153 2933 1200 2968 [3².

599 3023 693 3053 326A.
720 3032 771 3054 11.
790 3022 917 3063 Beato]
943 3022 994 3054 Cf.
1013 3023 1075 3062 Ep.
1095 3023 1167 3061 318.
