2010 3417
259 1050 301 1081 60

267 2036 306 2069 75

268 2354 308 2385 80

316 152 394 190 128
779 150 1027 188 LETTERS
1065 148 1135 187 OF
1172 149 1435 188 ERASMUS
1781 147 1903 201 [15¹5

369 261 448 300 Sed
478 260 598 298 redeo
627 259 676 297 ad
706 259 922 307 epistolam
950 259 1080 295 tuam.
1140 256 1235 294 Non
1264 256 1404 294 dolent
1427 256 1556 295 bonas
1581 257 1742 296 renasci
1765 257 1910 297 literas

316 326 549 375 quicunque
570 322 831 374 politioribus
851 321 943 359 istis
961 334 1045 360 non
1065 321 1115 359 ad
1135 321 1300 360 senium
1313 333 1441 371 vsque
1461 321 1697 370 inuigilant.
1736 322 1913 373 Alioqui

260 407 271 414 ·
315 392 356 429 et
385 392 431 427 tu
461 389 619 428 doleres
648 387 846 437 pingendi
873 385 1140 437 fingendique
1168 387 1279 424 artes
1307 385 1475 434 renasci,
1498 386 1705 435 siquidem
1732 399 1800 425 eas
1825 400 1909 426 non

315 456 494 494 sectaris.
553 454 606 491 In
639 452 830 503 Pogium,
864 451 1206 490 scelestissimum
1239 451 1636 501 spurcissimumque
1668 451 1909 502 scriptorem

314 521 355 557 et
389 518 563 567 dignum
594 518 666 568 qui
700 517 888 556 Vulcano
921 517 1117 564 tradatur,
1149 529 1234 554 non
1268 518 1367 555 sunt
1401 516 1496 567 equi
1526 515 1719 566 theologi,
1752 529 1827 555 nec
1864 516 1911 555 in

316 584 553 622 Pontanum
586 583 699 621 item.
759 582 865 631 Quid
904 582 1020 621 enim
1057 581 1171 620 aliud
1208 581 1436 620 nebulones
1472 581 1536 620 illi
1571 594 1694 632 quam
1732 582 1917 621 famosos

316 647 477 686 libellos
496 648 753 697 scripserunt
765 649 785 687 ⁵?
813 647 1159 687 Adolescentibus
1180 647 1313 686 toxica
1332 660 1491 686 venena
1509 647 1674 686 blandis
1693 649 1735 686 et
1755 660 1915 698 compo-=

280 734 295 763 5
317 713 408 751 sitis
427 713 542 752 velut
561 714 686 752 melle
706 713 817 752 illita
836 712 1099 752 sermonibus
1119 712 1387 760 miscuerunt,
1404 726 1482 764 quo
1501 713 1713 764 potionem
1733 713 1914 752 nescien-

317 780 379 817 tes
398 780 566 817 sumant
585 780 718 817 morte
739 778 997 817 amariorem.

373 841 466 881 Iam
495 857 592 882 vero
624 857 783 883 nouum
802 856 928 882 vocas
959 842 1189 893 theologiae
1223 855 1354 893 genus
1387 843 1496 893 quod
1530 857 1643 882 nunc
1671 846 1735 882 tot
1763 843 1915 882 seculis

317 910 462 958 regnat
499 909 544 947 in
582 908 830 953 academiis3
872 908 944 947 sed
979 908 1014 947 si
1043 907 1229 946 mundus
1261 908 1484 958 resipiscat,
1519 908 1775 948 videbuntur
1807 907 1914 947 nihil

318 972 422 1012 scire
451 974 523 1024 qui
551 974 752 1014 hactenus
780 973 890 1013 nihil
918 973 1074 1012 nescire
1107 973 1239 1012 videri
1271 972 1431 1012 volunt.
1493 973 1604 1023 Ergo
1631 973 1699 1013 vel
1731 974 1916 1013 mundus

319 1038 406 1088 ipse
438 1041 552 1078 totus
585 1053 696 1078 nunc
733 1039 884 1089 desipit
920 1040 1002 1086 tua,
1029 1038 1213 1083 Erasme,
1239 1038 1455 1078 sententia.
1516 1039 1597 1078 Sed
1632 1039 1913 1089 quamobrem,

320 1117 445 1153 queso
458 1106 478 1143 ⁶?
533 1106 603 1143 An
624 1105 731 1155 quod
750 1103 1041 1143 mundioribus
1060 1103 1153 1142 istis
1172 1105 1214 1142 et
1233 1103 1525 1154 pollitioribus,
1547 1104 1913 1152 mansuetioribus,

319 1170 648 1219 humanioribus,
672 1170 847 1209 literatis
876 1169 1011 1208 literis
1044 1169 1256 1220 Musisque
1289 1171 1329 1208 et
1362 1169 1638 1209 humanitatis
1670 1170 1828 1209 artibus
1861 1169 1918 1218 (et

321 1233 455 1272 multa
488 1235 586 1272 sunt
624 1233 705 1272 alia
742 1233 927 1282 nomina)
965 1245 1051 1271 non
1089 1246 1234 1271 omnes
1270 1232 1465 1271 diuinum
1504 1233 1714 1283 quendam
1756 1233 1917 1272 cultum

321 1298 596 1348 impendant?
651 1299 872 1349 Ecquaque
905 1298 1186 1348 Thespiadum
1221 1298 1385 1337 oraculo
1419 1298 1560 1337 docuit
1588 1299 1665 1337 has
1693 1297 1800 1337 solas
1830 1311 1919 1337 esse

285 1387 301 1417 5
321 1364 451 1402 bonas
470 1363 609 1402 literas
622 1365 642 1403 ‘?
698 1364 753 1403 Et
774 1377 853 1414 qua
872 1363 952 1402 alia
972 1376 1014 1402 re
1034 1363 1134 1402 istae
1154 1363 1392 1413 linguarum
1410 1364 1578 1413 reginae
1597 1364 1806 1412 (Latinam
1826 1363 1919 1402 dico

321 1431 363 1467 et
387 1429 575 1478 Grecam)
606 1430 793 1477 nostrati,
816 1429 859 1468 id
889 1431 951 1467 est
976 1441 1134 1467 crassae
1160 1429 1225 1466 illi
1254 1428 1522 1478 Holandicae‚
1543 1427 1761 1480 preste<n>t
1792 1441 1918 1479 quam

323 1495 432 1545 quod
477 1507 621 1533 omnes
657 1495 957 1545 propemodum
1005 1493 1247 1544 disciplinae
1287 1493 1373 1532 illis
1410 1495 1507 1532 sunt
1545 1494 1727 1532 tradite?
1784 1493 1920 1532 Nemo

323 1559 488 1598 dubitat
515 1560 720 1609 sapientes
748 1560 874 1599 fuisse
909 1560 1097 1598 Graecos.
1156 1559 1290 1610 Atqui
1322 1560 1557 1597 nescierunt
1591 1559 1750 1598 Latine.
1812 1558 1918 1598 Hae-

322 1625 466 1663 braeos
499 1625 654 1663 scimus
684 1625 908 1675 sapientiae
941 1625 1077 1663 studio
1114 1624 1241 1663 fuisse
1278 1624 1434 1674 priores
1473 1624 1656 1663 Graecis.
1711 1625 1771 1663 At
1807 1624 1919 1663 idem

266 1712 281 1723 η
324 1690 561 1729 nescierunt
591 1691 730 1729 Grece.
791 1690 1002 1739 Quatenus
1031 1703 1126 1740 ergo
1154 1690 1231 1728 hac
1255 1690 1321 1728 vel
1348 1689 1420 1728 illa
1448 1690 1593 1740 lingua
1621 1690 1796 1729 traditae
1820 1692 1921 1729 sunt

325 1754 576 1805 disciplinae,
598 1757 766 1794 eatenus
786 1757 950 1804 prestat.
1012 1755 1113 1804 Quis
1136 1755 1249 1793 enim
1276 1755 1359 1793 nisi
1385 1755 1663 1794 stultissimus
1688 1768 1775 1793 non
1800 1755 1922 1794 malit

324 1822 433 1858 recte
453 1833 603 1869 sapere,
626 1820 752 1859 etiam
778 1821 814 1860 si
839 1822 955 1870 pater
979 1821 1148 1859 futurus
1176 1821 1231 1859 sit
1257 1820 1468 1867 barbariei,
1493 1833 1619 1870 quam
1645 1820 1747 1859 citra
1766 1820 1921 1871 sapien-

325 1886 428 1924 tiam
447 1885 515 1923 vel
534 1885 689 1936 optime
709 1885 842 1924 dicere
856 1887 876 1924 ἶ)
932 1886 1043 1936 Ergo
1063 1886 1114 1924 ob
1136 1885 1399 1936 disciplinam
1419 1885 1564 1935 lingua
1584 1885 1755 1925 colenda
1774 1887 1837 1925 est
1854 1884 1921 1925 vel

327 1951 456 1990 Greca
487 1951 554 1989 vel
585 1951 743 1990 Latina.
804 1951 975 1998 Fateor3
1016 1951 1086 1990 sed
1127 1951 1225 2000 quid
1256 1953 1371 1990 vetat
1409 1964 1677 2002 quaecunque
1710 1951 1756 1990 in
1791 1950 1922 1990 literis

326 2015 453 2054 sacris
488 2015 636 2054 Latine
674 2018 773 2054 sunt
811 2017 964 2067 scripta
1001 2016 1183 2066 intelligi
1222 2016 1273 2055 ab
1312 2029 1358 2054 eo
1397 2016 1470 2066 qui
1505 2016 1713 2066 elegantia
1758 2016 1922 2055 dicendi

327 2081 542 2119 Laurentii
554 2081 689 2130 palato
704 2095 788 2120 non
804 2082 1047 2131 respondeat
1059 2083 1079 2120 ⁶?
1110 2081 1265 2121 Gallice
1281 2081 1499 2132 loquentes
1514 2081 1690 2120 subinde
1705 2081 1894 2132 intelligo
1911 2095 1922 2128 ;

327 2149 369 2185 at
389 2146 497 2184 nihil
515 2159 658 2184 eorum
677 2146 776 2185 noui
803 2147 959 2186 Gallice
985 2147 1152 2186 reddere
1178 2161 1256 2197 que
1282 2147 1498 2186 audierim.
1557 2147 1664 2186 Caue
1692 2146 1841 2194 credas,
1862 2145 1923 2184 mi

328 2212 510 2260 Erasme,
534 2211 746 2262 theologos
775 2214 941 2251 nostros
969 2225 1054 2251 non
1087 2213 1188 2250 satis
1220 2211 1455 2261 intelligere
1486 2225 1564 2261 que
1591 2212 1736 2262 legunt
1765 2225 1922 2262 queque

328 2276 379 2315 ad
422 2289 565 2315 eorum
610 2277 912 2326 professionem
956 2277 1177 2327 pertinent,
1225 2277 1350 2316 etiam
1388 2276 1424 2315 si
1466 2277 1636 2316 barbare
1680 2277 1917 2327 loquantur.

326 2341 507 2380 Tametsi
526 2342 637 2380 haud
656 2341 740 2381 scio
763 2355 816 2381 an
842 2342 1058 2393 gramatici
1075 2342 1204 2381 vestri
1230 2342 1458 2381 statuerint
1476 2344 1618 2381 vtrum
1645 2343 1701 2381 sit
1727 2341 1920 2389 odiosius,

326 2419 481 2445 nomen
513 2407 783 2445 barbarorum
816 2420 869 2446 an
901 2407 1141 2446 Turearum.
1201 2407 1314 2455 Plus,
1338 2408 1468 2455 credo,
1501 2407 1701 2446 amabunt
1730 2406 1918 2454 Turcam,

327 2471 554 2522 maiorique
587 2475 887 2522 persequentur
923 2471 1212 2511 beneuolentia
1250 2472 1440 2523 Iudeum,
1473 2472 1597 2511 modo
1636 2485 1722 2511 non
1760 2471 1816 2511 sit
1852 2471 1923 2510 ille

326 2549 508 2584 amusus,
531 2549 657 2586 quam
676 2537 849 2576 fratrem
876 2537 1161 2577 Christianum
1185 2538 1292 2575 tetra
1317 2537 1396 2575 ista
1421 2537 1618 2587 barbarie,
1641 2537 1718 2576 hoc
1737 2537 1800 2576 est
1819 2549 1922 2586 pene

329 2601 507 2640 dixerim
535 2602 670 2641 heresi
697 2602 1060 2652 perniciosissima,
1082 2602 1310 2642 infectum:
1344 2602 1443 2640 adeo
1471 2602 1543 2641 vix
1574 2602 1700 2641 homo
1728 2604 1792 2641 est
1820 2602 1923 2652 ipsis

293 2690 307 2719 5
328 2666 518 2717 quisquis
549 2666 615 2705 vel
653 2667 781 2705 semel
813 2667 983 2706 barbara
1014 2669 1154 2707 vtatur
1185 2666 1344 2706 vocula.
1402 2667 1522 2705 Vnde
1555 2666 1748 2718 <‘Vide,’)
1785 2665 1923 2717 inquit
1969 2657 1971 2659 ¹

329 2732 591 2782 Augustinus
624 2732 823 2771 ‘Domine
856 2733 979 2781 Deus,
1013 2735 1052 2771 et
1085 2732 1290 2782 patienter
1323 2734 1369 2771 vt
1398 2731 1515 2771 vides
1542 2731 1648 2780 vide,
1680 2744 1807 2782 quam
1835 2729 1924 2769 dili-

822 2826 874 2864 85.
901 2824 1062 2863 quisquis
1079 2827 1209 2862 scripsz:
1232 2824 1382 2864 quisque
1398 2835 1429 2855 α.

376 2911 429 2949 58.
447 2911 669 2953 simundus]
695 2899 753 2943 Cf.
765 2912 829 2951 Ep.
847 2921 921 2951 337.
941 2913 1005 2952 328
1023 2922 1095 2952 seq.
1164 2911 1237 2942 and
1264 2911 1326 2942 the
1355 2911 1458 2942 other
1484 2919 1645 2951 passages
1672 2907 1804 2948 quoted
1833 2907 1925 2938 from

378 2954 429 2991 76.
448 2954 650 2995 Laurentii]
677 2955 810 2986 Vallae.
1165 2955 1227 2986 the
1244 2955 1393 2986 Fathers
1410 2954 1455 2985 do
1468 2958 1532 2985 not
1547 2954 1668 2984 follow
1679 2952 1741 2982 the
1755 2951 1926 2991 originals

375 2997 429 3027 86.
453 2997 696 3038 Augustinus]
730 3000 815 3035 Conf.
846 3008 872 3029 1.
904 3000 953 3030 18.
1012 2999 1097 3030 This
1165 2998 1305 3038 closely.
1353 2998 1371 3029 I
1394 2998 1485 3028 have
1509 2997 1595 3036 only
1618 2994 1785 3027 recorded
1809 2994 1924 3026 diver-
