2010 3417
127 115 228 170 403]
599 117 753 157 FROM
789 117 1053 157 WILLIAM
1093 106 1250 157 BUDE
1641 119 1720 157 231

126 228 176 266 σὺ
193 228 262 277 τὴν
281 228 438 278 ἀπορίαν
458 228 704 277 κατέστησας,
724 229 744 266 ὁ
769 228 933 278 ὑπάρξας
957 230 1022 277 τῆς
1048 229 1260 280 εὐεργεσίας
1286 231 1335 269 εἷς
1354 229 1471 277 φίλον
1489 230 1554 278 τῆς
1573 227 1719 273 ἀξιολο-
1742 235 1780 268 75

123 293 302 344 γωτοῖτης,
317 293 399 332 δέον
413 291 459 331 αὖ
469 293 716 342 προλαβόντα
727 310 774 343 με
786 294 893 331 τοῦτό
909 310 973 332 σοι
984 294 1027 332 τὸ
1038 296 1194 346 πρᾶγμα
1208 297 1418 345 παρασχεῖν
1432 294 1722 346 ἀγχινούστερον

124 357 171 396 ἂν
190 357 473 410 ἀπαλλαχθέντι
490 358 625 407 ταύτης
649 360 714 407 τῆς
742 358 970 410 δυσχερείας.
1029 360 1086 396 Οὐ
1110 359 1185 408 μὴν
1211 358 1298 397 ἀλλ’
1325 360 1462 406 ἐλπίζω
1489 360 1657 408 εὑρήσειν
1681 376 1720 397 τε

123 424 263 473 τρόπον
288 425 371 462 τινὰ
399 423 642 473 εὐπρόσωπον
670 425 788 474 πόρον
814 442 855 463 τε
883 425 1103 474 εὐπορήσειν
1132 426 1196 472 ἐφ’
1226 424 1253 475 ᾧ
1277 424 1494 469 ἀπαλλάξαι
1519 441 1595 465 πως
1619 423 1722 463 τουδὶ

123 491 189 527 τοῦ
219 489 483 539 ὀφειλήματος·
529 489 703 534 καθάπαξ
728 490 767 528 δὲ
800 488 1171 540 ἀπαλλαχθήσεσθαι
1206 491 1271 527 οὐκ
1305 488 1351 527 ἂν
1387 489 1446 528 διὰ
1482 490 1572 539 βίου
1606 490 1721 542 ἔγωγε

123 555 332 604 ἐλπίσαιμι,
352 555 520 604 μείζονος
547 554 591 604 δὴ
618 555 722 596 ὄντος
747 557 794 595 ὡς
820 555 969 604 ἀληθῶς
994 557 1060 592 τοῦ
1089 554 1231 592 δανείου
1259 553 1283 604 ἢ
1312 556 1405 593 κατὰ
1432 556 1478 593 τὰ
1505 555 1721 606 ὑπάρχοντά
1739 554 1781 585 80

121 636 198 669 μοι.
270 620 397 657 Ἀλλὰ
429 620 503 669 μὴν
529 620 637 658 πάντ’
667 619 711 658 ἂν
738 622 888 669 μᾶλλον
917 618 1168 668 ἀποδεξαίμην
1195 618 1218 668 ἢ
1246 622 1433 669 τοσαύτην
1461 620 1521 658 καὶ
1547 620 1720 669 τοιαύτην

120 685 345 736 ἀχαριστίαν
364 686 508 733 ὀφλεῖν.

177 749 254 788 Καὶ
271 751 340 799 μὲν
359 749 404 798 δὴ
426 750 485 787 καὶ
507 751 616 801 χάριν
643 767 706 788 σοι
732 749 813 788 οἶδα
841 750 901 787 καὶ
927 750 1112 801 ὁμολογῶ,
1134 751 1199 798 τῆς
1219 750 1443 801 συγγνώμης
1462 767 1534 788 σου
1552 752 1618 799 τῆς
1636 750 1720 800 περὶ

118 817 186 853 τοῦ
212 815 562 865 παρηκολουθηκότι
586 816 760 865 ῥήματος.
821 814 954 862 Quam
982 814 1103 852 molli
1131 813 1306 853 articulo
1334 814 1394 852 ibi
1422 827 1490 852 me
1518 814 1716 864 tractasti,

120 879 206 918 imo
245 893 370 930 quam
401 879 507 918 mihi
541 893 608 918 me
642 878 1030 930 reprehendendum
1069 879 1455 929 emendandumque
1487 879 1718 930 reliquisti!
1738 883 1778 923 85

119 945 327 995 Agnosco,
352 945 493 993 fateor,
515 944 707 995 deprecor
729 958 815 984 non
840 944 1004 995 eulpam
1031 945 1101 983 sed
1127 957 1313 994 poenam,
1336 945 1408 983 sed
1427 945 1714 995 ignominiam,

118 1022 223 1060 quae
242 1010 393 1048 fatenti
411 1009 572 1048 remitti
591 1010 709 1048 solet.
770 1009 955 1048 Potuisti
973 1010 1063 1047 iure
1083 1011 1154 1047 tuo
1173 1010 1215 1047 τὸ
1236 1010 1402 1059 σφάλμα
1419 1026 1492 1058 μου
1513 1010 1719 1059 ἐπανορθω-

117 1078 225 1115 τικῶς
242 1092 286 1127 γε
305 1075 349 1124 δὴ
370 1075 668 1124 σημειώσασθαι,
689 1076 738 1114 vt
763 1074 892 1113 etiam
918 1074 1061 1113 critica
1085 1074 1307 1113 seueritate
1332 1074 1586 1114 abstineres:
1616 1075 1717 1120 ἔδοξε

119 1141 230 1190 κάμοὶ
257 1140 605 1190 παρηκολουθηκότι
633 1140 771 1179 ἄνωθεν
797 1143 926 1179 πᾶσιν.
985 1139 1073 1190 Ego
1102 1139 1162 1178 ita
1189 1139 1329 1178 locum
1357 1140 1566 1190 transtuli,
1597 1142 1717 1191 quasi

118 1205 250 1245 Lucas
282 1218 325 1243 se
359 1206 566 1245 ἀκόλουθον
598 1209 670 1244 τῶν
703 1207 896 1244 αὐτοπτῶν
928 1204 1091 1253 diceret,
1128 1218 1225 1243 cum
1263 1205 1331 1243 hic
1368 1206 1717 1256 παρηκολουθηκότι
1734 1218 1776 1250 90

117 1270 231 1309 idem
264 1271 374 1321 quod
405 1272 592 1323 ἐφιγμένῳ
621 1270 838 1321 significet,
871 1272 919 1310 vt
952 1270 1000 1308 tu
1031 1269 1117 1320 ipse
1145 1270 1299 1309 sentire
1327 1271 1493 1319 videris,
1524 1272 1653 1310 etiam
1680 1272 1715 1311 si

118 1335 265 1375 Latine
291 1339 464 1375 assecuto
487 1335 722 1386 improbare
748 1336 900 1374 Videris
923 1348 998 1386 pro
1022 1335 1171 1386 τυχόντι
1198 1336 1258 1373 καὶ
1284 1337 1488 1388 ἐφικομένῳ
1510 1338 1570 1374 καὶ
1589 1354 1714 1387 κατορ-

118 1402 252 1440 θοῦντι.
301 1400 487 1440 Αεθθθαΐο
501 1404 548 1440 Vt
561 1402 732 1451 probem
750 1401 848 1439 facit
867 1401 1170 1440 Demosthenes
1185 1404 1222 1440 ἐν
1236 1405 1286 1453 τῷ
1300 1402 1384 1452 περὶ
1400 1403 1717 1453 Παραπρεσβείας

116 1467 184 1506 his
197 1466 336 1506 verbis
351 1481 361 1506 :
390 1467 446 1505 ἵνα
465 1468 512 1507 ὡς
531 1469 626 1516 μετὰ
640 1467 824 1516 πλείστης
837 1468 1061 1519 συγγνώμης
1074 1465 1161 1516 παρ’
1178 1469 1280 1517 ὑμῶν
1294 1469 1314 1506 ὃ
1332 1469 1378 1506 τὰ
1393 1470 1525 1506 τούτου
1539 1469 1716 1519 πονηρέυ-

114 1549 217 1582 ματα
255 1532 357 1572 εἰδὼς
393 1533 465 1584 ἐγὼ
511 1532 572 1570 καὶ
614 1532 954 1582 παρηκολουθηκὼς
998 1533 1118 1571 ἅπασι
1161 1537 1366 1585 κατηγορῶ.
1446 1533 1528 1572 Hic
1571 1536 1713 1572 Vtrum
1733 1545 1773 1577 95

116 1597 443 1637 Demosthenem
469 1597 701 1648 intelligam
730 1598 871 1637 omnia
899 1598 1107 1647 Eschynis
1134 1598 1295 1648 flagicia
1324 1599 1581 1649 criminaque
1609 1612 1714 1638 com—

115 1663 270 1714 perisse
298 1665 565 1714 accurateque
593 1663 639 1702 in
669 1677 765 1702 eum
794 1663 1071 1714 inquisiuisse‚
1092 1664 1291 1714 quasique
1318 1664 1458 1703 omnia
1483 1664 1572 1703 eius
1600 1667 1715 1715 gesta

116 1729 303 1777 factaque
316 1741 339 1765 e
349 1727 527 1778 vestigio
539 1729 598 1767 ita
611 1730 874 1778 persecutum
888 1730 935 1767 vt
948 1729 1118 1767 tandem
1133 1728 1422 1779 inuestigarit?
1440 1743 1493 1768 an
1507 1729 1712 1768 arbitrum

115 1795 157 1832 et
177 1794 450 1842 spectatorem
475 1793 604 1831 fuisse
627 1806 767 1831 rerum
792 1806 1008 1844 perperam
1035 1794 1087 1832 ab
1112 1806 1159 1831 eo
1184 1796 1394 1843 gestarum
1414 1796 1461 1833 vt
1483 1793 1708 1844 aequalem,

114 1861 161 1897 vt
181 1854 556 1908 συμπολιτευόμενον,
578 1860 626 1897 vt
650 1859 794 1898 eadem
814 1858 1021 1908 legatione
1040 1859 1232 1897 functum
1245 1860 1266 1897 ‘?
1320 1859 1440 1898 Idem
1459 1859 1583 1898 alibi:
1612 1861 1713 1909 ὑμεῖς
1734 1870 1795 1893 100

111 1925 198 1976 γὰρ,
217 1923 399 1971 δικασταὶ,
416 1925 507 1974 ῥᾷον
517 1924 870 1973 παρακολουθήσετε
884 1927 980 1962 πᾶσι
998 1926 1075 1963 τοῖς
1093 1925 1318 1975 λεγομένοις·
1349 1924 1455 1963 nihil
1470 1938 1546 1964 VOS
1564 1924 1708 1974 fugiet,

115 1989 186 2028 sed
205 1989 347 2026 omnia
365 1990 412 2027 vt
431 2001 456 2026 a
480 2001 547 2027 me
568 1988 677 2027 dicta
701 1991 824 2027 erunt
851 1987 1066 2027 intellectu
1090 1989 1374 2039 assequemini.
1435 1990 1505 2029 Sic
1529 1989 1714 2029 Galenus

113 2054 451 2104 παρακολουθῆσαί
465 2071 536 2092 τινι
556 2054 687 2105 θεωρίᾳ
706 2053 812 2092 dixit
830 2054 972 2092 animo
990 2053 1049 2093 ita
1068 2053 1271 2104 percipere
1290 2056 1344 2093 vt.
1356 2055 1712 2105 speculamentum

156 2141 210 2178 83.
236 2150 295 2170 σου
310 2142 361 2170 B:
385 2149 434 2170 σοι
454 2142 478 2170 C
490 2151 497 2170 :
521 2150 580 2171 om.
597 2141 630 2174 β.
787 2141 840 2179 84.
863 2141 909 2174 B:
932 2138 1226 2179 παρακολουθηκότι
1242 2143 1280 2172 Β.
1443 2142 1496 2181 87.
1520 2139 1559 2172 τὸ
1577 2165 1584 2172 .
1601 2164 1609 2172 .
1629 2164 1636 2171 .
1656 2141 1709 2172 88.

114 2182 351 2223 σημειώσασθαι
375 2185 457 2217 Ββ;
480 2185 640 2214 erratum
664 2193 785 2214 meum
808 2185 904 2214 certe
927 2184 1041 2214 veluti
1063 2184 1242 2224 corrigens
1265 2183 1423 2214 indicare
1445 2196 1477 2216 α.
1588 2185 1641 2216 88.
1664 2186 1711 2218 B:

113 2225 345 2267 σημειάσασθαι
361 2228 400 2258 Β.
445 2225 531 2266 ἔδοξε
548 2250 556 2259 .
577 2251 584 2258 .
605 2250 612 2258 .
629 2228 680 2266 89.
705 2226 799 2258 πᾶσιν
812 2228 874 2261 BR
888 2238 897 2258 ε
918 2227 1037 2258 visum
1053 2230 1106 2258 est
1123 2229 1158 2258 et
1173 2228 1266 2258 mihi
1281 2228 1530 2268 peruestigatis
1543 2228 1586 2259 ab
1603 2227 1711 2258 initio

113 2270 280 2301 omnibus
294 2281 323 2301 α.
398 2271 453 2310 89.
476 2271 500 2304 β
513 2281 520 2300 :
545 2270 836 2310 παρακολουθηκότι
851 2273 889 2301 B.
964 2281 1021 2311 90.
1044 2269 1222 2301 ἀκόλουθον
1237 2271 1301 2301 τῶν
1315 2271 1482 2302 αὐτοπτῶν
1496 2274 1556 2306 Ββ
1571 2283 1579 2302 :
1602 2271 1710 2303 comi·

114 2316 188 2344 tem
202 2323 324 2344 eorum
337 2312 477 2352 (eorum
489 2317 600 2351 scripsi
614 2326 621 2345 z
644 2319 689 2346 no
702 2316 738 2355 α)
757 2314 820 2354 qui
834 2315 907 2345 suis
920 2315 1032 2345 oculis
1043 2314 1210 2345 viderant
1226 2327 1254 2346 a.
1300 2325 1336 2344 a:
1362 2314 1652 2354 παρακολουθηκότι
1668 2317 1709 2345 Β.

112 2366 166 2396 91.
189 2355 350 2396 ἐφνγμένῳ
366 2358 426 2391 Ββ
440 2370 447 2389 ;
469 2360 627 2389 assecuto
643 2369 674 2390 α.
761 2368 814 2398 92.
839 2356 973 2397 τυχόντι
989 2382 996 2389 .
1018 2382 1026 2390 .
1048 2382 1055 2389 .
1071 2358 1278 2399 κατορθοῦντι
1294 2359 1354 2392 Ββ
1368 2369 1376 2388 :
1399 2358 1528 2398 adepto
1544 2360 1580 2389 et
1595 2359 1709 2398 potito

113 2401 148 2430 et
162 2400 237 2430 voti
253 2402 412 2440 compote
427 2412 458 2432 α.
560 2411 614 2441 93.
639 2401 673 2431 ἐν
689 2425 696 2432 .
714 2425 722 2432 .
741 2425 749 2432 .
768 2411 820 2441 95.
848 2401 1018 2442 κατηγορῶ
1033 2403 1093 2436 Ββ
1107 2411 1115 2432 :
1140 2403 1180 2432 in
1195 2402 1334 2432 actione
1351 2402 1393 2432 de
1409 2411 1595 2442 perperam
1612 2402 1710 2432 obita

113 2442 291 2483 legatione
321 2444 380 2474 his
406 2444 535 2484 verbis,
564 2447 604 2475 vt
630 2445 731 2476 velut
758 2455 840 2476 cum
866 2445 1024 2485 plurima
1049 2445 1156 2475 venia
1181 2448 1309 2483 vestra,
1340 2445 1404 2484 qui
1432 2445 1540 2476 huius
1565 2444 1710 2475 fraudes

113 2487 188 2526 ipse
203 2487 314 2517 sciam
329 2488 365 2517 et
380 2487 650 2527 peruestigarim
667 2489 962 2528 (peruestigaram
977 2489 1011 2528 a)
1029 2489 1162 2525 omnia,
1178 2498 1337 2519 accusem
1353 2500 1385 2519 α.
1474 2499 1527 2527 94.
1550 2490 1636 2518 Dem.
1654 2489 1689 2517 N
1701 2498 1709 2518 ε

112 2529 201 2569 ἡμῶν
217 2531 289 2564 RB.
405 2539 458 2569 95.
481 2533 569 2562 Dem.
585 2543 592 2562 :
615 2531 898 2572 παρακολουθηκώς
913 2535 950 2562 Β.
1067 2541 1140 2563 100.
1165 2531 1478 2570 συμπολιτευόμενον
1494 2532 1552 2565 Ββ
1568 2542 1575 2561 :
1598 2530 1708 2561 simul

111 2583 196 2604 cum
212 2582 252 2603 eo
274 2574 419 2612 gerente
441 2583 552 2614 remp.
568 2585 600 2604 α.
734 2575 820 2614 ὑμεῖς
843 2598 851 2605 .
879 2598 886 2606 .
913 2598 921 2605 .
950 2585 1022 2606 101.
1045 2573 1234 2614 λεγομένοις
1249 2576 1330 2608 Ββ;
1354 2583 1416 2605 vos
1431 2574 1540 2612 enim,
1558 2573 1704 2614 iudices,

113 2616 256 2647 facilius
271 2616 515 2654 assequemini
531 2617 651 2648 omnia
666 2627 756 2657 quae
776 2618 958 2657 dicuntur,
976 2618 1014 2648 id
1030 2619 1084 2649 est
1098 2629 1128 2648 α.
1255 2627 1327 2656 103.
1351 2615 1629 2657 παρακολουθῆσαί
1644 2628 1707 2648 τινι

110 2658 225 2700 θεωρίᾳ
240 2660 301 2694 Ββ
316 2669 324 2689 :
349 2659 470 2689 omnia
486 2661 626 2699 assequi
642 2661 883 2701 speculatione
898 2661 1054 2700 quadam
1070 2672 1099 2691 α.

155 2748 208 2786 84.
234 2745 543 2788 παρηκολουθηκότι]
569 2747 667 2778 Luke
687 2758 713 2779 1.
729 2758 759 2787 3.
808 2748 877 2779 For
943 2748 990 2779 In
1011 2749 1069 2779 his
1085 2748 1216 2779 second
1237 2748 1374 2779 edition
1397 2748 1514 2789 (1519)
1537 2749 1707 2780 Erasmus

112 2791 232 2821 Pace's
268 2791 379 2821 views
417 2801 463 2822 on
501 2791 576 2821 this
617 2792 781 2831 question
819 2802 875 2823 see
943 2792 1105 2823 modifies
1116 2792 1174 2823 his
1186 2792 1402 2822 translation
1413 2792 1484 2822 and
1501 2792 1706 2823 introduces

108 2834 232 2866 Jortin
256 2833 294 2864 ii.
318 2843 458 2873 347—50.
942 2833 1116 2866 Budaeus'
1142 2836 1309 2866 citations
1330 2835 1424 2866 from
1448 2835 1706 2867 Demosthenes

154 2888 207 2918 92.
235 2877 386 2918 assecuto]
424 2877 499 2908 The
529 2878 682 2917 Vulgate
712 2877 873 2918 reading.
941 2878 1015 2908 and
1031 2878 1145 2909 Galen
1161 2879 1240 2909 into
1256 2879 1315 2909 his
1330 2881 1425 2910 note.
1473 2878 1523 2910 Cf.
1543 2879 1606 2919 Ep.
1628 2888 1702 2917 441.

112 2921 283 2953 Erasmus
320 2921 512 2952 translates
550 2924 728 2958 persecutus
775 2922 874 2961 (mis-
983 2932 1036 2960 93.
1056 2922 1332 2963 Demosthenes]
1358 2931 1432 2960 423.

110 2964 257 3004 printed
275 2964 478 3006 prosecutus),
498 2965 663 2996 Budaeus
685 2967 871 2996 assectatori.
987 2975 1059 2997 100.
1075 2964 1177 3006 alibi]
1202 2966 1302 2997 Dem.
1323 2974 1428 3005 1050:
1451 2968 1487 2996 iu
1505 2968 1634 2997 Macart.
1655 2976 1684 2998 1.
