2010 3417
291 146 371 183 352
749 141 1003 179 LETTERS
1042 140 1113 178 OF
1151 139 1417 179 ERASMUS
1759 139 1797 194 [1
1807 151 1828 188 5
1837 152 1852 177 1
1861 143 1884 178 6

344 251 540 301 Disquiro
559 249 807 298 iampridem
825 248 965 287 locum
984 248 1029 286 in
1046 248 1182 287 fronte
1198 247 1298 285 libri
1317 261 1402 286 non
1422 248 1617 298 vulgaris,
1641 250 1718 296 cui,
1742 250 1887 299 quanti

291 317 518 367 sapientem
550 315 675 353 istam
705 313 982 364 eloquentiam
1010 313 1168 360 faciam,
1202 314 1247 351 vt
1276 312 1527 351 arundineto
1555 312 1621 351 illi
1649 313 1886 362 clamitem;

291 381 399 420 nihil
428 380 596 430 quidem
628 378 728 417 noui
754 378 939 417 facturus
966 379 1036 416 aut
1063 378 1231 428 vulgate
1259 377 1449 426 opinioni
1476 377 1703 425 additurus,
1725 379 1798 417 sed
1816 379 1889 417 im-

234 463 272 483 20
290 445 470 497 pacienti
498 444 711 495 desyderio
743 457 836 482 meo
870 457 922 481 ne
951 443 995 481 in
1026 443 1183 482 rabiem
1211 444 1400 482 vertatur
1427 442 1611 481 offellam
1640 442 1886 483 obiecturus.

290 513 358 550 Ad
379 524 503 561 quam
517 510 700 549 alludere
719 509 895 548 memini
913 523 1008 547 cum
1028 509 1309 559 superioribus
1327 508 1412 546 tuis
1432 509 1514 547 late
1533 508 1834 558 responderem,
1850 511 1891 548 et

291 576 452 616 Budaei
488 575 621 614 nostri
650 575 810 613 litteras
845 576 1031 613 accurate
1060 575 1233 623 scriptas
1265 587 1416 624 genero
1447 573 1593 612 Iudoci
1623 574 1816 621 Donaret,
1837 575 1894 612 ta-

291 641 484 681 bellionis
504 640 772 679 dominorum
791 653 815 678 a
834 639 1001 678 secretis
1021 639 1214 679 Gandaui
1233 639 1456 689 agentium,
1473 639 1522 677 ad
1543 640 1584 677 te
1597 639 1736 678 darem
1753 653 1762 687 ;
1791 652 1892 689 quas

292 707 492 756 receperis
529 719 659 744 necne
691 705 886 743 Budaeus
918 703 1020 743 scire
1053 705 1253 754 percupit.
1326 704 1511 753 Scriptae
1545 705 1646 743 sunt
1673 706 1892 755 postquam

234 787 272 819 25
292 771 337 810 in
359 770 632 810 Brabantiam
667 770 833 819 venisti,
855 770 1007 809 abhinc
1036 770 1141 808 forte
1171 771 1259 809 dies
1280 783 1342 816 40.
1417 769 1526 808 Puer
1552 769 1620 808 hic
1648 782 1768 808 meus
1796 770 1895 808 refe-

293 837 422 876 rendo
443 849 637 886 responso
657 837 780 885 aptus
800 835 938 874 fuerit.

346 902 449 941 Vale
464 901 616 941 Parisii
635 902 734 950 Ipso
754 900 970 939 Michaelis
993 900 1180 940 Archan.
1245 914 1257 937 1
1269 914 1311 948 5¹
1325 902 1358 938 6.

716 1020 813 1060 473.
876 1019 1010 1060 FROM
1042 1017 1263 1058 WILLIAM
1296 1017 1471 1059 NESEN.

341 1111 527 1146 Deventer
544 1109 621 1144 MS.
642 1120 697 1154 91,
716 1109 742 1144 f.
766 1119 829 1153 147
849 1114 898 1143 v0.
1527 1107 1696 1154 (Basia)

340 1168 413 1203 LB.
431 1169 528 1213 App.
551 1168 627 1202 108.
1172 1194 1174 1196 ψ
1373 1166 1621 1212 <September
1637 1166 1699 1201 fin.
1723 1165 1851 1211 1516.)

671 1248 755 1289 [For
770 1247 834 1279 the
851 1248 932 1279 date
950 1249 1115 1288 assigned
1134 1258 1189 1279 see
1208 1249 1272 1289 Ep.
1291 1250 1356 1288 469
1373 1248 1526 1289 introd.]

560 1347 738 1377 DOMINO
771 1346 950 1377 ERASMO
982 1347 1261 1378 GVILIELMYS
1293 1347 1493 1378 NESENVS
1525 1347 1557 1376 S.
1589 1347 1631 1376 D.

351 1431 452 1469 ETsI
481 1429 698 1480 pleraeque
728 1442 793 1467 res
816 1429 1061 1468 mortalium
1093 1428 1200 1468 tales
1233 1430 1320 1467 sint
1350 1432 1396 1468 vt
1427 1443 1512 1467 non
1544 1429 1687 1467 statim
1717 1428 1899 1478 primore

296 1498 463 1546 aspectu
496 1495 563 1533 vel
601 1494 802 1533 iucundae
836 1494 902 1532 vel
932 1507 1095 1533 amarae
1124 1494 1298 1533 iudicari
1327 1494 1498 1542 soleant,
1530 1494 1639 1535 mihi
1671 1495 1780 1532 certe
1810 1495 1898 1543 ipsa

298 1561 504 1600 ambrosia
540 1561 763 1610 ipsumque
794 1562 934 1598 nectar
963 1574 1034 1610 pre
1076 1560 1287 1598 occasione
1317 1560 1443 1598 etiam
1470 1560 1744 1610 qualicunque
1773 1560 1825 1598 ad
1859 1562 1900 1598 te

299 1625 508 1665 scribendi
526 1638 725 1664 nauseam
745 1625 879 1674 sapit3
920 1638 999 1675 qua
1024 1625 1186 1663 vtinam
1214 1627 1301 1663 tam
1329 1626 1447 1664 docte
1475 1625 1539 1664 vti
1567 1637 1691 1674 quam
1719 1623 1899 1663 libenter

259 1712 276 1742 5
297 1691 448 1730 vellem
475 1690 625 1738 liceret,
648 1692 771 1739 atque
790 1691 850 1728 ita
870 1690 1002 1729 animi
1030 1691 1114 1728 mei
1133 1703 1316 1729 recessus
1335 1690 1529 1728 facundia
1547 1690 1751 1740 explicare
1772 1702 1898 1739 quam

296 1755 454 1795 infelici
472 1756 614 1805 inopia
632 1769 789 1805 premo.
828 1755 1000 1794 Videres
1020 1755 1222 1794 nimirum
1242 1755 1453 1794 Nesenum
1473 1757 1606 1803 tuum,
1627 1755 1738 1793 infra
1757 1767 1900 1793 omnes

297 1822 465 1860 infimos
485 1821 773 1867 constitutum,
801 1821 949 1871 quanti
967 1823 1007 1859 te
1027 1834 1151 1871 supra
1171 1834 1314 1859 omnes
1335 1821 1512 1863 eximios
1538 1821 1689 1859 eximie
1719 1820 1899 1859 eminen-

298 1889 384 1926 tem
402 1887 565 1925 faceret.
626 1886 707 1924 Sed
738 1886 898 1925 malum
921 1886 986 1925 his
1016 1886 1195 1925 desidiae
1225 1887 1337 1925 votis
1365 1886 1642 1936 nequicquam
1674 1885 1894 1935 perficitur.

299 1953 415 2001 Quod
436 1965 532 1991 vero
552 1951 660 1989 mihi
678 1953 772 1989 tuae
785 1951 934 2002 Copiae
953 1951 1275 1990 commentarios
1294 1952 1606 1990 inscribendum
1636 1951 1805 2001 putasti,
1827 1950 1898 1989 vix

242 2040 280 2061 10
299 2018 380 2056 dici
412 2019 548 2068 potest
569 2030 650 2066 quo
670 2017 820 2065 gaudio
841 2017 1043 2067 quibusue
1062 2017 1209 2056 letitiis
1234 2018 1394 2056 arcanis
1423 2017 1614 2056 animum
1643 2030 1784 2055 meum
1811 2030 1898 2066 per-

298 2082 421 2120 fundi
452 2082 640 2120 sentiam.
697 2081 775 2120 Est
803 2083 916 2120 enim
948 2083 1161 2132 egregium
1189 2082 1350 2121 facinus
1380 2082 1566 2132 mihique
1595 2082 1647 2120 ad
1675 2081 1898 2120 memoriae

298 2146 660 2185 immortalitatem
698 2147 935 2196 gloriosum,
968 2150 1007 2185 et
1037 2148 1145 2197 quod
1184 2161 1258 2197 ego
1297 2148 1407 2186 haud
1445 2147 1569 2198 paulo
1606 2146 1897 2197 praestabilius

297 2214 399 2263 puto
429 2225 554 2262 quam
579 2214 783 2251 trecentos
803 2212 974 2251 Croesos
1003 2214 1045 2251 et
1073 2213 1250 2251 Crassos.
1311 2213 1405 2251 Non
1434 2215 1574 2251 tamen
1603 2213 1655 2250 ob
1684 2212 1761 2250 hoc
1789 2213 1898 2262 quod

301 2277 522 2327 quicquam
559 2277 640 2315 tale
679 2290 772 2316 mea
810 2278 1009 2316 meruerit
1045 2278 1293 2328 simplicitas
1336 2278 1578 2327 candorque,
1621 2290 1724 2327 quae
1757 2277 1898 2315 omnia

243 2368 279 2399 15
298 2342 438 2393 potius
457 2342 563 2381 mihi
581 2342 907 2381 conciliauerunt
923 2356 1047 2393 quam
1076 2344 1325 2381 mediocrem
1344 2343 1471 2381 etiam
1492 2342 1653 2381 dicendi
1667 2342 1897 2393 supellecti-

298 2408 393 2454 lem,
429 2408 500 2446 sed
539 2408 647 2458 quod
687 2408 911 2446 Erasmum
948 2408 1163 2447 hominem
1199 2422 1294 2447 vere
1333 2408 1467 2446 diuini
1504 2407 1686 2457 pectoris
1715 2407 1898 2446 amicum

298 2473 492 2512 habuisse
524 2473 663 2520 dicor;
707 2473 893 2522 daboque
921 2487 1086 2523 operam
1117 2475 1283 2511 strenue
1302 2475 1351 2512 vt
1377 2473 1504 2523 Copia
1544 2486 1668 2523 quam
1695 2473 1898 2522 ocyssime

299 2539 427 2578 simul
446 2540 487 2577 et
506 2538 757 2577 nitidissime
778 2539 1078 2578 Frobennianis
1098 2539 1209 2589 typis
1229 2552 1375 2577 excusa
1387 2538 1432 2576 in
1450 2538 1587 2577 lucem
1606 2540 1735 2577 exeat.
1767 2537 1899 2576 Moria

344 2638 420 2669 472.
438 2648 490 2669 21.
517 2638 667 2669 allidere
683 2641 752 2670 MS.
767 2651 774 2669 ;
800 2649 876 2669 corr.
895 2640 1031 2668 Niclzols.
1230 2647 1281 2668 22.
1308 2637 1467 2668 Donaret
1484 2640 1614 2674 scripsi:
1639 2637 1789 2667 donaret
1806 2639 1873 2667 MS.
1888 2648 1895 2666 :

300 2681 471 2712 donarem
488 2684 551 2713 ΕΒ.
686 2683 762 2714 473.
781 2693 813 2722 9.
840 2681 1087 2713 inscribendos
1102 2683 1168 2712 LB.
1304 2691 1353 2712 11.
1379 2682 1495 2712 sentia
1512 2683 1581 2712 MS.
1600 2692 1607 2711 ε
1632 2690 1709 2711 corr.
1728 2683 1791 2712 ΕΒ.

343 2780 418 2811 472.
448 2790 503 2811 2ο.
539 2780 712 2821 offellam]
738 2780 788 2811 Cf.
825 2781 888 2820 Ep.
921 2790 997 2819 434.
1027 2789 1061 2819 3.
1130 2779 1306 2810 archives.

344 2832 400 2856 22.
422 2822 576 2865 Budaei]
600 2824 664 2863 Ep.
683 2833 758 2863 435.
1174 2832 1226 2861 25.
1251 2822 1309 2863 40]
1334 2822 1421 2853 This
1442 2821 1553 2862 figure
1575 2823 1606 2853 is
1627 2820 1895 2853 unmistakable

391 2866 566 2908 Donaret]
598 2867 685 2898 This
718 2877 832 2898 seems
863 2866 996 2907 clearly
1026 2869 1062 2897 to
1130 2867 1169 2897 in
1194 2867 1256 2897 the
1282 2866 1354 2898 MS.
1401 2865 1441 2896 If
1460 2867 1489 2897 it
1512 2867 1543 2897 is
1567 2866 1741 2905 correctly
1756 2863 1892 2904 copied,

301 2909 344 2939 be
375 2919 396 2939 a
422 2911 587 2949 personal
616 2921 744 2949 name;
784 2911 922 2951 though
956 2911 974 2941 Ι
1005 2920 1062 2941 am
1131 2910 1276 2941 Badius’
1314 2919 1475 2950 memory
1511 2909 1542 2940 is
1578 2918 1667 2948 very
1705 2908 1815 2939 much
1855 2909 1891 2937 at

302 2950 478 2983 informed
489 2954 719 2993 byM.Vict-or
730 2954 876 2985 Vander
889 2954 1062 2994 Haeghen
1132 2953 1234 2984 fault.

302 2995 383 3025 that
413 2995 442 3026 it
470 2996 500 3026 is
525 2998 586 3027 not
617 2997 749 3028 known
782 3000 817 3028 at
849 2998 910 3028 the
943 2998 1062 3029 Ghent
1175 2997 1250 3028 473.
1280 2997 1329 3026 18.
1347 2994 1582 3036 nitidissime]
1601 2994 1651 3025 Cf.
1681 2995 1744 3034 Ep.
1770 2994 1844 3031 462.
1860 2993 1891 3025 8.
