<?xml version="1.0" encoding="UTF-8"?>
<!DOCTYPE html PUBLIC "-//W3C//DTD XHTML 1.0 Transitional//EN"
    "http://www.w3.org/TR/xhtml1/DTD/xhtml1-transitional.dtd">
<html xmlns="http://www.w3.org/1999/xhtml" xml:lang="en" lang="en">
 <head>
  <title>
</title>
<meta http-equiv="Content-Type" content="text/html;charset=utf-8" />
  <meta name='ocr-system' content='tesseract 3.04.00' />
  <meta name='ocr-capabilities' content='ocr_page ocr_carea ocr_par ocr_line ocrx_word'/>
</head>
<body>
  <div class='ocr_page' id='page_1' title='image "./opusepistolarumd02erasuoft/opusepistolarumd02erasuoft_0416.png"; bbox 0 0 2010 3417; ppageno 0'>
   <div class='ocr_carea' id='block_1_1' title="bbox 219 464 263 496">
    <p class='ocr_par' dir='ltr' id='par_1_1' title="bbox 219 464 263 496">
     <span class='ocr_line' id='line_1_1' title="bbox 219 464 263 496; baseline -0.023 0"><span class='ocrx_word' id='word_1_1' title='bbox 219 464 263 496; x_wconf 85' lang='lat'>60</span> 
     </span>
    </p>
   </div>
   <div class='ocr_carea' id='block_1_2' title="bbox 284 153 1407 198">
    <p class='ocr_par' dir='ltr' id='par_1_2' title="bbox 284 153 1407 198">
     <span class='ocr_line' id='line_1_2' title="bbox 284 153 1407 198; baseline -0.004 0"><span class='ocrx_word' id='word_1_2' title='bbox 284 160 363 198; x_wconf 84' lang='lat'>388</span> <span class='ocrx_word' id='word_1_3' title='bbox 748 154 998 194; x_wconf 83' lang='lat' dir='ltr'><strong>LETTERS</strong></span> <span class='ocrx_word' id='word_1_4' title='bbox 1037 153 1107 192; x_wconf 81' lang='lat' dir='ltr'>OF</span> <span class='ocrx_word' id='word_1_5' title='bbox 1144 154 1407 194; x_wconf 87' lang='lat' dir='ltr'>ERASMUS</span> 
     </span>
    </p>
   </div>
   <div class='ocr_carea' id='block_1_3' title="bbox 388 263 1669 509">
    <p class='ocr_par' dir='ltr' id='par_1_3' title="bbox 390 263 925 313">
     <span class='ocr_line' id='line_1_3' title="bbox 390 263 925 313; baseline -0.009 -8"><span class='ocrx_word' id='word_1_6' title='bbox 390 268 450 305; x_wconf 89' lang='lat' dir='ltr'>De</span> <span class='ocrx_word' id='word_1_7' title='bbox 470 264 657 303; x_wconf 86' lang='lat' dir='ltr'>doctrina</span> <span class='ocrx_word' id='word_1_8' title='bbox 676 263 925 313; x_wconf 83' lang='lat' dir='ltr'>principum.</span> 
     </span>
    </p>

    <p class='ocr_par' dir='ltr' id='par_1_4' title="bbox 388 326 1669 443">
     <span class='ocr_line' id='line_1_4' title="bbox 389 326 1669 378; baseline -0.002 -10"><span class='ocrx_word' id='word_1_9' title='bbox 389 330 570 369; x_wconf 81' lang='lat' dir='ltr'>Maxime</span> <span class='ocrx_word' id='word_1_10' title='bbox 590 342 685 367; x_wconf 92' lang='lat' dir='ltr'>cum</span> <span class='ocrx_word' id='word_1_11' title='bbox 704 327 962 378; x_wconf 90' lang='lat' dir='ltr'>principibus</span> <span class='ocrx_word' id='word_1_12' title='bbox 982 329 1169 377; x_wconf 74' lang='lat' dir='ltr'><strong>oportere</strong></span> <span class='ocrx_word' id='word_1_13' title='bbox 1188 327 1342 366; x_wconf 86' lang='lat' dir='ltr'>versari</span> <span class='ocrx_word' id='word_1_14' title='bbox 1360 326 1669 377; x_wconf 89' lang='lat' dir='ltr'>philosophum.</span> 
     </span>
     <span class='ocr_line' id='line_1_5' title="bbox 388 392 1413 443; baseline -0.004 -10"><span class='ocrx_word' id='word_1_15' title='bbox 388 396 459 433; x_wconf 87' lang='lat' dir='ltr'>An</span> <span class='ocrx_word' id='word_1_16' title='bbox 479 396 586 433; x_wconf 90' lang='lat' dir='ltr'>recte</span> <span class='ocrx_word' id='word_1_17' title='bbox 606 393 765 432; x_wconf 91' lang='lat' dir='ltr'>dictum</span> <span class='ocrx_word' id='word_1_18' title='bbox 785 393 842 432; x_wconf 90' lang='lat' dir='ltr'>sit</span> <span class='ocrx_word' id='word_1_19' title='bbox 859 393 911 432; x_wconf 85' lang='lat' dir='ltr'>ab</span> <span class='ocrx_word' id='word_1_20' title='bbox 931 392 1121 443; x_wconf 80' lang='lat' dir='ltr'>Epicuro,</span> <span class='ocrx_word' id='word_1_21' title='bbox 1143 392 1237 431; x_wconf 86' lang='grc' dir='ltr'>λάθε</span> <span class='ocrx_word' id='word_1_22' title='bbox 1255 393 1413 442; x_wconf 85' lang='grc' dir='ltr'>βιώσας.</span> 
     </span>
    </p>

    <p class='ocr_par' dir='ltr' id='par_1_5' title="bbox 390 457 967 509">
     <span class='ocr_line' id='line_1_6' title="bbox 390 457 967 509; baseline -0.007 -10"><span class='ocrx_word' id='word_1_23' title='bbox 390 461 452 499; x_wconf 91' lang='lat' dir='ltr'>De</span> <span class='ocrx_word' id='word_1_24' title='bbox 470 458 693 509; x_wconf 89' lang='lat' dir='ltr'>cupiditate</span> <span class='ocrx_word' id='word_1_25' title='bbox 713 457 967 497; x_wconf 84' lang='lat' dir='ltr'>diuitiarum.</span> 
     </span>
    </p>
   </div>
   <div class='ocr_carea' id='block_1_4' title="bbox 279 543 1876 1115">
    <p class='ocr_par' dir='ltr' id='par_1_6' title="bbox 279 543 1870 793">
     <span class='ocr_line' id='line_1_7' title="bbox 281 543 1869 597; baseline -0.002 -11"><span class='ocrx_word' id='word_1_26' title='bbox 281 546 494 597; x_wconf 83' lang='lat' dir='ltr'>Euripidis</span> <span class='ocrx_word' id='word_1_27' title='bbox 507 548 649 596; x_wconf 87' lang='lat' dir='ltr'>poetae</span> <span class='ocrx_word' id='word_1_28' title='bbox 666 544 918 584; x_wconf 80' lang='lat' dir='ltr'>nobilissimi</span> <span class='ocrx_word' id='word_1_29' title='bbox 933 545 1034 584; x_wconf 90' lang='lat' dir='ltr'>duas</span> <span class='ocrx_word' id='word_1_30' title='bbox 1049 545 1292 596; x_wconf 80' lang='lat' dir='ltr'>tragoedias,</span> <span class='ocrx_word' id='word_1_31' title='bbox 1306 543 1523 584; x_wconf 84' lang='lat' dir='ltr'>Hecubam</span> <span class='ocrx_word' id='word_1_32' title='bbox 1538 546 1580 583; x_wconf 88' lang='lat' dir='ltr'>et</span> <span class='ocrx_word' id='word_1_33' title='bbox 1593 544 1869 594; x_wconf 76' lang='lat' dir='ltr'>Iphigeniam,</span> 
     </span>
     <span class='ocr_line' id='line_1_8' title="bbox 281 608 1870 661; baseline -0.003 -9"><span class='ocrx_word' id='word_1_34' title='bbox 281 613 462 652; x_wconf 85' lang='lat' dir='ltr'>carmine</span> <span class='ocrx_word' id='word_1_35' title='bbox 491 611 617 650; x_wconf 89' lang='lat' dir='ltr'>vertit</span> <span class='ocrx_word' id='word_1_36' title='bbox 645 610 974 661; x_wconf 78' lang='lat' dir='ltr'>elegantissime:</span> <span class='ocrx_word' id='word_1_37' title='bbox 1013 609 1141 649; x_wconf 87' lang='lat' dir='ltr'>altera</span> <span class='ocrx_word' id='word_1_38' title='bbox 1174 610 1325 649; x_wconf 88' lang='lat' dir='ltr'>abhinc</span> <span class='ocrx_word' id='word_1_39' title='bbox 1353 608 1571 648; x_wconf 90' lang='lat' dir='ltr'>biennium</span> <span class='ocrx_word' id='word_1_40' title='bbox 1601 609 1669 647; x_wconf 91' lang='lat' dir='ltr'>hic</span> <span class='ocrx_word' id='word_1_41' title='bbox 1705 610 1794 648; x_wconf 89' lang='lat' dir='ltr'>acta</span> <span class='ocrx_word' id='word_1_42' title='bbox 1831 612 1870 648; x_wconf 89' lang='lat' dir='ltr'>et</span> 
     </span>
     <span class='ocr_line' id='line_1_9' title="bbox 281 672 1870 726; baseline -0.004 -10"><span class='ocrx_word' id='word_1_43' title='bbox 281 677 464 716; x_wconf 79' lang='lat' dir='ltr'>exhibita</span> <span class='ocrx_word' id='word_1_44' title='bbox 483 679 546 715; x_wconf 90' lang='lat' dir='ltr'>est</span> <span class='ocrx_word' id='word_1_45' title='bbox 564 675 728 726; x_wconf 89' lang='lat' dir='ltr'>publice</span> <span class='ocrx_word' id='word_1_46' title='bbox 752 675 803 714; x_wconf 90' lang='lat' dir='ltr'>ab</span> <span class='ocrx_word' id='word_1_47' title='bbox 830 674 1018 714; x_wconf 86' lang='lat' dir='ltr'>honestis</span> <span class='ocrx_word' id='word_1_48' title='bbox 1040 674 1198 725; x_wconf 77' lang='lat' dir='ltr'>aliquot</span> <span class='ocrx_word' id='word_1_49' title='bbox 1223 674 1454 723; x_wconf 88' lang='lat' dir='ltr'>iuuenibus,</span> <span class='ocrx_word' id='word_1_50' title='bbox 1477 674 1629 725; x_wconf 88' lang='lat' dir='ltr'>quibus</span> <span class='ocrx_word' id='word_1_51' title='bbox 1652 672 1870 725; x_wconf 77' lang='lat' dir='ltr'>agentibus</span> 
     </span>
     <span class='ocr_line' id='line_1_10' title="bbox 279 740 824 793; baseline -0.007 -11"><span class='ocrx_word' id='word_1_52' title='bbox 279 756 356 782; x_wconf 89' lang='lat' dir='ltr'>nos</span> <span class='ocrx_word' id='word_1_53' title='bbox 375 754 562 793; x_wconf 86' lang='lat' dir='ltr'>praeesse</span> <span class='ocrx_word' id='word_1_54' title='bbox 581 740 824 780; x_wconf 75' lang='lat' dir='ltr'>meministi.</span> 
     </span>
    </p>

    <p class='ocr_par' dir='ltr' id='par_1_7' title="bbox 280 803 1876 1115">
     <span class='ocr_line' id='line_1_11' title="bbox 335 803 1875 854; baseline -0.003 -9"><span class='ocrx_word' id='word_1_55' title='bbox 335 807 481 846; x_wconf 89' lang='lat' dir='ltr'>Edidit</span> <span class='ocrx_word' id='word_1_56' title='bbox 510 806 635 845; x_wconf 88' lang='lat' dir='ltr'>etiam</span> <span class='ocrx_word' id='word_1_57' title='bbox 663 805 855 844; x_wconf 89' lang='lat' dir='ltr'>libellum</span> <span class='ocrx_word' id='word_1_58' title='bbox 883 805 946 843; x_wconf 89' lang='lat' dir='ltr'>De</span> <span class='ocrx_word' id='word_1_59' title='bbox 974 805 1130 844; x_wconf 85' lang='lat' dir='ltr'>ratione</span> <span class='ocrx_word' id='word_1_60' title='bbox 1156 804 1285 843; x_wconf 89' lang='lat' dir='ltr'>studii</span> <span class='ocrx_word' id='word_1_61' title='bbox 1314 807 1354 843; x_wconf 89' lang='lat' dir='ltr'>et</span> <span class='ocrx_word' id='word_1_62' title='bbox 1387 804 1646 844; x_wconf 88' lang='lat' dir='ltr'>instituenda</span> <span class='ocrx_word' id='word_1_63' title='bbox 1670 803 1875 854; x_wconf 89' lang='lat' dir='ltr'>pueritia:</span> 
     </span>
     <span class='ocr_line' id='line_1_12' title="bbox 280 868 1872 922; baseline -0.003 -11"><span class='ocrx_word' id='word_1_64' title='bbox 280 874 326 911; x_wconf 92' lang='lat' dir='ltr'>in</span> <span class='ocrx_word' id='word_1_65' title='bbox 345 873 423 912; x_wconf 86' lang='lat' dir='ltr'>hoc</span> <span class='ocrx_word' id='word_1_66' title='bbox 443 872 560 911; x_wconf 88' lang='lat' dir='ltr'>docet</span> <span class='ocrx_word' id='word_1_67' title='bbox 580 884 660 922; x_wconf 85' lang='lat' dir='ltr'>qua</span> <span class='ocrx_word' id='word_1_68' title='bbox 678 870 948 922; x_wconf 89' lang='lat' dir='ltr'>potissimum</span> <span class='ocrx_word' id='word_1_69' title='bbox 962 870 1027 910; x_wconf 85' lang='lat' dir='ltr'>via</span> <span class='ocrx_word' id='word_1_70' title='bbox 1042 870 1159 920; x_wconf 89' lang='lat' dir='ltr'>pueri</span> <span class='ocrx_word' id='word_1_71' title='bbox 1178 868 1453 922; x_wconf 44' lang='lat' dir='ltr'>adssdoctrinae</span> <span class='ocrx_word' id='word_1_72' title='bbox 1472 883 1679 908; x_wconf 89' lang='lat' dir='ltr'>summam</span> <span class='ocrx_word' id='word_1_73' title='bbox 1698 868 1872 908; x_wconf 83' lang='lat' dir='ltr'>celerius</span> 
     </span>
     <span class='ocr_line' id='line_1_13' title="bbox 280 934 1874 988; baseline -0.003 -11"><span class='ocrx_word' id='word_1_74' title='bbox 280 951 485 988; x_wconf 87' lang='lat' dir='ltr'>emergere</span> <span class='ocrx_word' id='word_1_75' title='bbox 512 937 683 987; x_wconf 87' lang='lat' dir='ltr'>possint.</span> <span class='ocrx_word' id='word_1_76' title='bbox 744 935 821 974; x_wconf 86' lang='lat' dir='ltr'>Est</span> <span class='ocrx_word' id='word_1_77' title='bbox 846 935 974 973; x_wconf 89' lang='lat' dir='ltr'>etiam</span> <span class='ocrx_word' id='word_1_78' title='bbox 1002 934 1047 973; x_wconf 89' lang='lat' dir='ltr'>in</span> <span class='ocrx_word' id='word_1_79' title='bbox 1076 935 1269 974; x_wconf 90' lang='lat' dir='ltr'>manibus</span> <span class='ocrx_word' id='word_1_80' title='bbox 1293 935 1440 974; x_wconf 83' lang='lat' dir='ltr'>Contio</span> <span class='ocrx_word' id='word_1_81' title='bbox 1467 935 1517 973; x_wconf 91' lang='lat' dir='ltr'>de</span> <span class='ocrx_word' id='word_1_82' title='bbox 1541 948 1666 984; x_wconf 88' lang='lat' dir='ltr'>puero</span> <span class='ocrx_word' id='word_1_83' title='bbox 1695 934 1804 983; x_wconf 87' lang='lat' dir='ltr'>Iesu,</span> <span class='ocrx_word' id='word_1_84' title='bbox 1829 934 1874 972; x_wconf 90' lang='lat' dir='ltr'>in</span> 
     </span>
     <span class='ocr_line' id='line_1_14' title="bbox 282 999 1875 1054; baseline -0.003 -13"><span class='ocrx_word' id='word_1_85' title='bbox 282 1017 362 1054; x_wconf 90' lang='lat' dir='ltr'>qua</span> <span class='ocrx_word' id='word_1_86' title='bbox 380 1016 481 1053; x_wconf 88' lang='lat' dir='ltr'>puer</span> <span class='ocrx_word' id='word_1_87' title='bbox 499 1002 570 1040; x_wconf 92' lang='lat' dir='ltr'>ille</span> <span class='ocrx_word' id='word_1_88' title='bbox 585 1014 734 1052; x_wconf 88' lang='lat' dir='ltr'>pueros</span> <span class='ocrx_word' id='word_1_89' title='bbox 749 1001 799 1039; x_wconf 87' lang='lat' dir='ltr'>ad</span> <span class='ocrx_word' id='word_1_90' title='bbox 814 1000 1072 1048; x_wconf 78' lang='lat' dir='ltr'>modestiam,</span> <span class='ocrx_word' id='word_1_91' title='bbox 1091 999 1367 1048; x_wconf 83' lang='lat' dir='ltr'>tolerantiam,</span> <span class='ocrx_word' id='word_1_92' title='bbox 1386 999 1670 1038; x_wconf 83' lang='lat' dir='ltr'>humilitatem</span> <span class='ocrx_word' id='word_1_93' title='bbox 1685 999 1875 1049; x_wconf 86' lang='lat' dir='ltr'>vitaeque</span> 
     </span>
     <span class='ocr_line' id='line_1_15' title="bbox 282 1064 1876 1115; baseline -0.003 -8"><span class='ocrx_word' id='word_1_94' title='bbox 282 1068 571 1108; x_wconf 86' lang='lat' dir='ltr'>castimoniam</span> <span class='ocrx_word' id='word_1_95' title='bbox 589 1067 789 1106; x_wconf 89' lang='lat' dir='ltr'>hortatur.</span> <span class='ocrx_word' id='word_1_96' title='bbox 848 1066 970 1105; x_wconf 89' lang='lat' dir='ltr'>Hanc</span> <span class='ocrx_word' id='word_1_97' title='bbox 997 1066 1227 1105; x_wconf 83' lang='lat' dir='ltr'>orationem</span> <span class='ocrx_word' id='word_1_98' title='bbox 1254 1079 1337 1104; x_wconf 93' lang='lat' dir='ltr'>non</span> <span class='ocrx_word' id='word_1_99' title='bbox 1361 1065 1504 1104; x_wconf 89' lang='lat' dir='ltr'>dubito</span> <span class='ocrx_word' id='word_1_100' title='bbox 1531 1064 1633 1115; x_wconf 90' lang='lat' dir='ltr'>quin</span> <span class='ocrx_word' id='word_1_101' title='bbox 1651 1064 1876 1114; x_wconf 86' lang='lat' dir='ltr'>aliquando</span> 
     </span>
    </p>
   </div>
   <div class='ocr_carea' id='block_1_5' title="bbox 225 1130 1875 1184">
    <p class='ocr_par' dir='ltr' id='par_1_8' title="bbox 225 1130 1875 1184">
     <span class='ocr_line' id='line_1_16' title="bbox 225 1130 1875 1184; baseline -0.004 -11"><span class='ocrx_word' id='word_1_102' title='bbox 225 1148 240 1180; x_wconf 76' lang='lat'>7</span> <span class='ocrx_word' id='word_1_103' title='bbox 281 1133 457 1184; x_wconf 89' lang='lat' dir='ltr'>legeris;</span> <span class='ocrx_word' id='word_1_104' title='bbox 485 1133 605 1172; x_wconf 90' lang='lat' dir='ltr'>fuisti</span> <span class='ocrx_word' id='word_1_105' title='bbox 624 1132 737 1170; x_wconf 90' lang='lat' dir='ltr'>enim</span> <span class='ocrx_word' id='word_1_106' title='bbox 764 1146 787 1171; x_wconf 86' lang='lat' dir='ltr'>a</span> <span class='ocrx_word' id='word_1_107' title='bbox 812 1131 961 1182; x_wconf 89' lang='lat' dir='ltr'>primis</span> <span class='ocrx_word' id='word_1_108' title='bbox 987 1131 1107 1169; x_wconf 88' lang='lat' dir='ltr'>annis</span> <span class='ocrx_word' id='word_1_109' title='bbox 1133 1144 1274 1169; x_wconf 89' lang='lat' dir='ltr'>earum</span> <span class='ocrx_word' id='word_1_110' title='bbox 1301 1144 1442 1170; x_wconf 89' lang='lat' dir='ltr'>rerum</span> <span class='ocrx_word' id='word_1_111' title='bbox 1461 1130 1684 1169; x_wconf 88' lang='lat' dir='ltr'>studiosior</span> <span class='ocrx_word' id='word_1_112' title='bbox 1703 1142 1804 1179; x_wconf 88' lang='lat' dir='ltr'>quae</span> <span class='ocrx_word' id='word_1_113' title='bbox 1823 1130 1875 1167; x_wconf 86' lang='lat' dir='ltr'>ad</span> 
     </span>
    </p>
   </div>
   <div class='ocr_carea' id='block_1_6' title="bbox 281 1195 1876 1443">
    <p class='ocr_par' dir='ltr' id='par_1_9' title="bbox 281 1195 1876 1443">
     <span class='ocr_line' id='line_1_17' title="bbox 281 1195 1876 1247; baseline -0.004 -9"><span class='ocrx_word' id='word_1_114' title='bbox 281 1212 418 1238; x_wconf 91' lang='lat' dir='ltr'>mores</span> <span class='ocrx_word' id='word_1_115' title='bbox 449 1198 581 1237; x_wconf 89' lang='lat' dir='ltr'>animi</span> <span class='ocrx_word' id='word_1_116' title='bbox 613 1197 674 1236; x_wconf 89' lang='lat' dir='ltr'>tui</span> <span class='ocrx_word' id='word_1_117' title='bbox 707 1197 1011 1247; x_wconf 90' lang='lat' dir='ltr'>componendos</span> <span class='ocrx_word' id='word_1_118' title='bbox 1042 1196 1278 1245; x_wconf 87' lang='lat' dir='ltr'>attinerent,</span> <span class='ocrx_word' id='word_1_119' title='bbox 1314 1195 1491 1235; x_wconf 87' lang='lat' dir='ltr'>lasciuas</span> <span class='ocrx_word' id='word_1_120' title='bbox 1527 1209 1624 1234; x_wconf 87' lang='lat' dir='ltr'>vero</span> <span class='ocrx_word' id='word_1_121' title='bbox 1660 1196 1876 1245; x_wconf 87' lang='lat' dir='ltr'>poetarum</span> 
     </span>
     <span class='ocr_line' id='line_1_18' title="bbox 281 1258 1872 1313; baseline -0.003 -10"><span class='ocrx_word' id='word_1_122' title='bbox 281 1264 440 1303; x_wconf 87' lang='lat' dir='ltr'>fabulas</span> <span class='ocrx_word' id='word_1_123' title='bbox 460 1265 500 1302; x_wconf 89' lang='lat' dir='ltr'>et</span> <span class='ocrx_word' id='word_1_124' title='bbox 518 1263 883 1313; x_wconf 88' lang='lat' dir='ltr'>pestilentissimas</span> <span class='ocrx_word' id='word_1_125' title='bbox 901 1261 1057 1311; x_wconf 90' lang='lat' dir='ltr'>Apulei</span> <span class='ocrx_word' id='word_1_126' title='bbox 1076 1261 1244 1300; x_wconf 88' lang='lat' dir='ltr'>facetias</span> <span class='ocrx_word' id='word_1_127' title='bbox 1263 1263 1372 1300; x_wconf 88' lang='lat' dir='ltr'>recte</span> <span class='ocrx_word' id='word_1_128' title='bbox 1391 1274 1555 1310; x_wconf 89' lang='lat' dir='ltr'>semper</span> <span class='ocrx_word' id='word_1_129' title='bbox 1573 1258 1872 1309; x_wconf 87' lang='lat' dir='ltr'>contempsisti.</span> 
     </span>
     <span class='ocr_line' id='line_1_19' title="bbox 282 1324 1875 1379; baseline -0.003 -11"><span class='ocrx_word' id='word_1_130' title='bbox 282 1329 391 1368; x_wconf 85' lang='lat' dir='ltr'>Nam</span> <span class='ocrx_word' id='word_1_131' title='bbox 420 1329 518 1379; x_wconf 91' lang='lat' dir='ltr'>quid</span> <span class='ocrx_word' id='word_1_132' title='bbox 547 1342 620 1378; x_wconf 90' lang='lat' dir='ltr'>per</span> <span class='ocrx_word' id='word_1_133' title='bbox 645 1328 781 1366; x_wconf 91' lang='lat' dir='ltr'>Deum</span> <span class='ocrx_word' id='word_1_134' title='bbox 810 1326 1092 1365; x_wconf 88' lang='lat' dir='ltr'>immortalem</span> <span class='ocrx_word' id='word_1_135' title='bbox 1120 1328 1263 1376; x_wconf 88' lang='lat' dir='ltr'>poetae</span> <span class='ocrx_word' id='word_1_136' title='bbox 1290 1326 1443 1365; x_wconf 88' lang='lat' dir='ltr'>talibus</span> <span class='ocrx_word' id='word_1_137' title='bbox 1472 1325 1594 1376; x_wconf 86' lang='lat' dir='ltr'>nugis</span> <span class='ocrx_word' id='word_1_138' title='bbox 1622 1326 1768 1364; x_wconf 89' lang='lat' dir='ltr'>docent</span> <span class='ocrx_word' id='word_1_139' title='bbox 1793 1324 1875 1363; x_wconf 86' lang='lat' dir='ltr'>nisi</span> 
     </span>
     <span class='ocr_line' id='line_1_20' title="bbox 282 1391 1875 1443; baseline -0.003 -11"><span class='ocrx_word' id='word_1_140' title='bbox 282 1407 456 1443; x_wconf 87' lang='lat' dir='ltr'>peccare,</span> <span class='ocrx_word' id='word_1_141' title='bbox 481 1394 562 1432; x_wconf 91' lang='lat' dir='ltr'>nisi</span> <span class='ocrx_word' id='word_1_142' title='bbox 581 1406 605 1432; x_wconf 90' lang='lat' dir='ltr'>a</span> <span class='ocrx_word' id='word_1_143' title='bbox 618 1393 827 1432; x_wconf 89' lang='lat' dir='ltr'>virtutum</span> <span class='ocrx_word' id='word_1_144' title='bbox 848 1392 994 1430; x_wconf 88' lang='lat' dir='ltr'>castris</span> <span class='ocrx_word' id='word_1_145' title='bbox 1013 1392 1063 1429; x_wconf 87' lang='lat' dir='ltr'>ad</span> <span class='ocrx_word' id='word_1_146' title='bbox 1079 1391 1181 1430; x_wconf 88' lang='lat' dir='ltr'>vitia</span> <span class='ocrx_word' id='word_1_147' title='bbox 1198 1392 1456 1442; x_wconf 86' lang='lat' dir='ltr'>transfugere</span> <span class='ocrx_word' id='word_1_148' title='bbox 1477 1394 1601 1442; x_wconf 85' lang='lat' dir='ltr'>atque</span> <span class='ocrx_word' id='word_1_149' title='bbox 1620 1391 1842 1429; x_wconf 86' lang='lat' dir='ltr'>desciscere</span> <span class='ocrx_word' id='word_1_150' title='bbox 1854 1391 1875 1428; x_wconf 70' lang='grc' dir='ltr'>ἶ)</span> 
     </span>
    </p>
   </div>
   <div class='ocr_carea' id='block_1_7' title="bbox 225 1456 1873 1509">
    <p class='ocr_par' dir='ltr' id='par_1_10' title="bbox 225 1456 1873 1509">
     <span class='ocr_line' id='line_1_21' title="bbox 225 1456 1873 1509; baseline -0.002 -12"><span class='ocrx_word' id='word_1_151' title='bbox 225 1473 262 1506; x_wconf 73' lang='lat'>55</span> <span class='ocrx_word' id='word_1_152' title='bbox 284 1459 468 1509; x_wconf 85' lang='lat' dir='ltr'>Reliquit</span> <span class='ocrx_word' id='word_1_153' title='bbox 487 1460 528 1497; x_wconf 91' lang='lat' dir='ltr'>et</span> <span class='ocrx_word' id='word_1_154' title='bbox 548 1458 655 1497; x_wconf 91' lang='lat' dir='ltr'>Odas</span> <span class='ocrx_word' id='word_1_155' title='bbox 667 1458 835 1508; x_wconf 82' lang='lat' dir='ltr'>aliquot,</span> <span class='ocrx_word' id='word_1_156' title='bbox 855 1457 994 1507; x_wconf 86' lang='lat' dir='ltr'>quales</span> <span class='ocrx_word' id='word_1_157' title='bbox 1014 1457 1110 1495; x_wconf 85' lang='lat' dir='ltr'>fecit</span> <span class='ocrx_word' id='word_1_158' title='bbox 1124 1456 1326 1495; x_wconf 87' lang='lat' dir='ltr'>Horatius</span> <span class='ocrx_word' id='word_1_159' title='bbox 1346 1459 1417 1495; x_wconf 88' lang='lat' dir='ltr'>aut</span> <span class='ocrx_word' id='word_1_160' title='bbox 1431 1457 1686 1495; x_wconf 87' lang='lat' dir='ltr'>Prudentius</span> <span class='ocrx_word' id='word_1_161' title='bbox 1705 1457 1847 1495; x_wconf 88' lang='lat' dir='ltr'>noster</span> <span class='ocrx_word' id='word_1_162' title='bbox 1862 1470 1873 1503; x_wconf 65' lang='grc' dir='ltr'><strong><em>ς</em></strong></span> 
     </span>
    </p>
   </div>
   <div class='ocr_carea' id='block_1_8' title="bbox 284 1521 1877 2096">
    <p class='ocr_par' dir='ltr' id='par_1_11' title="bbox 284 1521 1875 1768">
     <span class='ocr_line' id='line_1_22' title="bbox 285 1521 1873 1574; baseline -0.003 -11"><span class='ocrx_word' id='word_1_163' title='bbox 285 1526 487 1574; x_wconf 87' lang='lat' dir='ltr'>quantum</span> <span class='ocrx_word' id='word_1_164' title='bbox 510 1523 597 1562; x_wconf 90' lang='lat' dir='ltr'>illis</span> <span class='ocrx_word' id='word_1_165' title='bbox 620 1523 779 1571; x_wconf 81' lang='lat' dir='ltr'>nitoris,</span> <span class='ocrx_word' id='word_1_166' title='bbox 803 1522 1047 1570; x_wconf 89' lang='lat' dir='ltr'>dulcedinis,</span> <span class='ocrx_word' id='word_1_167' title='bbox 1067 1521 1234 1572; x_wconf 88' lang='lat' dir='ltr'>pietatis</span> <span class='ocrx_word' id='word_1_168' title='bbox 1259 1522 1429 1560; x_wconf 78' lang='lat' dir='ltr'>inserit!</span> <span class='ocrx_word' id='word_1_169' title='bbox 1486 1521 1606 1560; x_wconf 87' lang='lat' dir='ltr'>Idem</span> <span class='ocrx_word' id='word_1_170' title='bbox 1626 1521 1670 1559; x_wconf 91' lang='lat' dir='ltr'>in</span> <span class='ocrx_word' id='word_1_171' title='bbox 1691 1521 1873 1559; x_wconf 86' lang='lat' dir='ltr'>oratione</span> 
     </span>
     <span class='ocr_line' id='line_1_23' title="bbox 284 1586 1874 1639; baseline -0.002 -12"><span class='ocrx_word' id='word_1_172' title='bbox 284 1601 405 1639; x_wconf 90' lang='lat' dir='ltr'>prosa</span> <span class='ocrx_word' id='word_1_173' title='bbox 424 1591 566 1627; x_wconf 90' lang='lat' dir='ltr'>tantus</span> <span class='ocrx_word' id='word_1_174' title='bbox 580 1591 626 1628; x_wconf 89' lang='lat' dir='ltr'>vt</span> <span class='ocrx_word' id='word_1_175' title='bbox 646 1589 755 1639; x_wconf 90' lang='lat' dir='ltr'>quod</span> <span class='ocrx_word' id='word_1_176' title='bbox 775 1588 825 1626; x_wconf 89' lang='lat' dir='ltr'>de</span> <span class='ocrx_word' id='word_1_177' title='bbox 846 1588 1019 1626; x_wconf 90' lang='lat' dir='ltr'>Platone</span> <span class='ocrx_word' id='word_1_178' title='bbox 1035 1587 1285 1636; x_wconf 81' lang='lat' dir='ltr'>Quintiliani</span> <span class='ocrx_word' id='word_1_179' title='bbox 1305 1587 1593 1626; x_wconf 86' lang='lat' dir='ltr'>testimonium</span> <span class='ocrx_word' id='word_1_180' title='bbox 1612 1589 1685 1635; x_wconf 90' lang='lat' dir='ltr'>est,</span> <span class='ocrx_word' id='word_1_181' title='bbox 1703 1586 1748 1624; x_wconf 92' lang='lat' dir='ltr'>in</span> <span class='ocrx_word' id='word_1_182' title='bbox 1762 1586 1874 1624; x_wconf 92' lang='lat' dir='ltr'>hunc</span> 
     </span>
     <span class='ocr_line' id='line_1_24' title="bbox 284 1651 1875 1703; baseline -0.002 -10"><span class='ocrx_word' id='word_1_183' title='bbox 284 1654 500 1693; x_wconf 87' lang='lat' dir='ltr'>transferri</span> <span class='ocrx_word' id='word_1_184' title='bbox 528 1653 755 1692; x_wconf 89' lang='lat' dir='ltr'>iustissime</span> <span class='ocrx_word' id='word_1_185' title='bbox 780 1653 920 1703; x_wconf 84' lang='lat' dir='ltr'>possit,</span> <span class='ocrx_word' id='word_1_186' title='bbox 953 1666 1037 1691; x_wconf 91' lang='lat' dir='ltr'>non</span> <span class='ocrx_word' id='word_1_187' title='bbox 1066 1652 1250 1691; x_wconf 91' lang='lat' dir='ltr'>hominis</span> <span class='ocrx_word' id='word_1_188' title='bbox 1276 1665 1372 1691; x_wconf 93' lang='lat' dir='ltr'>eum</span> <span class='ocrx_word' id='word_1_189' title='bbox 1401 1652 1569 1702; x_wconf 89' lang='lat' dir='ltr'>ingenio</span> <span class='ocrx_word' id='word_1_190' title='bbox 1599 1652 1669 1690; x_wconf 87' lang='lat' dir='ltr'>sed</span> <span class='ocrx_word' id='word_1_191' title='bbox 1697 1651 1875 1702; x_wconf 86' lang='lat' dir='ltr'>quodam</span> 
     </span>
     <span class='ocr_line' id='line_1_25' title="bbox 284 1717 1102 1768; baseline -0.004 -10"><span class='ocrx_word' id='word_1_192' title='bbox 284 1719 487 1768; x_wconf 85' lang='lat' dir='ltr'>Delphico</span> <span class='ocrx_word' id='word_1_193' title='bbox 507 1719 643 1758; x_wconf 87' lang='lat' dir='ltr'>videri</span> <span class='ocrx_word' id='word_1_194' title='bbox 662 1719 824 1757; x_wconf 88' lang='lat' dir='ltr'>oraculo</span> <span class='ocrx_word' id='word_1_195' title='bbox 844 1717 1102 1756; x_wconf 88' lang='lat' dir='ltr'>instinctum.</span> 
     </span>
    </p>

    <p class='ocr_par' dir='ltr' id='par_1_12' title="bbox 284 1781 1877 2096">
     <span class='ocr_line' id='line_1_26' title="bbox 340 1781 1877 1834; baseline -0.002 -11"><span class='ocrx_word' id='word_1_196' title='bbox 340 1785 419 1823; x_wconf 86' lang='lat' dir='ltr'>Sed</span> <span class='ocrx_word' id='word_1_197' title='bbox 451 1785 571 1823; x_wconf 83' lang='lat' dir='ltr'>redeo</span> <span class='ocrx_word' id='word_1_198' title='bbox 596 1784 648 1823; x_wconf 85' lang='lat' dir='ltr'>ad</span> <span class='ocrx_word' id='word_1_199' title='bbox 675 1785 763 1823; x_wconf 90' lang='lat' dir='ltr'>eius</span> <span class='ocrx_word' id='word_1_200' title='bbox 795 1796 926 1834; x_wconf 88' lang='lat' dir='ltr'>opera.</span> <span class='ocrx_word' id='word_1_201' title='bbox 987 1782 1160 1833; x_wconf 81' lang='lat' dir='ltr'>Scripsit</span> <span class='ocrx_word' id='word_1_202' title='bbox 1188 1782 1341 1820; x_wconf 88' lang='lat' dir='ltr'>abhinc</span> <span class='ocrx_word' id='word_1_203' title='bbox 1375 1784 1581 1833; x_wconf 86' lang='lat' dir='ltr'>quantum</span> <span class='ocrx_word' id='word_1_204' title='bbox 1610 1781 1877 1821; x_wconf 89' lang='lat' dir='ltr'>commemini</span> 
     </span>
     <span class='ocr_line' id='line_1_27' title="bbox 284 1846 1876 1898; baseline -0.003 -9"><span class='ocrx_word' id='word_1_205' title='bbox 284 1850 529 1889; x_wconf 79' lang='lat' dir='ltr'>sexennium</span> <span class='ocrx_word' id='word_1_206' title='bbox 574 1849 926 1888; x_wconf 88' lang='lat' dir='ltr'>Declamationem</span> <span class='ocrx_word' id='word_1_207' title='bbox 963 1848 1176 1897; x_wconf 71' lang='lat' dir='ltr'>stultitiae,</span> <span class='ocrx_word' id='word_1_208' title='bbox 1218 1861 1299 1898; x_wconf 89' lang='lat' dir='ltr'>qua</span> <span class='ocrx_word' id='word_1_209' title='bbox 1342 1848 1526 1887; x_wconf 88' lang='lat' dir='ltr'>multum</span> <span class='ocrx_word' id='word_1_210' title='bbox 1564 1861 1685 1886; x_wconf 86' lang='lat' dir='ltr'>verae</span> <span class='ocrx_word' id='word_1_211' title='bbox 1721 1846 1876 1897; x_wconf 86' lang='lat' dir='ltr'>gloriae</span> 
     </span>
     <span class='ocr_line' id='line_1_28' title="bbox 284 1912 1877 1964; baseline -0.002 -10"><span class='ocrx_word' id='word_1_212' title='bbox 284 1916 462 1964; x_wconf 83' lang='lat' dir='ltr'>meruit3</span> <span class='ocrx_word' id='word_1_213' title='bbox 497 1917 560 1954; x_wconf 90' lang='lat' dir='ltr'>est</span> <span class='ocrx_word' id='word_1_214' title='bbox 583 1915 695 1954; x_wconf 90' lang='lat' dir='ltr'>enim</span> <span class='ocrx_word' id='word_1_215' title='bbox 724 1915 768 1953; x_wconf 91' lang='lat' dir='ltr'>in</span> <span class='ocrx_word' id='word_1_216' title='bbox 797 1928 843 1953; x_wconf 95' lang='lat' dir='ltr'>eo</span> <span class='ocrx_word' id='word_1_217' title='bbox 872 1913 1014 1952; x_wconf 90' lang='lat' dir='ltr'>libello</span> <span class='ocrx_word' id='word_1_218' title='bbox 1042 1913 1220 1952; x_wconf 90' lang='lat' dir='ltr'>eruditio</span> <span class='ocrx_word' id='word_1_219' title='bbox 1249 1913 1365 1963; x_wconf 88' lang='lat' dir='ltr'>mira,</span> <span class='ocrx_word' id='word_1_220' title='bbox 1397 1913 1532 1952; x_wconf 89' lang='lat' dir='ltr'>multa</span> <span class='ocrx_word' id='word_1_221' title='bbox 1557 1913 1741 1961; x_wconf 88' lang='lat' dir='ltr'>libertas,</span> <span class='ocrx_word' id='word_1_222' title='bbox 1767 1912 1877 1962; x_wconf 83' lang='lat' dir='ltr'>plus-</span> 
     </span>
     <span class='ocr_line' id='line_1_29' title="bbox 286 1977 1872 2029; baseline -0.003 -10"><span class='ocrx_word' id='word_1_223' title='bbox 286 1980 427 2019; x_wconf 88' lang='lat' dir='ltr'>culum</span> <span class='ocrx_word' id='word_1_224' title='bbox 447 1980 573 2019; x_wconf 91' lang='lat' dir='ltr'>etiam</span> <span class='ocrx_word' id='word_1_225' title='bbox 594 1979 828 2019; x_wconf 85' lang='lat' dir='ltr'>acerbitatis</span> <span class='ocrx_word' id='word_1_226' title='bbox 847 1981 888 2017; x_wconf 87' lang='lat' dir='ltr'>et</span> <span class='ocrx_word' id='word_1_227' title='bbox 909 1978 1015 2017; x_wconf 88' lang='lat' dir='ltr'>salis.</span> <span class='ocrx_word' id='word_1_228' title='bbox 1077 1978 1313 2016; x_wconf 88' lang='lat' dir='ltr'>Offenderat</span> <span class='ocrx_word' id='word_1_229' title='bbox 1332 1978 1502 2017; x_wconf 88' lang='lat' dir='ltr'>libertas</span> <span class='ocrx_word' id='word_1_230' title='bbox 1521 1978 1721 2029; x_wconf 87' lang='lat' dir='ltr'>quosdam</span> <span class='ocrx_word' id='word_1_231' title='bbox 1740 1977 1872 2025; x_wconf 87' lang='lat' dir='ltr'>initio,</span> 
     </span>
     <span class='ocr_line' id='line_1_30' title="bbox 286 2042 1876 2096; baseline -0.002 -12"><span class='ocrx_word' id='word_1_232' title='bbox 286 2045 359 2096; x_wconf 91' lang='lat' dir='ltr'>qui</span> <span class='ocrx_word' id='word_1_233' title='bbox 378 2045 573 2084; x_wconf 90' lang='lat' dir='ltr'>nolebant</span> <span class='ocrx_word' id='word_1_234' title='bbox 592 2058 710 2084; x_wconf 89' lang='lat' dir='ltr'>suam</span> <span class='ocrx_word' id='word_1_235' title='bbox 737 2044 959 2083; x_wconf 81' lang='lat' dir='ltr'>stultitiam</span> <span class='ocrx_word' id='word_1_236' title='bbox 986 2057 1010 2082; x_wconf 87' lang='lat' dir='ltr'>a</span> <span class='ocrx_word' id='word_1_237' title='bbox 1034 2043 1212 2082; x_wconf 86' lang='lat' dir='ltr'>stultitia</span> <span class='ocrx_word' id='word_1_238' title='bbox 1238 2043 1382 2082; x_wconf 87' lang='lat' dir='ltr'>notari.</span> <span class='ocrx_word' id='word_1_239' title='bbox 1444 2044 1565 2083; x_wconf 91' lang='lat' dir='ltr'>Docti</span> <span class='ocrx_word' id='word_1_240' title='bbox 1590 2045 1698 2082; x_wconf 89' lang='lat' dir='ltr'>certe</span> <span class='ocrx_word' id='word_1_241' title='bbox 1716 2044 1758 2081; x_wconf 90' lang='lat' dir='ltr'>et</span> <span class='ocrx_word' id='word_1_242' title='bbox 1775 2042 1876 2081; x_wconf 86' lang='lat' dir='ltr'>boni</span> 
     </span>
    </p>
   </div>
   <div class='ocr_carea' id='block_1_9' title="bbox 249 2107 1876 2160">
    <p class='ocr_par' dir='ltr' id='par_1_13' title="bbox 249 2107 1876 2160">
     <span class='ocr_line' id='line_1_31' title="bbox 249 2107 1876 2160; baseline -0.002 -12"><span class='ocrx_word' id='word_1_243' title='bbox 249 2128 266 2159; x_wconf 80' lang='lat'><strong><em>5</em></strong></span> <span class='ocrx_word' id='word_1_244' title='bbox 287 2124 431 2149; x_wconf 91' lang='lat' dir='ltr'>omnes</span> <span class='ocrx_word' id='word_1_245' title='bbox 444 2113 530 2149; x_wconf 90' lang='lat' dir='ltr'>tam</span> <span class='ocrx_word' id='word_1_246' title='bbox 546 2110 746 2160; x_wconf 88' lang='lat' dir='ltr'>elegantis</span> <span class='ocrx_word' id='word_1_247' title='bbox 761 2109 949 2159; x_wconf 91' lang='lat' dir='ltr'>opusculi</span> <span class='ocrx_word' id='word_1_248' title='bbox 959 2109 1229 2147; x_wconf 87' lang='lat' dir='ltr'>festiuissima</span> <span class='ocrx_word' id='word_1_249' title='bbox 1244 2109 1429 2147; x_wconf 86' lang='lat' dir='ltr'>doctrina</span> <span class='ocrx_word' id='word_1_250' title='bbox 1443 2109 1568 2147; x_wconf 89' lang='lat' dir='ltr'>simul</span> <span class='ocrx_word' id='word_1_251' title='bbox 1585 2111 1626 2147; x_wconf 90' lang='lat' dir='ltr'>et</span> <span class='ocrx_word' id='word_1_252' title='bbox 1641 2107 1876 2148; x_wconf 86' lang='lat' dir='ltr'>doctissima</span> 
     </span>
    </p>
   </div>
   <div class='ocr_carea' id='block_1_10' title="bbox 285 2173 1878 2421">
    <p class='ocr_par' dir='ltr' id='par_1_14' title="bbox 285 2173 1878 2421">
     <span class='ocr_line' id='line_1_32' title="bbox 285 2173 1878 2225; baseline -0.002 -11"><span class='ocrx_word' id='word_1_253' title='bbox 285 2176 513 2214; x_wconf 88' lang='lat' dir='ltr'>festiuitate</span> <span class='ocrx_word' id='word_1_254' title='bbox 546 2176 733 2225; x_wconf 89' lang='lat' dir='ltr'>impense</span> <span class='ocrx_word' id='word_1_255' title='bbox 765 2175 954 2213; x_wconf 84' lang='lat' dir='ltr'>delectati</span> <span class='ocrx_word' id='word_1_256' title='bbox 983 2176 1092 2213; x_wconf 89' lang='lat' dir='ltr'>sunt.</span> <span class='ocrx_word' id='word_1_257' title='bbox 1153 2175 1305 2213; x_wconf 89' lang='lat' dir='ltr'>Emisit</span> <span class='ocrx_word' id='word_1_258' title='bbox 1338 2176 1379 2213; x_wconf 92' lang='lat' dir='ltr'>et</span> <span class='ocrx_word' id='word_1_259' title='bbox 1410 2174 1618 2213; x_wconf 89' lang='lat' dir='ltr'>Chiliades</span> <span class='ocrx_word' id='word_1_260' title='bbox 1647 2173 1805 2224; x_wconf 89' lang='lat' dir='ltr'>aliquot</span> <span class='ocrx_word' id='word_1_261' title='bbox 1837 2175 1878 2211; x_wconf 89' lang='lat' dir='ltr'>et</span> 
     </span>
     <span class='ocr_line' id='line_1_33' title="bbox 287 2239 1877 2290; baseline -0.001 -10"><span class='ocrx_word' id='word_1_262' title='bbox 287 2241 505 2282; x_wconf 87' lang='lat' dir='ltr'>Centurias</span> <span class='ocrx_word' id='word_1_263' title='bbox 544 2240 890 2279; x_wconf 89' lang='lat' dir='ltr'>Prouerbiorum:</span> <span class='ocrx_word' id='word_1_264' title='bbox 935 2240 1042 2290; x_wconf 87' lang='lat' dir='ltr'>quod</span> <span class='ocrx_word' id='word_1_265' title='bbox 1078 2253 1181 2290; x_wconf 87' lang='lat' dir='ltr'>opus</span> <span class='ocrx_word' id='word_1_266' title='bbox 1213 2240 1336 2290; x_wconf 89' lang='lat' dir='ltr'>plane</span> <span class='ocrx_word' id='word_1_267' title='bbox 1370 2239 1635 2278; x_wconf 89' lang='lat' dir='ltr'>diuinitatem</span> <span class='ocrx_word' id='word_1_268' title='bbox 1668 2239 1877 2290; x_wconf 87' lang='lat' dir='ltr'>quandam</span> 
     </span>
     <span class='ocr_line' id='line_1_34' title="bbox 285 2304 1878 2356; baseline 0 -12"><span class='ocrx_word' id='word_1_269' title='bbox 285 2306 469 2345; x_wconf 91' lang='lat' dir='ltr'>hominis</span> <span class='ocrx_word' id='word_1_270' title='bbox 499 2319 594 2356; x_wconf 89' lang='lat' dir='ltr'>prae</span> <span class='ocrx_word' id='word_1_271' title='bbox 629 2319 672 2343; x_wconf 90' lang='lat' dir='ltr'>se</span> <span class='ocrx_word' id='word_1_272' title='bbox 702 2305 783 2343; x_wconf 87' lang='lat' dir='ltr'>fert</span> <span class='ocrx_word' id='word_1_273' title='bbox 813 2305 863 2343; x_wconf 94' lang='lat' dir='ltr'>ob</span> <span class='ocrx_word' id='word_1_274' title='bbox 893 2318 1032 2343; x_wconf 88' lang='lat' dir='ltr'>rerum</span> <span class='ocrx_word' id='word_1_275' title='bbox 1061 2305 1365 2355; x_wconf 84' lang='lat' dir='ltr'>verborumque</span> <span class='ocrx_word' id='word_1_276' title='bbox 1394 2305 1675 2343; x_wconf 87' lang='lat' dir='ltr'>beatissimam</span> <span class='ocrx_word' id='word_1_277' title='bbox 1703 2304 1878 2355; x_wconf 88' lang='lat' dir='ltr'>copiam.</span> 
     </span>
     <span class='ocr_line' id='line_1_35' title="bbox 285 2370 1878 2421; baseline 0.001 -12"><span class='ocrx_word' id='word_1_278' title='bbox 285 2371 459 2410; x_wconf 84' lang='lat' dir='ltr'>Editum</span> <span class='ocrx_word' id='word_1_279' title='bbox 497 2371 689 2409; x_wconf 80' lang='lat' dir='ltr'>vniuerso</span> <span class='ocrx_word' id='word_1_280' title='bbox 727 2384 850 2421; x_wconf 85' lang='lat' dir='ltr'>prope</span> <span class='ocrx_word' id='word_1_281' title='bbox 886 2370 974 2408; x_wconf 87' lang='lat' dir='ltr'>orbi</span> <span class='ocrx_word' id='word_1_282' title='bbox 1008 2371 1066 2409; x_wconf 84' lang='lat' dir='ltr'>ita</span> <span class='ocrx_word' id='word_1_283' title='bbox 1099 2371 1252 2420; x_wconf 87' lang='lat' dir='ltr'>placuit</span> <span class='ocrx_word' id='word_1_284' title='bbox 1287 2373 1332 2409; x_wconf 87' lang='lat' dir='ltr'>vt</span> <span class='ocrx_word' id='word_1_285' title='bbox 1370 2371 1479 2409; x_wconf 88' lang='lat' dir='ltr'>intra</span> <span class='ocrx_word' id='word_1_286' title='bbox 1515 2371 1713 2420; x_wconf 89' lang='lat' dir='ltr'>pauculos</span> <span class='ocrx_word' id='word_1_287' title='bbox 1745 2383 1878 2410; x_wconf 83' lang='lat' dir='ltr'>annos</span> 
     </span>
    </p>
   </div>
   <div class='ocr_carea' id='block_1_11' title="bbox 347 2448 510 2450">
    <p class='ocr_par' dir='ltr' id='par_1_15' title="bbox 347 2448 510 2450">
     <span class='ocr_line' id='line_1_36' title="bbox 347 2448 510 2450; baseline 0 0"><span class='ocrx_word' id='word_1_288' title='bbox 347 2448 510 2450; x_wconf 95' lang='lat' dir='ltr'> </span> 
     </span>
    </p>
   </div>
   <div class='ocr_carea' id='block_1_12' title="bbox 537 2448 633 2450">
    <p class='ocr_par' dir='ltr' id='par_1_16' title="bbox 537 2448 633 2450">
     <span class='ocr_line' id='line_1_37' title="bbox 537 2448 633 2450; baseline 0 0"><span class='ocrx_word' id='word_1_289' title='bbox 537 2448 633 2450; x_wconf 95' lang='lat' dir='ltr'> </span> 
     </span>
    </p>
   </div>
   <div class='ocr_carea' id='block_1_13' title="bbox 288 2485 1053 3046">
    <p class='ocr_par' dir='ltr' id='par_1_17' title="bbox 331 2485 1002 2527">
     <span class='ocr_line' id='line_1_38' title="bbox 331 2485 1002 2527; baseline -0.001 -11"><span class='ocrx_word' id='word_1_290' title='bbox 331 2488 385 2516; x_wconf 91' lang='lat'>61.</span> <span class='ocrx_word' id='word_1_291' title='bbox 410 2486 608 2527; x_wconf 84' lang='lat' dir='ltr'>Euripidis]</span> <span class='ocrx_word' id='word_1_292' title='bbox 633 2486 723 2526; x_wconf 88' lang='lat' dir='ltr'>Epp.</span> <span class='ocrx_word' id='word_1_293' title='bbox 747 2485 816 2525; x_wconf 89' lang='lat'>188,</span> <span class='ocrx_word' id='word_1_294' title='bbox 839 2486 910 2524; x_wconf 89' lang='lat'>198,</span> <span class='ocrx_word' id='word_1_295' title='bbox 930 2485 1002 2515; x_wconf 89' lang='lat'>208.</span> 
     </span>
    </p>

    <p class='ocr_par' dir='ltr' id='par_1_18' title="bbox 288 2529 1053 3046">
     <span class='ocr_line' id='line_1_39' title="bbox 331 2529 1048 2570; baseline -0.003 -10"><span class='ocrx_word' id='word_1_296' title='bbox 331 2531 384 2560; x_wconf 87' lang='lat'>62.</span> <span class='ocrx_word' id='word_1_297' title='bbox 409 2530 535 2570; x_wconf 88' lang='lat' dir='ltr'>altera]</span> <span class='ocrx_word' id='word_1_298' title='bbox 560 2530 596 2561; x_wconf 90' lang='lat' dir='ltr'>It</span> <span class='ocrx_word' id='word_1_299' title='bbox 610 2530 640 2560; x_wconf 91' lang='lat' dir='ltr'>is</span> <span class='ocrx_word' id='word_1_300' title='bbox 652 2531 715 2560; x_wconf 88' lang='lat' dir='ltr'>not</span> <span class='ocrx_word' id='word_1_301' title='bbox 731 2530 825 2560; x_wconf 85' lang='lat' dir='ltr'>clear</span> <span class='ocrx_word' id='word_1_302' title='bbox 836 2529 958 2559; x_wconf 89' lang='lat' dir='ltr'>which</span> <span class='ocrx_word' id='word_1_303' title='bbox 967 2529 1048 2568; x_wconf 82' lang='lat' dir='ltr'>play</span> 
     </span>
     <span class='ocr_line' id='line_1_40' title="bbox 288 2572 1047 2612; baseline -0.003 -8"><span class='ocrx_word' id='word_1_304' title='bbox 288 2574 318 2604; x_wconf 86' lang='lat' dir='ltr'>is</span> <span class='ocrx_word' id='word_1_305' title='bbox 336 2575 467 2605; x_wconf 87' lang='lat' dir='ltr'>meant.</span> <span class='ocrx_word' id='word_1_306' title='bbox 515 2573 588 2603; x_wconf 87' lang='lat' dir='ltr'>The</span> <span class='ocrx_word' id='word_1_307' title='bbox 604 2576 730 2603; x_wconf 82' lang='lat' dir='ltr'>Hecuba</span> <span class='ocrx_word' id='word_1_308' title='bbox 746 2583 819 2604; x_wconf 83' lang='lat' dir='ltr'>was</span> <span class='ocrx_word' id='word_1_309' title='bbox 840 2572 951 2612; x_wconf 86' lang='lat' dir='ltr'>acted,</span> <span class='ocrx_word' id='word_1_310' title='bbox 969 2582 1047 2612; x_wconf 88' lang='lat' dir='ltr'>pre-</span> 
     </span>
     <span class='ocr_line' id='line_1_41' title="bbox 289 2616 1045 2656; baseline -0.003 -9"><span class='ocrx_word' id='word_1_311' title='bbox 289 2617 455 2656; x_wconf 85' lang='lat' dir='ltr'>sumably</span> <span class='ocrx_word' id='word_1_312' title='bbox 483 2617 601 2647; x_wconf 86' lang='lat' dir='ltr'>under</span> <span class='ocrx_word' id='word_1_313' title='bbox 629 2616 819 2647; x_wconf 73' lang='lat' dir='ltr'>Barland&#39;s</span> <span class='ocrx_word' id='word_1_314' title='bbox 857 2616 1045 2655; x_wconf 82' lang='lat' dir='ltr'>direction‚</span> 
     </span>
     <span class='ocr_line' id='line_1_42' title="bbox 288 2660 1047 2699; baseline -0.001 -8"><span class='ocrx_word' id='word_1_315' title='bbox 288 2661 328 2691; x_wconf 89' lang='lat' dir='ltr'>in</span> <span class='ocrx_word' id='word_1_316' title='bbox 351 2660 589 2691; x_wconf 85' lang='lat' dir='ltr'>Standonck&#39;s</span> <span class='ocrx_word' id='word_1_317' title='bbox 611 2660 740 2699; x_wconf 84' lang='lat' dir='ltr'>college</span> <span class='ocrx_word' id='word_1_318' title='bbox 763 2662 800 2690; x_wconf 82' lang='lat' dir='ltr'>at</span> <span class='ocrx_word' id='word_1_319' title='bbox 822 2660 984 2690; x_wconf 88' lang='lat' dir='ltr'>Louvain</span> <span class='ocrx_word' id='word_1_320' title='bbox 1008 2660 1047 2690; x_wconf 90' lang='lat' dir='ltr'>in</span> 
     </span>
     <span class='ocr_line' id='line_1_43' title="bbox 289 2703 1046 2744; baseline -0.003 -9"><span class='ocrx_word' id='word_1_321' title='bbox 289 2704 385 2743; x_wconf 86' lang='lat' dir='ltr'>Sept.</span> <span class='ocrx_word' id='word_1_322' title='bbox 408 2704 490 2742; x_wconf 86' lang='lat'>1506</span> <span class='ocrx_word' id='word_1_323' title='bbox 508 2704 810 2744; x_wconf 84' lang='lat' dir='ltr'>(quingentesimo</span> <span class='ocrx_word' id='word_1_324' title='bbox 833 2703 967 2744; x_wconf 86' lang='lat' dir='ltr'>sexto);</span> <span class='ocrx_word' id='word_1_325' title='bbox 989 2712 1046 2733; x_wconf 87' lang='lat' dir='ltr'>see</span> 
     </span>
     <span class='ocr_line' id='line_1_44' title="bbox 289 2745 1046 2786; baseline 0 -9"><span class='ocrx_word' id='word_1_326' title='bbox 289 2746 479 2778; x_wconf 84' lang='lat' dir='ltr'>Barland&#39;s</span> <span class='ocrx_word' id='word_1_327' title='bbox 495 2746 653 2786; x_wconf 87' lang='lat' dir='ltr'>dialogue</span> <span class='ocrx_word' id='word_1_328' title='bbox 670 2747 717 2786; x_wconf 86' lang='lat' dir='ltr'>by</span> <span class='ocrx_word' id='word_1_329' title='bbox 732 2755 811 2785; x_wconf 86' lang='lat' dir='ltr'>way</span> <span class='ocrx_word' id='word_1_330' title='bbox 827 2747 865 2777; x_wconf 89' lang='lat' dir='ltr'>of</span> <span class='ocrx_word' id='word_1_331' title='bbox 881 2745 1046 2786; x_wconf 87' lang='lat' dir='ltr'>prologue</span> 
     </span>
     <span class='ocr_line' id='line_1_45' title="bbox 289 2790 1047 2831; baseline 0 -11"><span class='ocrx_word' id='word_1_332' title='bbox 289 2790 329 2821; x_wconf 89' lang='lat' dir='ltr'>in</span> <span class='ocrx_word' id='word_1_333' title='bbox 339 2790 398 2821; x_wconf 88' lang='lat' dir='ltr'>his</span> <span class='ocrx_word' id='word_1_334' title='bbox 408 2792 530 2828; x_wconf 70' lang='lat' dir='ltr'>Dialoqi</span> <span class='ocrx_word' id='word_1_335' title='bbox 538 2793 642 2831; x_wconf 89' lang='lat' dir='ltr'><em>LVII,</em></span> <span class='ocrx_word' id='word_1_336' title='bbox 654 2791 837 2830; x_wconf 84' lang='lat' dir='ltr'>Antwerp,</span> <span class='ocrx_word' id='word_1_337' title='bbox 851 2790 898 2821; x_wconf 92' lang='lat' dir='ltr'>M.</span> <span class='ocrx_word' id='word_1_338' title='bbox 908 2790 1047 2829; x_wconf 86' lang='lat' dir='ltr'>Hillen,</span> 
     </span>
     <span class='ocr_line' id='line_1_46' title="bbox 290 2833 1053 2873; baseline 0 -9"><span class='ocrx_word' id='word_1_339' title='bbox 290 2833 410 2864; x_wconf 86' lang='lat' dir='ltr'>March</span> <span class='ocrx_word' id='word_1_340' title='bbox 434 2842 528 2873; x_wconf 84' lang='lat'>1527,</span> <span class='ocrx_word' id='word_1_341' title='bbox 549 2833 590 2864; x_wconf 82' lang='lat' dir='ltr'>f0.</span> <span class='ocrx_word' id='word_1_342' title='bbox 606 2843 637 2865; x_wconf 77' lang='lat' dir='ltr'>F.</span> <span class='ocrx_word' id='word_1_343' title='bbox 684 2833 704 2864; x_wconf 91' lang='grc' dir='ltr'>Ι</span> <span class='ocrx_word' id='word_1_344' title='bbox 727 2833 772 2864; x_wconf 85' lang='grc'>(10</span> <span class='ocrx_word' id='word_1_345' title='bbox 796 2835 859 2864; x_wconf 90' lang='lat' dir='ltr'>not</span> <span class='ocrx_word' id='word_1_346' title='bbox 881 2834 991 2864; x_wconf 86' lang='lat' dir='ltr'>know</span> <span class='ocrx_word' id='word_1_347' title='bbox 1013 2834 1053 2864; x_wconf 91' lang='lat' dir='ltr'>of</span> 
     </span>
     <span class='ocr_line' id='line_1_47' title="bbox 291 2877 1049 2917; baseline 0.001 -11"><span class='ocrx_word' id='word_1_348' title='bbox 291 2885 361 2915; x_wconf 83' lang='lat' dir='ltr'>any</span> <span class='ocrx_word' id='word_1_349' title='bbox 377 2877 506 2907; x_wconf 87' lang='lat' dir='ltr'>second</span> <span class='ocrx_word' id='word_1_350' title='bbox 520 2877 763 2917; x_wconf 86' lang='lat' dir='ltr'>performance</span> <span class='ocrx_word' id='word_1_351' title='bbox 781 2877 819 2907; x_wconf 91' lang='lat' dir='ltr'>of</span> <span class='ocrx_word' id='word_1_352' title='bbox 835 2877 864 2907; x_wconf 91' lang='lat' dir='ltr'>it</span> <span class='ocrx_word' id='word_1_353' title='bbox 879 2888 888 2916; x_wconf 72' lang='grc' dir='ltr'><strong>ς</strong></span> <span class='ocrx_word' id='word_1_354' title='bbox 912 2887 948 2908; x_wconf 90' lang='lat' dir='ltr'>so</span> <span class='ocrx_word' id='word_1_355' title='bbox 968 2878 1049 2907; x_wconf 76' lang='lat' dir='ltr'>that</span> 
     </span>
     <span class='ocr_line' id='line_1_48' title="bbox 290 2920 1050 2959; baseline 0.004 -11"><span class='ocrx_word' id='word_1_356' title='bbox 290 2920 448 2959; x_wconf 88' lang='lat' dir='ltr'>possibly</span> <span class='ocrx_word' id='word_1_357' title='bbox 459 2923 641 2951; x_wconf 78' lang='lat' dir='ltr'>decennium</span> <span class='ocrx_word' id='word_1_358' title='bbox 652 2920 781 2951; x_wconf 86' lang='lat' dir='ltr'>should</span> <span class='ocrx_word' id='word_1_359' title='bbox 794 2921 836 2951; x_wconf 90' lang='lat' dir='ltr'>be</span> <span class='ocrx_word' id='word_1_360' title='bbox 848 2921 932 2951; x_wconf 84' lang='lat' dir='ltr'>read</span> <span class='ocrx_word' id='word_1_361' title='bbox 944 2920 1029 2951; x_wconf 85' lang='lat' dir='ltr'>here</span> <span class='ocrx_word' id='word_1_362' title='bbox 1042 2930 1050 2958; x_wconf 86' lang='lat'>;</span> 
     </span>
     <span class='ocr_line' id='line_1_49' title="bbox 290 2963 1050 3002; baseline 0.003 -10"><span class='ocrx_word' id='word_1_363' title='bbox 290 2971 330 2992; x_wconf 91' lang='lat' dir='ltr'>or</span> <span class='ocrx_word' id='word_1_364' title='bbox 344 2971 440 2993; x_wconf 87' lang='lat' dir='ltr'>more</span> <span class='ocrx_word' id='word_1_365' title='bbox 460 2963 642 3002; x_wconf 76' lang='lat' dir='ltr'>probably,</span> <span class='ocrx_word' id='word_1_366' title='bbox 661 2964 701 2994; x_wconf 92' lang='lat' dir='ltr'>in</span> <span class='ocrx_word' id='word_1_367' title='bbox 717 2964 809 2995; x_wconf 85' lang='lat' dir='ltr'>view</span> <span class='ocrx_word' id='word_1_368' title='bbox 829 2965 868 2994; x_wconf 89' lang='lat' dir='ltr'>of</span> <span class='ocrx_word' id='word_1_369' title='bbox 884 2963 947 2994; x_wconf 86' lang='lat' dir='ltr'>the</span> <span class='ocrx_word' id='word_1_370' title='bbox 968 2964 1050 2994; x_wconf 83' lang='lat' dir='ltr'>date</span> 
     </span>
     <span class='ocr_line' id='line_1_50' title="bbox 291 3004 1049 3046; baseline 0.003 -11"><span class='ocrx_word' id='word_1_371' title='bbox 291 3004 331 3036; x_wconf 81' lang='lat' dir='ltr'>of</span> <span class='ocrx_word' id='word_1_372' title='bbox 355 3005 417 3036; x_wconf 78' lang='lat' dir='ltr'>the</span> <span class='ocrx_word' id='word_1_373' title='bbox 442 3006 662 3044; x_wconf 82' lang='lat' dir='ltr'>publication</span> <span class='ocrx_word' id='word_1_374' title='bbox 689 3006 727 3038; x_wconf 85' lang='lat' dir='ltr'>os</span> <span class='ocrx_word' id='word_1_375' title='bbox 750 3007 942 3046; x_wconf 85' lang='lat' dir='ltr'>Euripides</span> <span class='ocrx_word' id='word_1_376' title='bbox 971 3007 1049 3046; x_wconf 85' lang='lat' dir='ltr'>(Ep.</span> 
     </span>
    </p>
   </div>
   <div class='ocr_carea' id='block_1_14' title="bbox 1115 2482 1878 3037">
    <p class='ocr_par' dir='ltr' id='par_1_19' title="bbox 1115 2482 1878 2656">
     <span class='ocr_line' id='line_1_51' title="bbox 1120 2482 1878 2525; baseline -0.001 -10"><span class='ocrx_word' id='word_1_377' title='bbox 1120 2485 1194 2525; x_wconf 86' lang='lat'>188)</span> <span class='ocrx_word' id='word_1_378' title='bbox 1210 2485 1281 2516; x_wconf 88' lang='lat' dir='ltr'>and</span> <span class='ocrx_word' id='word_1_379' title='bbox 1303 2485 1341 2516; x_wconf 84' lang='lat' dir='ltr'>of</span> <span class='ocrx_word' id='word_1_380' title='bbox 1359 2485 1421 2516; x_wconf 90' lang='lat' dir='ltr'>the</span> <span class='ocrx_word' id='word_1_381' title='bbox 1444 2485 1531 2516; x_wconf 83' lang='lat' dir='ltr'>facts</span> <span class='ocrx_word' id='word_1_382' title='bbox 1553 2485 1592 2516; x_wconf 89' lang='lat' dir='ltr'>of</span> <span class='ocrx_word' id='word_1_383' title='bbox 1608 2482 1796 2516; x_wconf 84' lang='lat' dir='ltr'>Barland’s</span> <span class='ocrx_word' id='word_1_384' title='bbox 1815 2483 1878 2515; x_wconf 87' lang='lat' dir='ltr'>life</span> 
     </span>
     <span class='ocr_line' id='line_1_52' title="bbox 1117 2527 1877 2569; baseline 0 -11"><span class='ocrx_word' id='word_1_385' title='bbox 1117 2529 1190 2569; x_wconf 89' lang='lat' dir='ltr'>(his</span> <span class='ocrx_word' id='word_1_386' title='bbox 1228 2529 1347 2569; x_wconf 86' lang='lat' dir='ltr'>pupils</span> <span class='ocrx_word' id='word_1_387' title='bbox 1387 2529 1490 2559; x_wconf 80' lang='lat' dir='ltr'>acted</span> <span class='ocrx_word' id='word_1_388' title='bbox 1528 2538 1648 2560; x_wconf 78' lang='lat' dir='ltr'>soenes</span> <span class='ocrx_word' id='word_1_389' title='bbox 1685 2530 1778 2559; x_wconf 83' lang='lat' dir='ltr'>from</span> <span class='ocrx_word' id='word_1_390' title='bbox 1814 2527 1877 2558; x_wconf 87' lang='lat' dir='ltr'>the</span> 
     </span>
     <span class='ocr_line' id='line_1_53' title="bbox 1115 2571 1877 2611; baseline -0.001 -9"><span class='ocrx_word' id='word_1_391' title='bbox 1115 2574 1290 2602; x_wconf 78' lang='lat' dir='ltr'>Aulularia</span> <span class='ocrx_word' id='word_1_392' title='bbox 1306 2574 1345 2603; x_wconf 89' lang='lat' dir='ltr'>in</span> <span class='ocrx_word' id='word_1_393' title='bbox 1364 2574 1471 2611; x_wconf 74' lang='lat'>1514),</span> <span class='ocrx_word' id='word_1_394' title='bbox 1493 2576 1561 2611; x_wconf 78' lang='lat' dir='ltr'>14to</span> <span class='ocrx_word' id='word_1_395' title='bbox 1579 2571 1708 2603; x_wconf 88' lang='lat' dir='ltr'>should</span> <span class='ocrx_word' id='word_1_396' title='bbox 1731 2572 1772 2602; x_wconf 90' lang='lat' dir='ltr'>be</span> <span class='ocrx_word' id='word_1_397' title='bbox 1793 2572 1877 2602; x_wconf 86' lang='lat' dir='ltr'>read</span> 
     </span>
     <span class='ocr_line' id='line_1_54' title="bbox 1116 2614 1788 2656; baseline 0 -9"><span class='ocrx_word' id='word_1_398' title='bbox 1116 2616 1156 2647; x_wconf 87' lang='lat' dir='ltr'>in</span> <span class='ocrx_word' id='word_1_399' title='bbox 1173 2616 1236 2647; x_wconf 88' lang='lat' dir='ltr'>the</span> <span class='ocrx_word' id='word_1_400' title='bbox 1253 2616 1334 2647; x_wconf 85' lang='lat' dir='ltr'>date</span> <span class='ocrx_word' id='word_1_401' title='bbox 1351 2616 1485 2656; x_wconf 85' lang='lat' dir='ltr'>quoted</span> <span class='ocrx_word' id='word_1_402' title='bbox 1502 2617 1610 2647; x_wconf 90' lang='lat' dir='ltr'>above</span> <span class='ocrx_word' id='word_1_403' title='bbox 1626 2616 1681 2646; x_wconf 87' lang='lat' dir='ltr'>for</span> <span class='ocrx_word' id='word_1_404' title='bbox 1693 2614 1788 2652; x_wconf 75' lang='lat' dir='ltr'>sexte.</span> 
     </span>
    </p>

    <p class='ocr_par' dir='ltr' id='par_1_20' title="bbox 1158 2659 1748 2701">
     <span class='ocr_line' id='line_1_55' title="bbox 1158 2659 1748 2701; baseline -0.002 -11"><span class='ocrx_word' id='word_1_405' title='bbox 1158 2660 1211 2698; x_wconf 85' lang='lat'>65.</span> <span class='ocrx_word' id='word_1_406' title='bbox 1239 2660 1292 2690; x_wconf 87' lang='lat' dir='ltr'>De</span> <span class='ocrx_word' id='word_1_407' title='bbox 1308 2661 1445 2701; x_wconf 82' lang='lat' dir='ltr'>ratione</span> <span class='ocrx_word' id='word_1_408' title='bbox 1462 2659 1590 2700; x_wconf 84' lang='lat' dir='ltr'>studii]</span> <span class='ocrx_word' id='word_1_409' title='bbox 1615 2659 1679 2700; x_wconf 88' lang='lat' dir='ltr'>Ep.</span> <span class='ocrx_word' id='word_1_410' title='bbox 1696 2659 1748 2689; x_wconf 90' lang='lat'>66.</span> 
     </span>
    </p>

    <p class='ocr_par' dir='ltr' id='par_1_21' title="bbox 1159 2702 1562 2744">
     <span class='ocr_line' id='line_1_56' title="bbox 1159 2702 1562 2744; baseline 0.005 -11"><span class='ocrx_word' id='word_1_411' title='bbox 1159 2704 1211 2742; x_wconf 90' lang='lat'>67.</span> <span class='ocrx_word' id='word_1_412' title='bbox 1239 2702 1383 2744; x_wconf 90' lang='lat' dir='ltr'>Contio]</span> <span class='ocrx_word' id='word_1_413' title='bbox 1407 2703 1470 2742; x_wconf 89' lang='lat' dir='ltr'>Ep.</span> <span class='ocrx_word' id='word_1_414' title='bbox 1492 2712 1562 2742; x_wconf 85' lang='lat'>175.</span> 
     </span>
    </p>

    <p class='ocr_par' dir='ltr' id='par_1_22' title="bbox 1118 2744 1877 2829">
     <span class='ocr_line' id='line_1_57' title="bbox 1161 2744 1877 2788; baseline -0.006 -10"><span class='ocrx_word' id='word_1_415' title='bbox 1161 2755 1212 2786; x_wconf 87' lang='lat'>75.</span> <span class='ocrx_word' id='word_1_416' title='bbox 1237 2746 1346 2788; x_wconf 82' lang='lat' dir='ltr'>Odas]</span> <span class='ocrx_word' id='word_1_417' title='bbox 1385 2747 1436 2777; x_wconf 84' lang='lat' dir='ltr'>Of.</span> <span class='ocrx_word' id='word_1_418' title='bbox 1465 2747 1554 2787; x_wconf 87' lang='lat' dir='ltr'>Epp.</span> <span class='ocrx_word' id='word_1_419' title='bbox 1587 2756 1639 2785; x_wconf 84' lang='lat'>43.</span> <span class='ocrx_word' id='word_1_420' title='bbox 1674 2745 1716 2776; x_wconf 88' lang='lat'>28</span> <span class='ocrx_word' id='word_1_421' title='bbox 1738 2754 1772 2776; x_wconf 90' lang='lat' dir='ltr'>n.</span> <span class='ocrx_word' id='word_1_422' title='bbox 1806 2744 1877 2774; x_wconf 83' lang='lat' dir='ltr'>and</span> 
     </span>
     <span class='ocr_line' id='line_1_58' title="bbox 1118 2790 1307 2829; baseline 0.005 -9"><span class='ocrx_word' id='word_1_423' title='bbox 1118 2800 1158 2829; x_wconf 86' lang='lat'>47</span> <span class='ocrx_word' id='word_1_424' title='bbox 1175 2790 1307 2821; x_wconf 83' lang='lat' dir='ltr'>introd.</span> 
     </span>
    </p>

    <p class='ocr_par' dir='ltr' id='par_1_23' title="bbox 1163 2832 1761 2874">
     <span class='ocr_line' id='line_1_59' title="bbox 1163 2832 1761 2874; baseline -0.002 -10"><span class='ocrx_word' id='word_1_425' title='bbox 1163 2843 1213 2872; x_wconf 89' lang='lat'>77.</span> <span class='ocrx_word' id='word_1_426' title='bbox 1239 2832 1473 2874; x_wconf 78' lang='lat' dir='ltr'>Quintiliani]</span> <span class='ocrx_word' id='word_1_427' title='bbox 1497 2836 1576 2864; x_wconf 74' lang='lat' dir='ltr'>Inst.</span> <span class='ocrx_word' id='word_1_428' title='bbox 1594 2843 1642 2864; x_wconf 93' lang='lat'>10.</span> <span class='ocrx_word' id='word_1_429' title='bbox 1665 2842 1694 2863; x_wconf 94' lang='lat'>1.</span> <span class='ocrx_word' id='word_1_430' title='bbox 1709 2832 1761 2863; x_wconf 88' lang='lat'>81.</span> 
     </span>
    </p>

    <p class='ocr_par' dir='ltr' id='par_1_24' title="bbox 1118 2873 1872 2952">
     <span class='ocr_line' id='line_1_60' title="bbox 1161 2873 1872 2918; baseline -0.004 -11"><span class='ocrx_word' id='word_1_431' title='bbox 1161 2877 1215 2907; x_wconf 91' lang='lat'>81.</span> <span class='ocrx_word' id='word_1_432' title='bbox 1240 2875 1471 2918; x_wconf 84' lang='lat' dir='ltr'>sexennium]</span> <span class='ocrx_word' id='word_1_433' title='bbox 1496 2876 1725 2914; x_wconf 82' lang='lat' dir='ltr'>Inaccurate3</span> <span class='ocrx_word' id='word_1_434' title='bbox 1748 2874 1792 2905; x_wconf 87' lang='lat' dir='ltr'>cf.</span> <span class='ocrx_word' id='word_1_435' title='bbox 1809 2873 1872 2914; x_wconf 89' lang='lat' dir='ltr'>Ep.</span> 
     </span>
     <span class='ocr_line' id='line_1_61' title="bbox 1118 2920 1329 2952; baseline 0.005 -1"><span class='ocrx_word' id='word_1_436' title='bbox 1118 2930 1183 2951; x_wconf 84' lang='lat'>222</span> <span class='ocrx_word' id='word_1_437' title='bbox 1198 2920 1329 2952; x_wconf 80' lang='lat' dir='ltr'>introd.</span> 
     </span>
    </p>

    <p class='ocr_par' dir='ltr' id='par_1_25' title="bbox 1120 2961 1878 3037">
     <span class='ocr_line' id='line_1_62' title="bbox 1154 2961 1878 3004; baseline -0.008 -8"><span class='ocrx_word' id='word_1_438' title='bbox 1154 2965 1220 3003; x_wconf 84' lang='grc'>87.</span> <span class='ocrx_word' id='word_1_439' title='bbox 1246 2962 1536 3004; x_wconf 89' lang='lat' dir='ltr'>Prouerbiorum]</span> <span class='ocrx_word' id='word_1_440' title='bbox 1575 2962 1660 3002; x_wconf 87' lang='lat' dir='ltr'>Epp.</span> <span class='ocrx_word' id='word_1_441' title='bbox 1697 2961 1770 3000; x_wconf 88' lang='lat'>126,</span> <span class='ocrx_word' id='word_1_442' title='bbox 1801 2970 1878 3000; x_wconf 68' lang='lat'>211,</span> 
     </span>
     <span class='ocr_line' id='line_1_63' title="bbox 1120 3007 1193 3037; baseline 0.014 -1"><span class='ocrx_word' id='word_1_443' title='bbox 1120 3007 1193 3037; x_wconf 78' lang='lat'>260.</span> 
     </span>
    </p>
   </div>
  </div>
 </body>
</html>
