2010 3417
104 156 199 210 554]
432 157 586 196 FROM
622 157 846 196 JEROME
885 156 1368 197 DUNGHERSHEYM
1614 157 1694 195 509

103 269 158 308 Et
186 269 295 320 quod
317 267 577 318 Stapulensis
605 267 739 314 habet,
762 267 941 317 praefate
966 267 1202 305 sanctorum
1229 265 1458 305 sententiae
1482 279 1568 305 non
1592 269 1694 317 puto

103 334 396 374 contradicere.
1713 332 1755 363 80

160 397 339 438 Videtur
372 400 510 437 autem
543 399 585 436 et
616 398 668 436 ad
702 397 777 436 hec
809 410 896 437 esse
931 398 1047 437 ratio.
1118 397 1276 447 Nempe
1312 396 1467 448 alioqui
1500 398 1690 444 Arianos,

103 464 332 508 Saluatoris
365 463 576 502 diuinitati
612 462 869 511 insidiantes»,
908 476 992 502 non
1030 463 1234 502 modicam
1271 463 1337 502 sui
1369 463 1517 502 erroris
1549 476 1694 504 ansam

105 532 254 571 habere
287 530 467 579 apparet.
527 527 636 567 Nam
668 528 704 566 si
736 527 862 578 (quod
897 527 1126 567 secundum
1159 527 1419 567 intellectum
1456 530 1695 568 sanctorum

105 594 371 645 Euangelista
402 593 583 632 Ioannes
611 592 746 639 habet,
777 593 969 643 equidem
1000 593 1073 642 5⁶0)
1102 592 1278 643 aequalis
1310 595 1375 632 est
1406 594 1537 632 Filius
1567 594 1692 642 Patri,

105 675 236 713 neque
264 661 408 698 tamen
441 660 504 697 est
533 658 689 708 equalis
724 658 762 696 ei
797 658 1025 697 secundum
1059 660 1250 697 naturam
1282 660 1552 709 assumptam,
1587 661 1695 711 quod
1714 660 1754 700 85

104 738 227 767 nemo
261 723 528 771 inficiabitur,
562 723 641 761 erit
673 723 710 761 ei
743 722 925 773 aequalis
962 723 1193 762 secundum
1232 723 1506 763 diuinitatem.
1576 724 1696 765 Vnde

104 792 138 830 si
159 789 267 842 quod
287 788 515 838 Apostolus
535 788 632 826 dicit
653 788 703 826 de
728 787 984 838 aequalitate,
1011 787 1061 826 de
1081 787 1225 826 diuina
1245 789 1393 828 natura
1412 789 1697 839 accipiendum

105 869 190 896 non
218 856 292 900 est,
314 856 360 892 vt
388 855 434 891 tu
464 853 538 900 vis,
562 866 634 891 cur
662 854 869 903 superfluo
898 853 987 903 ipse
1016 852 1065 891 de
1090 853 1166 891 hac
1193 853 1420 903 promisit?
1458 854 1544 893 Cur
1568 855 1694 894 etiam

105 919 239 960 sancti
271 919 496 957 Grecarum
529 917 664 969 periti,
698 931 782 956 non
816 918 866 956 ad
901 931 1072 957 sensum
1111 918 1301 957 debitum
1337 919 1473 958 verbis
1505 921 1697 970 Apostoli

103 987 279 1032 vtentes,
302 984 347 1022 in
367 996 488 1022 causa
507 983 748 1033 praesertim
768 983 867 1022 fidei
888 985 928 1022 et
950 985 1092 1022 contra
1111 983 1294 1022 Arianos
1313 984 1384 1034 qui
1404 984 1696 1032 aequalitatem
1716 995 1758 1026 90

104 1050 381 1102 supradictam
409 1061 599 1099 peruerse
622 1048 861 1098 negabant?
917 1050 1006 1088 Aut
1033 1048 1068 1087 si
1096 1062 1179 1087 non
1203 1049 1433 1088 secundum
1463 1049 1699 1089 diuinitatis

106 1117 284 1156 formam
307 1113 522 1153 Christum
549 1114 636 1152 Deo
664 1113 782 1152 Patri
807 1112 1022 1164 aequalem
1046 1126 1089 1152 se
1111 1126 1200 1153 esse
1222 1113 1472 1153 arbitratum
1496 1127 1582 1153 esse
1607 1115 1700 1154 vult

104 1179 342 1232 Apostolus,
365 1193 416 1217 ne
435 1178 588 1217 scilicet
614 1178 802 1229 rapinam
829 1179 994 1227 faceret,
1017 1191 1270 1229 consequens
1291 1181 1354 1217 est
1379 1192 1476 1219 eum
1502 1193 1586 1220 non
1612 1193 1699 1219 esse

105 1247 216 1286 idem
236 1247 281 1284 in
300 1243 533 1283 substantia
553 1256 647 1282 011111
668 1243 755 1282 Deo
774 1243 911 1292 Patre,
934 1244 1045 1294 quod
1067 1245 1127 1282 est
1145 1244 1356 1283 Arianum
1380 1245 1696 1295 quammaxime.

104 1311 257 1352 Ariani
284 1310 406 1357 enim,
429 1309 499 1360 qui
525 1308 697 1358 plurimi
722 1308 867 1347 Graeci
891 1310 1020 1356 erant,
1044 1309 1262 1359 scripturis
1288 1309 1417 1349 coacti
1442 1323 1590 1360 negare
1614 1324 1700 1349 non
1719 1321 1758 1354 95

104 1379 297 1428 poterant
321 1374 537 1415 Christum
564 1385 652 1412 esse
679 1373 843 1421 Deum3
872 1373 973 1412 item
1000 1376 1041 1412 et
1067 1373 1250 1412 similem
1278 1387 1366 1412 esse
1392 1375 1510 1414 Patri
1535 1375 1700 1414 confite-

109 1443 276 1482 bantur.
344 1441 404 1480 At
442 1439 578 1478 Deum
617 1438 820 1477 minorem
857 1438 986 1486 Patri,
1028 1438 1186 1477 scilicet
1226 1440 1457 1478 secundum
1495 1440 1700 1491 quandam

108 1506 470 1558 participationem
504 1503 678 1551 deitatis,
712 1505 753 1542 et
787 1503 969 1542 similem
999 1504 1229 1543 secundum
1260 1503 1548 1553 imitationem,
1579 1505 1701 1556 longe

105 1586 229 1624 supra
267 1574 422 1612 ceteros
455 1568 675 1620 quoslibet,
711 1581 797 1608 non
834 1571 973 1609 autem
1012 1570 1419 1619 consubstantialem,
1456 1571 1699 1621 garriebant.

106 1638 243 1688 Igitur
266 1638 301 1676 si
324 1636 517 1677 Christus
543 1633 697 1673 dicitur
719 1633 903 1673 noluisse
931 1634 1122 1674 arbitrari
1150 1648 1192 1674 se
1216 1647 1302 1674 esse
1331 1635 1546 1685 aequalem
1571 1636 1699 1683 Patri,
1725 1644 1786 1666 100

107 1717 160 1741 ne
179 1702 333 1741 scilicet
351 1701 540 1752 rapinam
560 1699 695 1747 faciat,
719 1712 814 1737 cum
834 1699 924 1748 hoc,
941 1700 988 1738 vt
1008 1699 1166 1738 dictum
1186 1702 1260 1746 est,
1285 1700 1334 1738 de
1353 1701 1502 1739 natura
1520 1700 1703 1739 humana

107 1766 415 1817 apertissimum
441 1764 509 1813 sit,
531 1777 606 1803 nec
631 1763 756 1802 etiam
784 1763 874 1802 fieri
899 1764 1093 1813 oportuit,
1116 1764 1437 1814 intelligendum
1461 1765 1538 1803 hoc
1565 1766 1703 1805 veniet

109 1833 160 1871 de
180 1831 350 1879 diuina;
379 1830 487 1881 quod
509 1830 586 1876 est,
604 1830 650 1867 vt
679 1828 901 1877 dicebatur,
926 1829 1142 1868 Arianum.
1202 1830 1321 1868 Vnde
1347 1830 1485 1880 potius
1509 1831 1704 1881 accipien-

110 1899 211 1937 dum
231 1897 308 1936 hoc
327 1895 492 1934 videtur
511 1893 740 1932 secundum
768 1895 931 1933 sanctos
956 1894 1013 1932 sic
1039 1894 1089 1933 de
1115 1894 1258 1933 diuina
1283 1896 1442 1944 natura,
1466 1896 1584 1946 quod,
1607 1909 1703 1935 cum

111 1964 157 2002 in
176 1962 308 2000 forma
328 1960 406 1999 Dei
432 1961 549 2006 esset,
572 1972 657 1998 non
682 1958 780 1998 fecit
806 1959 1005 2010 rapinam,
1029 1959 1259 1999 secundum
1284 1960 1457 1999 eandem
1480 1961 1703 2001 arbitratus
1724 1969 1783 2001 105

109 2042 151 2067 se
177 2039 264 2065 esse
289 2024 501 2076 aequalem
528 2023 656 2063 Patri.
714 2024 903 2074 Denique
930 2025 966 2063 si
994 2025 1184 2075 rapinam
1210 2025 1434 2065 arbitratus
1461 2028 1522 2065 est
1548 2040 1636 2066 esse
1660 2040 1702 2066 se

109 2091 321 2143 aequalem
351 2090 451 2136 Deo,
483 2088 698 2127 diuinitati
727 2101 798 2127 sue
825 2089 1001 2139 ipsemet
1031 2090 1254 2129 detraxisse
1282 2090 1504 2140 videbitur,
1535 2104 1631 2131 cum
1659 2091 1702 2129 in

109 2156 283 2196 veritate
302 2154 356 2194 sit
376 2153 558 2204 aequalis
577 2153 628 2192 ei.
685 2153 762 2192 Est
781 2167 931 2204 nempe
950 2154 1141 2193 Christus
1160 2167 1290 2194 vnus:
1321 2168 1402 2205 quo
1423 2156 1704 2195 demonstrato

109 2221 340 2261 rectissime
371 2219 523 2258 dicitur
552 2218 714 2257 ‘Homo
740 2218 818 2257 iste
846 2218 1029 2269 aequalis
1057 2221 1120 2258 est
1148 2219 1232 2258 Dee
1248 2221 1268 2268 ’,
1292 2220 1449 2259 scilicet
1477 2221 1704 2260 secundum

111 2286 299 2326 diuinam
330 2286 546 2330 naturam;
587 2283 815 2333 quamlibet
847 2283 970 2322 ‘iste'
999 2297 1073 2334 pro
1103 2285 1316 2335 supposito
1344 2287 1425 2324 stat
1457 2285 1699 2333 diuinitatis,
1727 2297 1785 2320 ¹10

110 2351 264 2390 scilicet
278 2349 405 2389 verbi.
453 2349 709 2398 Quapropter
727 2351 768 2387 et
787 2361 870 2387 non
891 2348 942 2387 ab
963 2362 1006 2388 re
1026 2349 1072 2387 fit
1094 2349 1346 2389 ideomatum
1367 2350 1700 2391 communicatio.

110 2417 200 2455 Aut
217 2428 314 2465 ergo
333 2427 418 2453 non
437 2416 499 2452 est
518 2413 742 2452 arbitratus
761 2414 950 2463 rapinam
970 2427 1060 2452 esse
1080 2428 1123 2453 se
1142 2415 1354 2464 aequalem
1373 2415 1458 2453 Deo
1477 2415 1704 2454 secundum

112 2481 300 2520 diuinam
326 2481 530 2523 naturam,
557 2477 668 2527 quod
694 2478 945 2528 Apostolum
971 2478 1080 2517 velle
1106 2481 1169 2518 est
1196 2480 1245 2518 de
1274 2482 1415 2518 mente
1442 2481 1704 2518 sanctorum:

113 2547 184 2584 aut
203 2544 239 2584 si
259 2557 343 2582 non
362 2545 425 2582 est
440 2542 665 2581 arbitratus
680 2555 767 2581 esse
780 2555 822 2581 se
836 2543 1049 2594 aequalem
1064 2544 1165 2589 Deo,
1179 2544 1263 2582 iam
1279 2545 1467 2593 rapinam
1482 2544 1706 2583 arbitratus

113 2612 186 2657 est,
209 2608 373 2659 sibiipsi
400 2607 619 2646 detrahens
647 2607 763 2646 iuxta
781 2608 989 2658 praedicta
1005 2623 1015 2656 ;
1045 2609 1154 2659 quod
1173 2611 1214 2648 et
1234 2610 1410 2659 cogitare
1431 2609 1609 2659 impium
1629 2611 1703 2648 est.
1727 2623 1785 2656 115

114 2675 210 2714 Non
228 2687 325 2723 ergo
344 2673 385 2711 id
407 2673 514 2724 quod
535 2673 584 2711 de
604 2685 687 2710 non
702 2673 847 2723 rapina
868 2673 1115 2712 arbitratum
1134 2686 1223 2712 esse
1238 2674 1453 2714 Christum
1473 2675 1517 2712 in
1532 2673 1706 2713 verbum

113 2741 175 2779 est
193 2737 397 2789 Apostoli,
422 2738 471 2776 de
492 2737 677 2776 humana
695 2737 981 2788 accipiendum
1001 2740 1063 2777 est
1083 2741 1240 2778 natura.

149 2854 210 2884 88.
240 2852 369 2894 pmisit
393 2854 483 2883 MS.:
520 2851 705 2892 praemisit
730 2853 792 2882 LB.
961 2861 1030 2890 107.
1058 2852 1245 2884 redebitur
1261 2856 1330 2885 Ms.
1482 2863 1553 2886 110.
1586 2863 1708 2893 quam-

117 2897 205 2927 libet
231 2899 359 2933 scripsi:
395 2896 454 2934 qffi
483 2895 510 2926 li
534 2897 627 2926 MS.:
651 2895 824 2934 quoniam
848 2893 939 2926 liber
962 2898 1025 2927 LB.

684 3008 737 3046 84.
762 3007 933 3048 Ioannes]
959 3017 990 3047 5.
1013 3008 1049 3038 18
1066 3018 1137 3047 seq.
