2010 3417
77 167 174 222 384]
728 170 797 209 ΤΟ
836 171 943 210 LEO
982 170 1022 209 X
1594 169 1670 207 185

75 279 256 318 Proinde
286 280 447 330 quando
476 282 523 319 tu
552 280 672 319 nobis
691 280 807 319 velut
825 280 1004 319 alterum
1024 279 1193 318 exhibes
1222 279 1409 327 Esdram,
1433 280 1474 317 et
1503 278 1665 327 sedatis,

74 345 184 394 quod
210 345 256 384 in
282 346 323 384 te
348 345 440 393 fuit,
463 344 668 384 bellorum
694 345 897 396 procellis,
919 344 1149 384 sarciendae
1174 344 1386 395 religionis
1412 343 1668 393 prouinciam

72 411 241 449 strenue
280 411 470 460 capessis,
502 423 575 460 par
612 413 673 449 est
711 410 912 449 nimirum
950 412 997 450 vt
1034 422 1178 449 omnes
1215 409 1367 460 vbique
1403 409 1592 458 gentium
1623 421 1668 447 ac
1687 414 1727 446 30

73 476 278 514 terrarum
309 475 539 514 Christiani
568 489 657 514 rem
685 475 875 514 omnium
904 475 1230 526 pulcherrimam
1268 488 1314 514 ac
1351 473 1667 514 saluberrimam

71 542 292 579 conantem
319 553 394 590 pro
422 553 497 579 sua
525 540 701 590 quisque
728 540 924 579 facultate
952 540 1161 579 adiuuent.
1241 539 1335 578 Iam
1363 539 1483 578 video
1511 539 1668 589 passim

69 604 321 644 excellentes
349 604 515 655 ingenio
542 604 665 654 viros,
687 618 761 644 ceu
789 617 960 655 magnos
989 608 1030 644 et
1058 605 1276 655 opulentos
1305 616 1430 655 reges,
1453 604 1668 643 Solomoni

74 672 216 709 nostro
235 671 281 709 in
299 670 447 720 templi
467 671 718 708 structuram
737 670 903 709 mittere
925 683 1140 719 marmora,
1163 669 1276 717 ebur,
1294 682 1453 717 aurum,
1470 682 1665 720 gemmas.

74 735 159 774 Nos
185 737 332 774 tenues
357 734 491 785 reguli
516 747 588 774 seu
613 735 751 785 potius
777 734 1023 773 homunculi
1046 734 1352 785 qualescunque
1376 734 1573 773 materias
1597 738 1669 774 aut
1688 741 1726 773 35

73 802 181 839 certe
205 813 420 850 caprarum
447 799 586 850 pelles,
611 812 664 838 ne
687 799 795 838 nihil
815 800 1108 847 conferremus,
1132 799 1299 837 mittere
1323 799 1556 839 studemus:
1584 799 1668 838 vile

69 865 242 914 quidem
272 865 580 913 munusculum,
619 865 727 915 quod
759 865 810 903 ad
843 866 1031 903 nostram
1063 864 1215 902 attinet
1245 877 1422 914 operam,
1460 864 1530 902 sed
1559 865 1669 903 vnde

68 929 171 980 (nisi
198 942 266 969 me
293 930 402 969 fallit
431 930 610 979 animus)
639 930 795 969 Christi
832 929 1002 979 templo,
1031 929 1066 968 si
1094 942 1181 968 non
1209 929 1394 967 multum
1422 928 1666 979 splendoris,

67 996 180 1034 certe
199 1008 283 1034 non
303 1008 449 1046 parum
469 995 664 1035 Vtilitatis
689 995 745 1034 sit
771 1007 1056 1042 accessurum;
1085 996 1324 1044 praesertim
1345 995 1381 1032 si
1400 993 1488 1032 eius
1514 994 1668 1033 calculo

68 1061 376 1111 comprobetur,
400 1061 450 1099 de
471 1061 588 1100 cuius
608 1061 734 1100 vnius
754 1063 860 1100 nutu
886 1073 931 1099 ac
958 1061 1110 1099 renutu
1131 1073 1296 1099 summa
1314 1073 1452 1098 rerum
1473 1060 1667 1098 humana·
1686 1068 1727 1098 40

69 1138 164 1163 rum
183 1126 335 1175 pendet
354 1126 557 1164 vniuersa.

127 1189 295 1229 Etenim
329 1204 425 1230 cum
457 1191 563 1229 illud
598 1191 796 1230 haberem
828 1191 1225 1241 perspectissimum,
1256 1191 1517 1240 praecipuam
1551 1202 1667 1239 spem

71 1255 274 1306 planeque
319 1269 490 1304 sacram,
531 1257 578 1294 vt
625 1256 756 1304 aiunt,
799 1269 991 1295 ancoram
1029 1256 1305 1295 restituendae
1351 1255 1667 1304 sarciendaeque

69 1320 331 1360 Christianae
358 1321 568 1371 religionis
588 1321 633 1359 in
652 1321 729 1360 hoc
749 1334 836 1360 esse
855 1321 990 1370 sitam,
1013 1321 1048 1360 si
1068 1322 1270 1372 quotquot
1292 1320 1443 1370 vbique
1462 1322 1667 1359 terrarum

70 1385 350 1424 Christianam
373 1385 684 1436 philosophiam
709 1386 967 1436 profitentur,
991 1386 1036 1424 in
1059 1385 1208 1436 primis
1229 1386 1384 1424 autoris
1412 1385 1477 1424 sui
1506 1385 1668 1423 decreta
1685 1395 1724 1426 45

65 1463 119 1488 ex
149 1450 412 1501 Euangelicis
444 1451 780 1502 Apostolicisque
810 1451 942 1490 literis
975 1451 1194 1500 imbibant,
1228 1451 1273 1489 in
1307 1450 1458 1500 quibus
1492 1449 1667 1488 verbum

68 1515 174 1554 illud
195 1516 379 1565 coeleste,
398 1517 605 1567 quondam
627 1531 649 1555 e
670 1517 788 1555 corde
809 1517 949 1556 Patris
968 1517 1018 1555 ad
1038 1529 1114 1555 nos
1133 1515 1376 1566 profectum,
1394 1515 1526 1554 adhuc
1547 1515 1666 1554 nobis

69 1580 186 1628 viuit‚
227 1581 361 1620 adhuc
399 1582 539 1632 spirat,
580 1583 714 1621 adhuc
751 1583 837 1633 agit
875 1585 914 1621 et
952 1582 1148 1633 loquitur,
1189 1582 1246 1620 sic
1284 1583 1330 1620 vt
1369 1594 1461 1620 mea
1498 1581 1665 1631 quidem

68 1646 276 1685 sententia
304 1660 511 1697 nusquam
545 1647 647 1687 alias
681 1648 882 1687 efficacius
913 1650 985 1686 aut
1018 1646 1296 1698 praesentius:
1345 1647 1394 1685 ad
1427 1646 1538 1694 haec,
1571 1659 1666 1684 cum

70 1711 254 1749 viderem
274 1712 497 1751 salutarem
516 1713 634 1751 illam
654 1713 888 1752 doctrinam
907 1712 1029 1763 longe
1048 1712 1192 1762 purius
1221 1725 1267 1750 ac
1291 1711 1475 1750 viuidius
1495 1723 1544 1748 ex
1562 1710 1664 1760 ipsis
1684 1721 1725 1752 50

67 1775 156 1824 peti
182 1776 312 1824 venis,
345 1790 394 1815 ex
427 1777 530 1828 ipsis
559 1777 716 1816 hauriri
748 1778 946 1826 fontibus,
980 1790 1105 1828 quam
1136 1789 1185 1815 ex
1214 1777 1373 1815 lacunis
1402 1777 1472 1814 aut
1498 1775 1659 1823 riuulis,

71 1839 253 1885 Nouum*
271 1841 330 1890 (vt
364 1842 528 1891 vocant)
565 1843 881 1881 Testamentum
913 1843 1156 1881 vniuersum
1194 1842 1244 1880 ad
1280 1842 1455 1890 Graecae
1494 1840 1665 1890 originis

69 1901 197 1941 fidem
229 1904 553 1954 recognouimus,
586 1905 710 1955 idque
746 1919 830 1944 non
863 1907 1017 1944 temere
1048 1918 1181 1954 neque
1212 1904 1297 1942 leui
1328 1916 1449 1953 opera
1487 1903 1557 1941 sed
1594 1903 1663 1941 ad-

71 1967 216 2007 hibitis
235 1968 282 2007 in
300 1969 521 2008 consilium
548 1970 832 2021 compluribus
851 1970 1067 2020 vtriusque
1086 1969 1250 2020 linguae
1271 1968 1488 2015 codicibus,
1511 1980 1586 2006 nec
1611 1967 1664 2006 iis

67 2045 167 2071 sane
206 2034 470 2083 quibuslibet,
508 2035 579 2073 sed
611 2035 908 2075 vetustissimis
945 2035 1070 2074 simul
1108 2037 1150 2073 et
1186 2033 1549 2073 emendatissimis.
1609 2032 1665 2073 Et
1683 2047 1722 2080 55

70 2099 269 2146 quoniam
288 2099 483 2139 nouimus
511 2102 556 2140 in
585 2101 708 2140 rebus
736 2101 862 2140 sacris
890 2101 1079 2151 religiose
1100 2113 1263 2150 quoque
1281 2099 1532 2138 versandum
1560 2111 1659 2147 esse,

69 2176 143 2201 nec
169 2164 246 2203 hac
273 2166 457 2205 contenti
484 2166 700 2216 diligentia
724 2180 797 2216 per
822 2166 964 2205 omnia
985 2168 1174 2204 veterum
1196 2164 1485 2214 theologorum
1511 2164 1664 2214 scripta

64 2228 428 2281 ›circumuolantesg
450 2245 499 2270 ex
517 2232 668 2270 horum
688 2232 955 2270 citationibus
981 2233 1053 2270 aut
1079 2230 1405 2281 expositionibus
1423 2230 1663 2269 subodorati

67 2307 214 2333 sumus
234 2296 331 2346 quid
350 2297 525 2347 quisque
544 2297 712 2347 legisset
730 2300 803 2337 aut
822 2299 1035 2337 mutasset.
1093 2296 1334 2336 Adiecimus
1356 2296 1662 2335 Annotationes

70 2361 242 2408 nostras,
268 2375 370 2410 quae
395 2363 580 2412 primum
606 2363 802 2402 lectorem
832 2363 1005 2402 doceant
1025 2362 1124 2413 quid
1150 2375 1231 2413 qua
1253 2361 1413 2400 ratione
1438 2361 1564 2399 fuerit
1588 2361 1662 2398 im·
1681 2364 1722 2395 60

69 2425 306 2464 mutatum:
354 2427 513 2476 deinde,
546 2429 582 2467 si
615 2429 714 2479 quid
747 2428 902 2478 alioqui
930 2428 1184 2478 perplexum,
1217 2426 1456 2477 ambiguum
1489 2428 1560 2464 aut
1593 2425 1660 2463 ob-

65 2502 249 2537 scurum,
279 2491 322 2529 id
350 2492 557 2541 explicent
585 2497 708 2543 atque
736 2494 941 2532 enodent:
979 2495 1185 2542 postremo
1213 2505 1318 2542 quae
1346 2491 1550 2529 obsistant
1579 2503 1661 2539 quo

69 2553 211 2592 minus
238 2555 420 2604 procliue
448 2557 503 2594 sit
535 2557 579 2595 in
612 2561 824 2608 posterum
854 2558 1076 2607 deprauare
1105 2557 1213 2606 quod
1243 2569 1319 2594 nos
1347 2555 1417 2593 vix
1446 2555 1661 2593 credendis

68 2619 225 2669 vigiliis
244 2619 580 2660 restituissemus.
638 2623 896 2672 Quanquam,
921 2624 966 2661 vt
991 2622 1171 2672 ingenue
1191 2621 1336 2668 dicam,
1362 2620 1557 2669 quicquid
1583 2619 1659 2658 hoc

113 2707 163 2737 28.
183 2705 330 2736 exhibes
343 2718 362 2736 α
377 2717 384 2736 z
400 2708 557 2746 praestas
568 2708 602 2741 Β.
693 2709 746 2747 36.
767 2707 1009 2738 conferremus
1021 2717 1060 2737 a:
1084 2706 1309 2737 conferamus
1322 2708 1347 2736 δ.
1439 2706 1490 2743 46.
1509 2706 1659 2737 verbum

66 2750 162 2780 illud
178 2749 326 2780 coeleste
344 2773 351 2780 .
371 2773 379 2780 .
397 2773 405 2781 .
423 2760 474 2789 47.
493 2750 692 2790 profectum
708 2762 728 2781 α
743 2762 751 2782 :
775 2760 891 2782 sermo
908 2751 969 2781 ille
986 2750 1148 2782 coelestis
1165 2773 1173 2781 .
1194 2774 1202 2781 .
1220 2772 1228 2781 .
1245 2749 1423 2789 profectus
1437 2750 1473 2783 β.

113 2848 167 2876 34.
183 2838 311 2877 templi
335 2836 572 2878 structuram]
597 2837 657 2868 An
682 2837 828 2869 evident
896 2838 993 2868 John
1008 2847 1034 2868 1.
1049 2847 1062 2867 1
1080 2848 1087 2875 ;
1106 2837 1147 2867 ef.
1159 2847 1191 2877 p.
1207 2838 1277 2876 183.
1313 2837 1350 2868 It
1362 2837 1512 2868 aroused
1527 2836 1658 2868 hostile

68 2882 223 2912 allusion
239 2882 276 2911 to
292 2881 355 2911 the
371 2880 539 2920 building
555 2879 593 2911 of
605 2881 654 2911 st.
673 2881 806 2912 Peter's
820 2892 828 2920 3
896 2881 1069 2912 criticism
1082 2882 1118 2911 in
1133 2890 1241 2919 many
1252 2881 1446 2912 directions
1458 2891 1466 2918 ;
1486 2883 1524 2911 to
1535 2881 1657 2912 which

68 2935 125 2956 see
142 2925 348 2964 Creighton,
365 2925 410 2954 iv.
435 2933 490 2964 pp.
509 2924 603 2962 83-5.
898 2924 1066 2955 Erasmus
1089 2924 1224 2963 replied
1248 2924 1338 2954 with
1363 2924 1426 2954 the
1448 2926 1600 2962 Apologia
1623 2928 1659 2955 de

112 2970 164 3007 46.
181 2967 348 3008 verbum]
373 2968 446 2998 The
463 2968 598 3007 change
620 2967 723 2998 made
745 2967 831 2998 here
899 2971 906 2984 ‘
921 2971 962 2998 In
975 2970 1130 3005 principio
1145 2971 1211 2999 erat
1225 2977 1321 2998 sermo
1333 2966 1351 3007 ',
1370 2967 1483 3007 Basle,
1502 2967 1653 3007 Froben,

67 3012 108 3042 in
135 3013 158 3045 β
181 3021 254 3042 was
277 3011 381 3042 made
404 3013 441 3042 at
468 3011 530 3042 the
555 3021 648 3042 same
675 3012 763 3042 time
791 3011 831 3042 in
898 3012 987 3051 Aug.
1008 3021 1101 3051 1520.
