2010 3417
111 169 162 205 49
168 153 210 208 3]
526 157 678 196 FROM
717 156 982 196 WILLIAM
1022 156 1295 196 BUDAEUS
1619 159 1699 197 403

108 265 324 304 mensibus
343 264 494 304 Iacobo
514 266 646 304 Fabro
668 266 802 304 factus
829 279 934 311 sum,
957 267 1058 304 dum
1077 266 1224 305 villam
1252 279 1389 306 meam
1407 267 1596 307 viserem.
1655 268 1700 307 Is

108 332 208 369 tunc
230 344 298 369 me
316 330 449 369 orauit
474 332 520 368 vt
539 331 677 369 verbis
702 330 790 368 suis
816 333 857 368 te
886 331 1119 377 salutarem,
1142 344 1458 382 excusaremque
1484 333 1700 372 aduersam

106 395 391 434 valetudinem
419 395 506 433 eius
525 396 634 445 quod
664 395 714 434 ad
743 398 784 434 te
813 408 896 434 non
923 395 1143 435 scriberet:
1173 398 1290 435 tanta
1315 397 1428 435 enim
1456 397 1700 436 infirmitate

107 463 206 509 erat,
227 463 268 500 et
286 461 421 499 adhuc
447 463 509 499 est
533 461 655 499 hodie
676 459 740 508 (ad
765 473 832 498 me
849 461 962 499 enim
990 461 1112 499 hodie
1138 462 1320 500 amicum
1340 463 1546 512 quendam
1576 475 1699 502 suum

108 525 250 574 misit),
274 527 320 564 vt
343 539 396 564 ne
419 525 640 575 epistolam
660 525 828 575 quidem
848 525 1000 564 dictare
1025 527 1166 576 possit.
1227 527 1350 565 Nosti
1375 527 1589 567 hominem
1614 540 1700 567 esse
1717 543 1783 576 450

108 602 191 629 non
211 591 334 629 modo
354 591 522 629 doctum
539 591 610 629 sed
630 590 756 629 etiam
776 590 963 640 probum.

161 656 309 694 Finem
336 656 415 704 hic,
445 659 492 694 vt
520 655 706 703 arbitror,
739 655 932 705 epistolae
959 656 1134 695 faciam:
1172 656 1269 695 licet
1299 669 1462 696 summa
1490 658 1701 709 voluptate

109 720 287 760 oblecter
314 721 365 759 ad
394 723 435 759 te
463 720 647 760 scribens
681 720 1017 770 moesticiamque
1044 721 1176 759 animi
1208 722 1290 760 mei
1320 735 1370 760 ex
1397 722 1564 761 infirma
1590 722 1698 762 vale-

107 786 252 825 tudine
279 786 466 825 frustrer.
528 787 607 825 Sed
635 786 738 825 heus
766 787 824 833 tu,
857 785 998 824 literas
1026 787 1118 824 tuas
1146 786 1271 825 etiam
1301 786 1462 826 vltimis
1493 787 1700 837 longiores

108 850 186 889 hoc
211 850 350 889 labore
375 852 556 901 paciscor
580 864 625 890 ac
650 851 740 889 iure
767 863 861 888 meo
888 851 1062 900 postulo.
1123 852 1250 901 Spero
1274 854 1413 891 autem
1441 854 1483 890 te
1507 852 1558 890 ab
1578 853 1701 892 editis
1717 868 1780 901 455

107 914 195 954 illis
209 915 460 966 Hieronymi
475 915 759 955 voluminibus
773 915 931 965 aliquid
947 918 1214 966 sumpturum
1228 916 1467 964 laxamenti,
1487 917 1547 955 καὶ
1564 916 1702 967 μεταξὺ

108 982 363 1032 σχολάζοντος
381 983 478 1031 ἡμᾶς
497 983 727 1020 ἀπολαύσειν
746 998 827 1019 σου.
883 980 941 1020 Mi
961 982 1144 1027 El'asme‚
1164 982 1333 1021 Erasme
1360 982 1431 1031 mi,
1453 982 1584 1021 immo
1602 995 1700 1022 vero

108 1047 278 1085 Erasme
307 1048 460 1095 noster,
479 1047 570 1096 πρὸς
594 1048 658 1095 τῆς
678 1046 912 1095 φιλοσοφίας
939 1049 1004 1095 τῆς
1033 1047 1214 1096 ἐρωμένης
1242 1049 1364 1097 κοινῆς
1387 1049 1501 1097 ἡμῶν,
1520 1048 1612 1097 πρὸς
1635 1049 1701 1086 τοῦ

110 1112 198 1152 Διὸς
216 1114 281 1151 τοῦ
301 1113 443 1160 φιλίου,
461 1113 552 1162 πρὸς
569 1113 636 1161 τῆς
655 1110 762 1160 δόξης
779 1127 851 1149 σου
869 1113 935 1160 τῆς
955 1111 1172 1162 θαυμαστῆς
1189 1115 1255 1161 τῆς
1272 1115 1345 1151 τῶν
1363 1113 1564 1162 ἡλικιωτῶν
1581 1129 1621 1151 τε
1642 1112 1701 1151 καὶ

108 1180 180 1216 τῶν
199 1177 279 1215 καθ’
293 1179 389 1227 ἡμᾶς
409 1179 575 1216 εὔκλειαν
589 1177 712 1226 (ἀπείη
732 1176 770 1214 δὲ
786 1175 939 1225 φθόνος)
953 1177 1343 1227 παρευδοκιμησάσης,
1360 1179 1452 1228 πρὸς
1465 1180 1530 1228 τῆς
1551 1178 1701 1226 εὐφυΐας
1717 1186 1781 1227 460

109 1259 180 1282 σου
194 1244 329 1292 ταύτης
347 1243 573 1295 εὖγνώμονός
590 1259 630 1281 τε
650 1242 709 1280 καὶ
733 1244 910 1282 ἐπιεικοῦς
929 1242 989 1280 καὶ
1007 1242 1144 1294 σχεδόν
1161 1259 1196 1281 τι
1216 1243 1444 1293 θειαζούσης,
1461 1244 1513 1293 μὴ
1529 1244 1699 1294 ὀκνήσῃς,

108 1309 162 1358 μὴ
185 1309 389 1359 ἀμελήσῃς,
416 1309 469 1359 μὴ
495 1309 761 1359 ἀμνημονήσῃς
785 1309 1021 1347 ἐπιστέλλειν
1045 1325 1085 1346 τε
1111 1309 1171 1347 καὶ
1194 1310 1533 1359 προσεπιστέλλειν
1556 1310 1642 1359 ἐμοί
1662 1326 1702 1348 τε

110 1373 170 1412 καὶ
197 1376 272 1414 τοῖς
300 1375 427 1423 φίλοις
456 1391 539 1424 μου,
561 1373 620 1411 καὶ
652 1374 837 1413 πολλάκις
863 1376 972 1412 τοῦτο
1000 1375 1129 1412 ποιεῖν·
1166 1375 1277 1414 οὕτως
1303 1375 1404 1413 ὄναιο
1433 1375 1621 1413 τοσούτων
1643 1374 1702 1413 καὶ

108 1439 334 1488 τηλικούτων
353 1440 668 1488 φιλοπονημάτων
688 1455 769 1477 σου.
825 1438 892 1477 Sic
912 1438 1090 1489 denique
1108 1439 1188 1478 ista
1206 1442 1278 1479 tua
1297 1453 1400 1479 vxor
1418 1439 1548 1478 Penia
1566 1440 1703 1479 inuisa

108 1504 188 1542 tibi
212 1504 452 1554 longissime
471 1518 496 1543 a
514 1506 555 1542 te
579 1504 765 1551 facessat,
789 1503 847 1542 sic
867 1504 947 1543 tibi
966 1505 1169 1543 nuncium
1187 1505 1387 1553 remittat,
1409 1505 1467 1543 sic
1487 1504 1701 1544 contub-er·
1719 1510 1782 1553 465

109 1569 228 1609 nium
257 1570 482 1619 renunciet,
506 1572 548 1609 et
565 1569 693 1608 semel
713 1571 755 1608 te
773 1571 971 1620 tuamque
995 1570 1167 1609 domum
1198 1572 1422 1619 auersetur,
1444 1570 1568 1609 modo
1587 1583 1638 1609 ne
1657 1570 1702 1609 in

109 1648 246 1675 meam
260 1635 482 1685 immigmt,
500 1637 545 1674 vt
562 1637 608 1674 tu
622 1636 667 1674 in
682 1635 759 1674 hoc
773 1634 879 1673 mihi
893 1635 1111 1674 obsecutus
1125 1635 1260 1675 fueris.
1312 1636 1448 1676 Σκόπει
1463 1636 1526 1674 οὖν
1540 1636 1636 1676 ὅπως
1649 1636 1702 1685 μὴ

110 1701 202 1740 οὕτω
220 1701 405 1751 μηδέποτε
424 1701 728 1752 ἐνασχοληθήσῃ,
748 1701 843 1738 ὥστε
861 1700 914 1749 μὴ
935 1701 1082 1751 σχολὴν
1101 1702 1203 1752 ἅγειν
1221 1701 1262 1739 τὸ
1282 1701 1442 1750 καθῆκον
1462 1701 1682 1750 θεραπεύειν.

155 1765 330 1816 ’Έρρωσο
359 1766 418 1804 καὶ
446 1767 571 1818 ἀγαθῇ
597 1767 692 1816 τύχῃ
723 1766 897 1816 κέχρησο,
927 1765 986 1803 καὶ
1013 1765 1058 1814 νὴ
1082 1766 1155 1803 Δία
1183 1766 1402 1816 κεχρύσωσό
1427 1783 1482 1818 γε,
1503 1768 1545 1804 οὐ
1571 1766 1646 1815 μὴν
1664 1765 1703 1804 δὲ

110 1831 344 1883 φιλόχρυσος
360 1832 493 1883 γένοιο.
550 1831 660 1880 Ἐμοὶ
683 1830 722 1869 δὲ
742 1832 761 1868 ὃ
782 1830 863 1871 θεὸς
882 1830 902 1869 ὅ
920 1847 956 1869 τι
973 1831 1156 1879 βούλεται
1174 1831 1338 1882 χρήσθω.
1396 1832 1538 1882 Χρονίᾳ
1555 1832 1628 1883 γάρ
1645 1847 1704 1870 τοι
1721 1845 1786 1878 470

110 1900 183 1936 τῶν
210 1887 415 1948 δυστυχιῶν
439 1897 574 1947 χρήσει
597 1896 708 1946 ὁποίᾳ
732 1895 866 1945 δήποτε
891 1897 986 1946 τύχῃ
1012 1895 1189 1945 ἐξέμαθον
1215 1897 1442 1947 χρήσασθαι,
1466 1898 1590 1937 ἄλλως
1614 1913 1654 1935 τε
1678 1897 1703 1945 ἦ

112 1963 293 2013 αῧτάρκης
321 1962 380 2000 καὶ
407 1961 667 2013 μεγαλόδωρος
692 1961 908 2010 φιλοσοφία
936 1961 1027 2000 ἴδιον
1048 1964 1176 2011 ἑαυτῆς
1206 1963 1269 2011 ἐμὲ
1295 1962 1426 2013 χρονίᾳ
1453 1978 1493 2000 τε
1521 1963 1616 2013 νομῇ
1644 1962 1704 2000 καὶ

113 2029 240 2078 κτήσει
269 2029 493 2077 ἐποιήσατοε
523 2027 627 2066 iuris
655 2028 794 2065 autem
822 2025 1054 2065 conditores
1081 2027 1148 2075 τὴν
1174 2026 1360 2066 δεκαετίαν
1389 2027 1448 2065 καὶ
1477 2028 1704 2066 εἷκοσαετίαν

113 2094 280 2144 longam
307 2093 607 2143 possessionem
633 2093 794 2140 vocant,
815 2104 895 2141 qua
924 2104 1061 2130 rerum
1090 2092 1276 2131 dominia
1302 2092 1444 2142 quaeri
1471 2093 1704 2131 statuerunt

112 2161 189 2200 τοῖς
207 2160 306 2210 καλῇ
323 2159 448 2196 πίστει
467 2157 693 2207 νεμομένοις.
746 2157 806 2195 At
825 2169 899 2206 ego
919 2156 1002 2195 iam
1019 2162 1152 2196 annos
1170 2157 1350 2208 quinque
1368 2159 1410 2196 et
1427 2157 1578 2208 viginti
1597 2157 1705 2196 bona
1721 2168 1783 2202 475

113 2223 195 2264 fide
223 2224 358 2263 seruio
385 2223 523 2263 Studio
542 2223 780 2262 literarum:
810 2223 907 2260 ὥστε
936 2223 995 2260 καὶ
1013 2224 1168 2261 πολλῶν
1185 2239 1230 2274 γε
1255 2224 1402 2272 ἄπορος,
1423 2224 1537 2261 ἐνίοτε
1561 2223 1706 2264 οὐδενὸς

114 2293 153 2328 ἐν
173 2290 280 2341 χρεία
298 2289 562 2338 καθεστηκέναι
590 2305 654 2337 μοι
680 2288 785 2326 δοκῶ·
815 2287 923 2336 ἡνίκα
947 2305 991 2339 γε
1010 2287 1054 2337 δὴ
1074 2289 1097 2338 ἡ
1118 2289 1280 2337 ἐρωμένη
1304 2304 1377 2337 μου
1396 2289 1614 2337 φιλοσοφία
1631 2291 1703 2326 τῶν

115 2357 212 2404 ε’μῶν
225 2358 368 2404 φρενῶν
383 2355 611 2404 κεκράτηκεν,
630 2354 816 2402 αὐτάρκως
835 2353 927 2401 αὐτὴ
946 2354 1173 2405 χορηγήσειν
1188 2353 1273 2403 ἐμοί
1287 2370 1327 2391 τε
1347 2354 1406 2392 καὶ
1419 2355 1497 2394 τοῖς
1511 2353 1705 2402 φιλτάτοις

115 2436 187 2470 μου
216 2420 593 2471 κατεπαγγειλαμένη.
650 2417 821 2457 Ἐπειδὰν
844 2417 874 2456 δ’
893 2418 938 2456 αὖ
965 2421 1060 2468 τρεῖς
1082 2419 1220 2468 ἡμέρας
1249 2416 1328 2456 καθ’
1346 2417 1393 2466 ἦν
1411 2418 1456 2456 ἂν
1474 2418 1593 2457 αἰτίαν
1610 2417 1705 2468 τύχῃ

115 2485 365 2534 ἀφημερεύσω
383 2502 423 2523 τε
447 2485 507 2522 καὶ
526 2485 762 2533 ἀποκοιτήσω
789 2484 933 2532 ταύτης,
953 2483 1037 2522 τότε
1056 2483 1100 2531 δὴ
1119 2484 1202 2522 τότε
1221 2482 1445 2533 αἰσθάνομαι
1464 2484 1529 2531 τῆς
1552 2498 1704 2532 ματαιο-
1720 2487 1786 2527 480

116 2550 247 2602 λογίας
265 2551 376 2598 αὐτῆς
395 2550 442 2599 (εἰ
462 2550 563 2599 θέμις
582 2549 708 2597 εἰπεῖν)
726 2549 1075 2598 ἐπιδαψιλευομένης
1093 2549 1215 2597 μάτην
1235 2549 1294 2585 καὶ
1314 2548 1626 2596 φιλοτιμουμένης
1646 2547 1705 2585 ἐπὶ

116 2616 164 2666 τῇ
180 2614 389 2664 πολυδωρία
407 2615 499 2663 πρὸς
516 2615 600 2654 τοὺς
619 2615 917 2665 ἐντυγχάνοντας.
974 2614 1100 2651 Ἀλλὰ
1126 2613 1201 2662 μὴν
1224 2613 1312 2652 ἴσως
1330 2614 1415 2662 ὑμῖν
1432 2615 1509 2652 τοῖς
1533 2629 1704 2662 μετεωρο·

160 2710 234 2740 457.
258 2699 339 2739 ἡμᾶς
356 2699 387 2730 0¹
399 2698 476 2734 N²l3
492 2711 500 2730 ε
523 2699 601 2734 ὑμᾶς
617 2699 716 2730 02N3.
813 2700 944 2738 459‚6o.
970 2710 1005 2729 τε
1021 2698 1073 2728 καὶ
1088 2697 1153 2728 τῶν
1167 2699 1235 2728 καθ’
1251 2697 1330 2737 ἡμᾶς
1346 2701 1417 2729 add.
1437 2700 1471 2732 β.
1569 2699 1643 2736 460.
1657 2700 1702 2732 B:

120 2745 212 2784 ἀπείῃ
232 2746 261 2774 C.
405 2745 478 2780 461.
504 2745 552 2774 H:
579 2740 760 2782 θειαςούσῃς
777 2744 837 2777 CB.
982 2744 1055 2780 464.
1081 2752 1138 2771 σου
1155 2745 1228 2772 add.
1244 2742 1277 2775 β.
1416 2742 1489 2780 466.
1513 2741 1617 2772 modo
1634 2766 1640 2772 .
1660 2766 1667 2773 .
1695 2765 1703 2773 .

120 2789 194 2826 467.
214 2787 395 2826 immigret
419 2789 492 2818 add.
517 2788 550 2820 β.
706 2786 782 2823 469.
818 2783 960 2824 κέχρησο
986 2787 1040 2815 H:
1077 2783 1215 2823 κέχρυσο
1245 2786 1283 2815 0:
1322 2784 1509 2824 κεχρύσωσο
1535 2787 1564 2814 F
1590 2787 1703 2822 Corriq.

118 2841 192 2870 470.
219 2832 269 2864 ΟΒ
284 2841 292 2860 :
317 2828 428 2869 χρονία
440 2832 481 2860 Η.
571 2838 644 2867 471.
668 2828 701 2859 0²
716 2839 723 2858 :
747 2828 955 2866 ὁποιαδὴποτε
970 2828 1021 2859 0²:
1046 2827 1274 2866 ὁποιανδήποτε
1286 2828 1320 2861 β.
1409 2837 1483 2867 472.
1507 2839 1542 2858 τε
1556 2827 1636 2867 νομῇ
1652 2827 1704 2858 καὶ

118 2874 282 2913 κτήσειβ;
307 2872 386 2913 νομῇ
404 2875 432 2904 G.
529 2882 602 2910 474.
625 2872 748 2910 quaeri
766 2870 821 2902 0²:
847 2872 948 2911 queri
965 2871 1006 2902 6¹.
1111 2881 1184 2910 479.
1200 2872 1223 2904 β
1239 2882 1246 2901 :
1268 2870 1353 2910 τύχη
1367 2873 1395 2902 C.
1501 2872 1575 2909 481.
1600 2870 1706 2911 μάτην

121 2921 158 2949 C:
183 2916 354 2951 κενολβίαν
369 2917 404 2950 Β.
537 2916 611 2954 482.
636 2915 816 2955 πολυδωρεᾷ
833 2917 862 2946 0.

616 3018 688 3056 446.
715 3015 842 3057 Fabro]
866 3016 918 3048 Cf.
937 3016 1000 3056 Ep.
1020 3024 1092 3055 445.
1111 3025 1152 3055 33
1168 3025 1204 3047 n.

853 3085 881 3110 ι)
902 3071 927 3110 d
948 3084 973 3110 2
