2010 3417
62 134 166 190 393]
558 136 628 175 ΤΟ
667 134 880 175 PRINCE
919 133 1181 174 CHARLES
1580 132 1659 170 207

63 249 213 298 ingens
232 245 458 296 imperium
480 246 698 295 occuparat
720 258 795 284 nec
818 246 921 284 citra
939 244 1186 294 sanguinem
1205 256 1279 282 nec
1298 243 1523 282 admodum
1544 242 1662 282 dura-

60 316 220 353 turum.
281 312 344 351 Tu
369 311 650 362 pulcherrimo
678 312 803 350 natus
828 310 1015 360 imperio,
1039 309 1185 348 maiori
1206 308 1448 356 destinatus,
1469 310 1516 347 vt
1536 320 1661 358 quam

66 379 132 417 illi
161 377 398 417 sudandum
426 379 512 416 erat
540 378 586 415 vt
615 376 842 423 inuaderet,
867 377 955 415 tam
979 375 1057 414 tibi
1082 375 1188 413 forte
1215 373 1490 413 laborandum
1515 373 1595 412 erit
1617 375 1665 413 vt
1682 383 1723 415 45

68 445 251 496 aliquam
274 443 443 481 ditionis
468 444 632 493 partem
657 441 767 480 vltro
795 442 916 480 cedas
940 440 1080 491 potius
1106 453 1231 490 quam
1254 452 1437 489 occupes.
1495 439 1666 489 Superis

63 509 194 549 debes
212 509 322 559 quod
341 508 609 546 incruentum
632 509 672 546 et
697 506 856 545 nullius
879 506 989 545 malo
1009 508 1199 555 emptum
1218 505 1395 555 contigit
1415 505 1664 555 imperium;

68 575 153 614 iam
181 576 279 613 tuae
306 573 532 623 sapientiae
564 574 703 622 partes
734 574 858 610 erunt
889 572 1155 610 incruentum
1181 571 1282 609 item
1312 584 1358 609 ac
1389 570 1667 621 tranquillum

71 640 192 679 tueri.
252 640 307 678 Et
331 639 395 677 est
420 651 466 676 ea
494 639 664 676 naturae
687 639 782 676 tuae
811 637 988 686 bonitas,
1017 649 1065 675 ea
1093 637 1247 675 mentis
1275 636 1502 686 integritas,
1528 649 1576 675 ea
1602 638 1668 676 vis

68 705 241 756 ingenii,
265 717 315 743 ea
332 703 410 742 sub
433 702 807 751 incorruptissimis
832 701 1164 752 praeceptoribus
1185 701 1268 740 fuit
1288 701 1500 740 institutio
1517 715 1527 748 ;
1557 700 1669 740 deni·
1689 711 1729 742 50

68 785 149 822 que
169 773 234 809 tot
251 769 435 819 vndique
455 770 497 807 te
515 769 722 807 maiorum
737 770 908 807 tuorum
928 768 1183 806 circunstant
1200 767 1400 816 exempla,
1414 769 1462 806 vt
1476 767 1672 806 omnibus

70 836 302 876 certissima
330 847 424 885 spes
452 834 508 872 sit
541 833 735 873 Carolum
768 833 990 884 aliquando
1019 834 1326 883 praestaturum
1362 832 1472 882 quod
1506 845 1530 871 a
1558 833 1672 882 patre

69 903 142 940 tuo
162 901 358 950 Philippo
374 900 534 938 dudum
549 898 791 949 expectabat
808 899 919 937 orbis
935 914 943 937 :
964 911 1096 949 neque
1111 897 1328 936 fefellisset
1342 897 1674 948 expectationem

68 966 291 1018 publicam,
312 966 359 1004 ni
378 978 490 1004 mors
504 964 628 1003 illum
646 966 742 1003 ante
762 964 875 1002 diem
893 963 1017 1003 terris
1035 963 1263 1013 eripuisset.
1305 963 1452 1013 Itaque
1474 975 1569 1001 cum
1588 974 1674 1000 non

73 1034 310 1084 ignorarem
329 1033 425 1070 tuae
444 1030 682 1069 celsitudini
697 1029 805 1069 nihil
825 1042 928 1079 opus
946 1042 1034 1068 esse
1053 1029 1299 1080 cuiusquam
1319 1028 1501 1076 monitis,
1515 1028 1671 1066 nedum
1694 1036 1732 1067 55

72 1099 191 1147 meis,
223 1099 363 1135 tamen
395 1096 535 1134 visum
563 1097 625 1134 est
654 1095 802 1145 optimi
834 1095 1035 1145 principis
1068 1095 1341 1134 simulacrum
1375 1095 1420 1133 in
1449 1105 1673 1133 commune

73 1175 312 1215 proponere,
334 1161 405 1200 sed
426 1163 498 1200 tuo
526 1161 603 1199 sub
629 1160 799 1200 nomine
813 1174 823 1208 ;
852 1162 899 1199 vt
928 1161 1001 1210 qui
1029 1160 1193 1211 magnis
1221 1160 1405 1211 imperiis
1434 1159 1671 1207 educantur,

73 1243 147 1281 per
179 1230 220 1267 te
251 1227 460 1266 rationem
492 1225 696 1276 accipiant
727 1225 1060 1275 administrandi,
1095 1225 1170 1264 abs
1201 1228 1244 1264 te
1282 1225 1551 1275 exemplum:
1594 1238 1675 1275 quo

73 1295 204 1335 simul
238 1296 278 1333 et
305 1292 391 1331 tuis
424 1292 620 1342 auspiciis
651 1292 752 1330 haec
784 1291 945 1331 vtilitas
977 1291 1028 1330 ad
1058 1304 1204 1330 omnes
1226 1292 1500 1342 permanaret,
1528 1291 1570 1328 et
1596 1302 1673 1328 nos

72 1363 159 1401 iam
196 1360 260 1400 tui
297 1359 364 1397 his
401 1371 473 1396 ceu
510 1357 710 1408 primitiis
746 1357 878 1396 animi
910 1357 955 1395 in
992 1359 1034 1395 te
1072 1357 1205 1396 nostri
1243 1356 1429 1396 studium
1465 1357 1676 1406 vtcunque
1694 1356 1737 1388 60

74 1427 406 1468 testificaremur.

130 1492 327 1533 Isocratis
365 1491 414 1529 de
452 1503 580 1540 regno
618 1489 949 1528 administrando
987 1490 1204 1539 praecepta
1244 1487 1472 1527 Latinitate
1509 1486 1675 1526 donaui-

75 1573 198 1607 mus3
237 1558 289 1597 ad
319 1556 437 1596 cuius
475 1554 799 1594 aemulationem
836 1553 1063 1593 adiecimus
1095 1556 1239 1593 nostra
1275 1553 1391 1592 velut
1428 1552 1679 1603 aphorismis

76 1625 274 1671 absoluta,
291 1635 373 1673 quo
392 1621 535 1661 minus
555 1623 664 1660 esset
678 1620 781 1660 tedii
795 1620 1042 1670 legentibus,
1058 1620 1130 1659 sed
1145 1621 1288 1658 tamen
1307 1619 1358 1658 ab
1372 1618 1489 1658 illius
1504 1617 1679 1657 decretis

76 1691 189 1730 haud
227 1701 373 1739 parum
412 1687 666 1726 dissidentia.
733 1686 947 1736 Siquidem
981 1685 1052 1724 ille
1087 1685 1272 1735 sophista
1309 1684 1502 1734 regulum
1539 1682 1678 1722 nescio
1697 1681 1738 1723 65

78 1769 203 1808 quem
232 1767 306 1793 seu
334 1756 564 1803 tyrannum
592 1752 731 1801 potius
760 1751 957 1800 instituit,
979 1751 1169 1790 ethnicus
1197 1750 1444 1797 ethnicum3
1473 1762 1546 1798 ego
1566 1748 1678 1786 theo·

81 1819 203 1870 logus
239 1816 447 1866 inclytum
485 1817 527 1853 et
563 1813 881 1863 integerrimum
919 1813 1159 1863 principem,
1195 1812 1246 1851 ad
1281 1812 1380 1850 haec
1415 1811 1682 1850 Christianus

78 1885 378 1926 Christianum.
454 1881 564 1930 Quae
601 1880 638 1919 si
674 1879 782 1918 mihi
818 1879 1100 1918 scriberentur
1143 1878 1193 1917 ad
1229 1877 1501 1927 prouectioris
1536 1877 1682 1916 aetatis

83 1949 324 2002 principem,
357 1948 543 1998 poteram
580 1946 753 1984 fortasse
790 1945 1009 1983 nonnullis
1041 1945 1087 1982 in
1124 1943 1404 1994 suspicionem
1436 1942 1580 1981 venire
1614 1942 1684 1982 vel

81 2013 334 2057 adulationis
352 2013 420 2052 vel
437 2011 708 2062 procacitatis.
768 2010 892 2049 Nunc
907 2023 1002 2049 cum
1018 2009 1086 2048 hic
1105 2008 1273 2048 libellus
1292 2008 1455 2047 dicatus
1474 2008 1531 2047 sit
1546 2007 1595 2057 ei,
1611 2007 1683 2058 qui
1704 2020 1744 2052 70

80 2080 248 2121 tametsi
267 2091 477 2119 summam
498 2077 548 2116 de
568 2090 611 2115 se
630 2089 748 2127 spem
767 2077 970 2126 praebeat,
990 2077 1133 2114 tamen
1147 2076 1195 2113 vt
1208 2073 1435 2113 admodum
1450 2071 1685 2112 adolescens

81 2151 125 2188 et
152 2159 285 2198 nuper
312 2145 589 2194 inauguratus
615 2142 790 2193 imperio
818 2155 871 2180 ne
900 2141 1084 2192 potuerit
1108 2141 1278 2191 quidem
1303 2139 1530 2179 admodum
1549 2139 1684 2178 multa

84 2225 234 2265 gerere,
258 2224 361 2262 quae
381 2210 517 2249 solent
541 2210 586 2248 in
608 2208 701 2248 aliis
724 2207 981 2259 principibus
1003 2209 1074 2246 aut
1099 2206 1260 2245 laudari
1282 2207 1355 2244 aut
1384 2205 1683 2256 repraehendi;

84 2278 192 2318 liber
209 2276 414 2315 nimirum
431 2277 605 2326 vtraque
624 2273 870 2325 suspicione,
893 2286 980 2311 non
998 2285 1170 2323 possum
1187 2271 1303 2310 aliud
1324 2271 1532 2322 quaesisse
1552 2270 1685 2309 videri

86 2356 211 2394 quam
233 2341 443 2392 publicam
460 2340 716 2380 vtilitatem:
747 2352 871 2390 quam
890 2340 938 2377 vt
957 2337 1136 2388 regibus,
1155 2337 1213 2376 ita
1237 2338 1277 2376 et
1303 2349 1449 2387 regum
1475 2335 1619 2375 amicis
1638 2349 1684 2375 ac
1707 2346 1744 2379 75

86 2407 258 2447 famulis
287 2408 446 2456 oportet
470 2406 641 2445 vnicum
670 2418 759 2444 esse
787 2417 969 2454 scopum.
1032 2403 1153 2442 Inter
1175 2403 1397 2441 innumera
1416 2402 1562 2440 decora
1582 2413 1686 2451 quae

85 2473 166 2512 tibi
185 2472 271 2510 Deo
286 2471 470 2522 praeside
485 2472 557 2509 tua
575 2470 737 2520 parabit
756 2469 903 2518 virtus,
921 2469 1000 2508 erit
1013 2470 1055 2507 et
1069 2469 1170 2507 haec
1184 2467 1389 2506 nonnulla
1402 2480 1496 2516 pars
1515 2466 1687 2504 laudum

87 2537 268 2582 tuarum,
295 2533 425 2572 talem
446 2533 574 2571 fuisse
601 2532 808 2579 Carolum,
836 2533 884 2570 vt
914 2544 1000 2570 non
1030 2530 1189 2570 veritus
1219 2531 1274 2568 sit
1309 2528 1459 2579 aliquis
1491 2527 1556 2566 illi
1586 2527 1687 2566 citra

86 2600 216 2639 vllam
230 2598 553 2637 assentationem
572 2597 723 2647 integri
741 2596 911 2646 verique
926 2595 1155 2636 Christiani
1169 2594 1368 2644 principis
1381 2593 1684 2632 simulachrum

697 2725 752 2754 49.
775 2716 820 2746 Et
835 2717 889 2746 est
905 2726 944 2747 a:
970 2715 1032 2746 Est
1049 2716 1077 2745 δ.

134 2841 186 2871 53.
213 2828 400 2870 Philippo]
426 2828 479 2859 cf.
499 2827 562 2868 Ep.
582 2837 656 2867 205.
967 2826 1018 2864 63.
1046 2823 1277 2865 aphorismis]
1302 2822 1354 2855 Cf.
1375 2823 1438 2863 Ep.
1455 2832 1528 2862 523.

137 2877 190 2906 60.
215 2873 288 2914 tui]
326 2871 522 2910 Evidently
549 2881 569 2902 a
600 2870 780 2902 reference
812 2870 849 2901 to
969 2879 1019 2908 72.
1047 2865 1296 2908 inauguratus]
1332 2865 1482 2898 Charles
1517 2875 1590 2898 was
1630 2867 1686 2897 in-

93 2918 271 2951 Erasmus’
289 2916 538 2957 appointment
555 2924 592 2946 as
608 2914 814 2946 councillor.
923 2912 1045 2943 vested
1076 2911 1168 2942 with
1197 2911 1260 2942 the
1291 2911 1525 2950 government
1560 2910 1599 2941 of
1624 2910 1687 2941 the

135 2965 188 2994 62.
212 2959 397 3001 Isocratis]
415 2958 566 2991 Printed
578 2958 671 2990 with
683 2958 746 2989 the
756 2959 855 2989 Insti-
923 2955 1165 2987 Netherlands
1191 2964 1236 2985 on
1261 2963 1280 2993 5
1306 2954 1389 2987 Jan.
1417 2962 1522 2993 1515:
1556 2953 1688 2985 Henne

94 3009 186 3038 tutio.
923 3000 960 3030 ii.
980 3000 1035 3038 87.
