2010 3417
114 164 213 220 493]
530 167 684 207 rRoM
726 167 994 206 WILLIAM
1032 167 1304 207 BUDAEUS
1630 167 1709 204 395

112 277 316 327 πρέποντος
352 276 394 315 id
432 277 575 316 fecisse
608 277 762 316 videor.
835 277 936 326 Quis
971 278 1083 316 enim
1118 278 1340 327 proborum
1373 279 1414 315 et
1447 277 1709 316 laudatorum

113 342 363 392 scriptorum
411 355 495 381 non
545 343 717 392 grandia
768 344 810 381 et
857 342 1111 393 dignationis
1164 342 1515 392 indignationisue
1563 343 1711 392 ploena
1734 356 1791 387 155

113 407 349 446 sublimiter
367 409 409 447 et
427 408 642 458 splendide
661 408 795 447 dicere
824 410 997 447 conatus
1022 410 1083 446 est
1097 409 1118 446 Ῥ
1147 409 1229 446 nisi
1255 408 1290 446 si
1310 408 1402 458 quis
1422 407 1712 447 excandescere

112 475 153 511 et
173 473 364 523 quiritari
383 486 467 513 non
487 473 635 525 grandi
654 487 753 512 voce
773 476 908 524 potest
927 476 968 513 et
988 474 1184 512 omnibus
1204 487 1289 512 non
1309 475 1448 513 surdis
1468 474 1706 513 exaudibili.

114 538 220 577 Cum
239 539 312 577 tua
331 538 420 588 lego
440 541 477 577 ἐν
495 541 571 579 τοῖς
590 540 790 589 Σειληνοῖς,
808 542 846 577 ἐν
864 542 913 590 τῷ
934 539 1078 579 Γλυκὺς
1097 539 1232 590 ἀπείρῳ
1251 539 1427 588 πόλεμος,
1450 552 1574 590 quem
1590 538 1710 578 nobis

112 604 355 642 arrabonem
383 604 645 653 Antipolemi
672 604 735 642 tui
764 604 924 652 dedisti,
947 603 1059 642 idem
1088 604 1388 654 propemodum
1416 605 1712 655 argumentum

111 668 226 708 vario
246 681 322 708 nos
341 681 488 719 genere
507 670 704 708 tractasse
728 668 933 708 existimo.
995 669 1085 718 Ego
1111 671 1157 706 τὰ
1187 670 1375 721 ἱεραρχικὰ
1397 672 1473 710 τοῖς
1495 671 1711 719 πολεμικοῖς
1734 673 1794 704 160

114 734 372 786 συγκεχυμένα
401 735 461 772 καὶ
486 735 553 784 τὴν
579 735 688 773 ὁσίαν
714 737 787 773 τῶν
813 734 1013 784 ἀνθρώπων
1040 735 1145 780 τάξιν
1170 735 1492 786 μεταχειρίζεσθαι
1519 736 1565 773 τὰ
1594 738 1644 776 εἷς
1668 736 1710 773 τὸ

113 801 286 837 πλουτεῖν
298 800 478 849 ἀνήκοντα
494 800 731 852 ἐδυσχέρανα,
748 800 830 838 δέον
846 800 977 841 αὐτοὺς
993 799 1171 849 κήδεσθαι
1185 803 1258 838 τῶν
1274 800 1329 837 ἐπ’
1344 801 1498 849 οὐρανὸν
1513 801 1710 850 φερόντων.

113 863 163 902 Id
195 867 489 915 argumentum
520 879 542 905 a
572 868 613 905 te
642 865 844 916 accepisse
877 865 1058 914 videbor,
1090 865 1125 904 si
1155 865 1249 914 quis
1278 867 1487 916 vtrunque
1517 867 1710 904 nostrum

112 929 271 980 legerit,
307 943 403 969 cum
439 932 583 970 eadem
617 931 667 969 de
699 945 743 970 re
776 931 918 970 eadem
956 944 1082 981 prope
1117 931 1265 969 dicam.
1335 931 1414 969 Sed
1448 933 1496 970 tu
1530 932 1711 980 εὐλαβῶς,

113 996 346 1045 ὃμιλητικῶς,
376 998 535 1045 ἀφελῶς,
565 996 831 1049 δημαγωγικῶς
864 997 923 1034 καὶ
957 999 1007 1037 εἷς
1039 997 1223 1034 τούπίπαν
1257 995 1550 1045 καθεστηκότως,
1581 998 1712 1046 ἅρμοτ-
1736 1001 1793 1041 165

112 1061 246 1102 τόντως
274 1061 455 1111 δήπουθεν
486 1066 536 1115 τῷ
566 1062 768 1115 θεολογικῷ
792 1062 970 1114 σχήματι,
1000 1061 1090 1111 ὅπερ
1115 1061 1164 1099 σὺ
1198 1063 1327 1111 ἀρτίως
1358 1059 1601 1113 ἐπανῄρησαι·
1641 1063 1712 1113 ἐγὼ

113 1126 153 1165 δὲ
181 1127 348 1176 ἀφειδῶς,
381 1127 502 1173 ἀδεῶς,
531 1127 851 1172 ἐνθουσιαστικῶς,
879 1131 1058 1172 νεανικῶς,
1089 1127 1344 1172 ἐπιδεικτικῶς,
1370 1127 1711 1179 ἐσχηματισμένως,

114 1191 188 1230 εἴθε
207 1191 238 1230 δ’
259 1195 324 1231 οὐκ
344 1194 605 1243 ἀπειροκάλως.
665 1196 789 1232 Ταῦτα
807 1195 880 1245 γὰρ
907 1193 1008 1243 οἶμαι
1028 1195 1093 1231 οὐκ
1117 1195 1327 1244 ἀσχημονεῖ
1345 1193 1405 1231 ε’πὶ
1423 1196 1489 1231 τοῦ
1509 1192 1713 1243 ἐλευθεριά-

114 1274 248 1298 σαντος
285 1259 402 1310 λόγου
441 1258 501 1296 καὶ
534 1259 594 1296 ε’πὶ
626 1259 676 1310 τῇ
706 1259 897 1310 παρρησίᾳ
931 1259 1292 1308 φιλοτιμησαμένου,
1326 1257 1372 1307 ἢν
1405 1259 1453 1296 σὺ
1487 1259 1533 1299 ὡς
1567 1259 1714 1308 ἀληθῶς

113 1323 326 1375 Φραγκικὴν
363 1324 564 1373 ὠνόμακας.
620 1323 801 1362 Proinde
835 1338 910 1362 nec
944 1324 1074 1374 tropis
1108 1337 1183 1363 nec
1216 1323 1405 1362 numeris
1441 1337 1515 1362 nec
1552 1323 1713 1374 reliquo
1737 1335 1796 1368 170

113 1390 311 1438 apparatu
331 1388 548 1439 epidictico
568 1402 686 1439 parce
704 1402 803 1428 vsus
823 1402 918 1428 sum
935 1403 944 1427 :
975 1402 1050 1427 nec
1069 1389 1424 1437 translationibus,
1441 1389 1494 1428 iis
1515 1389 1714 1428 duntaxat

114 1465 219 1502 quae
246 1467 289 1492 se
315 1453 503 1503 benigne,
527 1467 613 1492 non
638 1467 741 1504 quae
765 1456 933 1504 grauate
961 1454 1215 1493 obtulerunt.
1277 1454 1385 1492 Nam
1405 1467 1473 1493 eas
1491 1455 1716 1505 procaciter

114 1531 181 1557 me
214 1519 429 1558 accersisse
461 1520 534 1558 aut
568 1532 800 1569 corrogasse
832 1519 1097 1570 impudenter
1134 1519 1377 1570 improbeue
1414 1522 1461 1558 tu
1498 1533 1596 1559 sane
1628 1534 1714 1559 non

114 1585 350 1633 contendes,
384 1585 456 1635 qui
488 1585 601 1624 noris
634 1598 702 1623 me
741 1585 1024 1624 instrumento
1064 1587 1105 1624 et
1137 1587 1386 1624 ornamento
1420 1598 1504 1624 non
1538 1586 1716 1625 libenter

114 1650 176 1688 vti
195 1650 447 1689 translatitio
467 1653 508 1689 et
527 1651 724 1701 protrito:
755 1664 830 1689 nec
849 1664 1010 1689 morose
1030 1650 1109 1689 tibi
1128 1650 1382 1689 videbuntur
1405 1651 1592 1689 affectata
1613 1663 1714 1699 quae
1739 1660 1795 1691 175

116 1715 326 1754 ducuntur
357 1728 381 1753 a
410 1728 492 1763 me,
521 1729 607 1754 non
638 1716 864 1755 trahuntur
893 1718 964 1754 aut
995 1717 1210 1765 vexantur,
1244 1715 1326 1754 nisi
1356 1729 1424 1754 me
1455 1715 1577 1766 longe
1607 1714 1714 1753 fallit

116 1780 279 1830 opinio;
309 1780 352 1818 id
371 1781 480 1831 quod
500 1781 645 1819 testari
667 1782 805 1831 potest
832 1783 953 1820 tenor
978 1781 1218 1828 inoffensus,
1241 1782 1286 1818 vt
1307 1781 1464 1830 opinor,
1487 1782 1528 1819 et
1545 1780 1713 1819 tractim

114 1845 350 1897 aequabilis.
411 1847 473 1885 Tu
495 1845 655 1896 legibus
674 1846 882 1885 astrictior
896 1846 1107 1885 Mineruae
1126 1848 1220 1885 tuae
1238 1846 1442 1884 inseruire
1460 1848 1500 1884 te
1521 1845 1710 1893 causaris,

115 1924 242 1962 quam
255 1925 351 1951 vere
366 1911 609 1962 popularem
624 1924 713 1950 esse
728 1913 770 1950 et
786 1925 957 1950 coronae
976 1911 1202 1950 iucundam
1216 1913 1263 1950 tu
1283 1913 1392 1950 recte
1407 1911 1714 1962 interpretaris:

116 1991 190 2028 ego
210 1977 324 2015 enim
344 1990 391 2016 eo
410 1976 589 2027 amplius
613 1979 655 2016 et
683 1978 934 2016 senatoriam
959 1990 1046 2016 esse
1066 1976 1243 2016 dixerim
1264 1990 1356 2016 eam
1376 1979 1418 2015 et
1441 1976 1710 2025 consularem,
1736 1980 1798 2009 150

115 2043 319 2094 siquidem
356 2044 443 2081 tam
477 2042 732 2092 populariter
764 2043 873 2092 apud
908 2055 1055 2081 omnes
1088 2041 1254 2081 ordines
1287 2042 1421 2092 excipi
1454 2042 1605 2093 scripta
1642 2043 1715 2080 tua

113 2108 248 2157 video,
281 2110 328 2147 vt
357 2108 436 2146 tibi
465 2108 549 2146 iam
580 2108 806 2146 inuideam.
863 2108 942 2147 Sed
975 2108 1076 2158 quid
1110 2107 1323 2146 facerem?
1379 2108 1523 2159 Operis
1556 2108 1715 2147 blandi-

115 2173 273 2212 mentis
301 2175 457 2222 captus,
479 2175 526 2211 vt
554 2172 681 2212 semel
709 2173 894 2223 expassis
920 2172 1027 2212 velis
1055 2172 1250 2222 abreptus
1275 2186 1370 2213 sum
1398 2173 1444 2212 in
1472 2174 1617 2223 altum,
1640 2187 1713 2212 nec

117 2238 310 2289 colligere
329 2238 420 2277 vela
438 2252 513 2277 nec
532 2240 672 2277 tenere
692 2239 867 2278 modum
885 2239 1061 2277 fortasse
1079 2238 1326 2278 velificando
1345 2239 1523 2278 memini
1540 2254 1549 2288 3
1578 2239 1716 2279 ventis

118 2317 184 2342 me
203 2304 399 2354 permitto
419 2305 460 2342 et
480 2317 561 2354 quo
580 2304 678 2343 tulit
705 2317 866 2354 cunque
892 2304 1164 2354 ἐνθουσιασμὸς
1182 2305 1357 2354 auferor,
1380 2317 1506 2354 quem
1525 2304 1714 2342 inhibere
1738 2306 1796 2344 185

117 2369 436 2408 incalescentem
472 2383 656 2420 nequeo:
703 2370 874 2409 interim
912 2370 1039 2409 etiam
1077 2370 1253 2408 fortasse
1297 2371 1563 2408 transuersus
1604 2382 1710 2419 agor,

119 2433 251 2473 sicubi
268 2434 557 2473 vehementius
575 2434 759 2473 efferbui.

173 2498 291 2548 Quod
302 2500 443 2538 tamen
457 2500 597 2550 ipsum
611 2500 754 2539 iudicii
766 2501 830 2539 tui
846 2513 933 2539 esse
947 2499 1052 2547 volo,
1070 2500 1109 2538 id
1123 2499 1293 2538 demum
1307 2498 1547 2537 meminisse
1557 2497 1712 2545 videor,

118 2567 163 2602 vt
177 2576 321 2602 cursus
331 2565 520 2603 tenorem
532 2565 712 2604 eundem
725 2579 888 2616 semper
901 2578 1075 2613 seruem,
1090 2566 1138 2604 vt
1150 2563 1279 2603 semel
1291 2564 1375 2613 cepi
1389 2564 1604 2614 impetum,
1616 2575 1715 2601 aura

165 2680 236 2710 157.
261 2671 297 2700 et
312 2670 480 2700 omnibus
498 2693 506 2702 .
524 2693 532 2701 .
551 2694 559 2702 .
578 2670 776 2701 exaudibili
792 2674 866 2702 add.
884 2673 918 2705 β.
1095 2671 1166 2700 160.
1194 2679 1259 2700 nos
1273 2679 1401 2709 genere
1420 2672 1462 2700 C:
1483 2678 1611 2709 genere
1627 2669 1661 2699 te
1676 2670 1711 2699 et

119 2725 177 2746 me
192 2715 226 2749 β.
362 2714 434 2744 162.
460 2711 658 2754 ἔδυσχέρᾳνα
673 2714 708 2747 β.
843 2716 914 2753 164.
941 2715 1059 2746 dicam
1078 2716 1100 2744 C
1111 2725 1118 2744 :
1139 2713 1302 2744 dicamus
1317 2714 1351 2746 β.
1501 2712 1573 2743 166.
1598 2711 1712 2749 ἐπανή-

117 2768 211 2799 ρησαι
236 2756 313 2791 0¹3:
349 2755 529 2796 ἑπανήρησε
555 2756 610 2787 0²:
644 2754 822 2797 ἑπανῄρησε
845 2760 883 2790 F.
1087 2757 1158 2795 169.
1183 2755 1297 2795 λόγου,
1312 2755 1364 2786 καὶ
1387 2757 1432 2789 βε
1465 2754 1580 2794 ,λόγου
1600 2753 1662 2795 γὰρ
1680 2757 1710 2786 C.

123 2811 195 2841 173.
220 2803 262 2832 tu
278 2824 286 2832 .
306 2823 314 2832 .
334 2823 342 2831 .
363 2809 434 2839 174.
453 2799 646 2832 contendes
663 2802 699 2831 G:
725 2802 804 2832 tute
821 2824 829 2833 .
849 2825 856 2833 .
874 2825 882 2833 .
902 2800 1130 2833 contenderis
1145 2800 1179 2834 β.
1384 2809 1455 2838 177.
1481 2798 1518 2830 id
1535 2798 1630 2837 quod.
1647 2822 1654 2830 .
1675 2821 1683 2830 .
1705 2827 1710 2832 .

125 2846 196 2885 178.
222 2843 421 2884 aequabilis
436 2845 510 2874 add.
528 2844 563 2878 β.
699 2844 770 2875 180.
797 2854 859 2885 ego
877 2847 899 2876 C
910 2856 917 2876 z
941 2845 1015 2884 ipse
1031 2845 1065 2878 β.
1159 2852 1238 2874 eam
1255 2845 1329 2874 add.
1346 2843 1380 2877 β.
1510 2842 1580 2881 185.
1606 2851 1712 2882 quem

126 2913 132 2919 .
153 2913 158 2920 .
179 2912 186 2920 .
206 2889 277 2919 186.
294 2896 432 2926 nequeo
448 2888 522 2919 add.
541 2888 574 2921 β.
744 2888 816 2927 189.
839 2891 891 2919 F:
914 2887 1076 2919 eundum
1094 2889 1124 2918 C.

169 2979 240 3019 158.
265 2977 442 3018 Σειληνοῖς]
465 2980 568 3015 Atlaq.
585 2987 679 3008 2201.
999 2987 1068 3016 159.
1093 2976 1334 3017 Antipolemi]
1361 2976 1411 3007 Cf.
1428 2985 1451 3007 1.
1470 2987 1502 3017 p.
1522 2986 1574 3015 37.
1594 2985 1689 3015 7—14.

207 3021 343 3063 Γλυκὺς]
368 3023 471 3059 Αιῐαᾳ.
488 3030 585 3060 3001.
998 3022 1068 3052 166.
1095 3018 1308 3062 ἐπανῇρησαι]
1332 3019 1385 3052 Of.
1403 3020 1465 3060 Ep.
1482 3021 1556 3059 436.
1575 3029 1594 3060 5
1611 3030 1647 3051 n.
1696 3043 1697 3046 η
