2010 3417
284 125 362 164 180

745 119 994 160 LETTERS
1033 118 1102 157 OF
1142 118 1405 157 ERASMUS

1747 115 1873 170 [1516

280 234 381 272 silea
400 230 574 277 directis,
603 228 833 279 plurimum
852 227 1020 277 gauisus
1039 239 1133 264 sum
1151 240 1160 274 ;
1190 239 1236 264 eo
1257 225 1439 264 maxime
1459 225 1566 275 quod
1587 238 1748 275 sperem
1771 227 1811 264 te
1832 226 1875 263 in

280 298 414 337 reditu
431 295 583 335 Leodio
598 295 805 333 facturum
825 293 928 331 iter:
953 291 1061 342 quod
1073 292 1114 329 te
1127 290 1274 329 obnixe
1291 303 1372 338 oro,
1389 292 1430 328 et
1449 303 1547 340 rogo
1567 292 1613 329 vt
1634 290 1684 328 ad
1706 290 1876 328 domum

279 374 416 401 meam
444 362 485 399 te
513 360 709 398 diuertas.

765 358 893 407 Spero
916 356 1012 395 vrbs
1034 356 1133 405 ipsa,
1159 368 1282 405 quam
1302 354 1510 404 prioribus
1533 355 1619 393 tuis
1639 354 1792 393 litteris
1811 367 1881 404 pa·

280 440 374 465 rum
391 426 471 464 tibi
485 424 686 476 placuisse
705 423 859 470 scribis,
882 421 1110 461 amicorum
1130 421 1257 460 ductu
1286 433 1331 459 ac
1368 419 1598 470 praesentia
1625 419 1876 469 Hieronymi

225 503 262 526 10
280 490 489 539 Aleandri‚
513 489 583 540 qui
609 489 718 538 apud
745 501 821 527 nos
849 487 934 538 agit
963 486 1138 536 insignis
1157 488 1199 524 et
1219 485 1414 535 primarie
1432 485 1614 524 Ecclesie
1641 484 1881 525 Leodiensis

280 556 519 603 Ganonicus,
561 554 840 594 Cancellarius
878 552 1077 591 antistitis
1114 551 1352 591 Leodiensis
1384 553 1424 590 et
1463 550 1729 601 Praepositus
1768 550 1876 600 apud

280 622 427 660 diuum
455 621 642 669 Petrum,
665 619 870 669 quantum
898 618 978 657 alia
1007 618 1184 668 quaeuis,
1207 616 1395 667 placebit.

574 686 636 724 Ex
656 685 810 724 Leodio
834 697 855 730 4
879 683 981 722 Idus
1001 683 1167 722 Ianuar.

281 687 513 738 singularis.

645 864 781 917 382335

329 966 515 1002 Deventer
531 964 608 1000 Ms.
627 974 683 1009 91,
704 963 729 998 f.
750 972 826 1008 175.

329 1025 401 1060 LB.
420 1025 516 1069 App.
534 1023 591 1067 46.

1473 617 1586 655 Bene
1614 617 1716 663 vale,
1748 616 1881 655 amice

841 860 974 902 FROM
1005 859 1154 900 JAMES
1189 857 1505 900 WIMPFELING.

1520 959 1777 995 Schlettstadt.

1478 1026 1517 1063 15
1538 1017 1705 1063 January
1725 1018 1827 1064 1516.

316 1097 440 1159 ⁷[15i6‚
457 1116 603 1146 because
619 1111 912 1152 Oecolampadius
928 1112 959 1142 is
975 1112 1011 1142 at
1027 1110 1131 1141 Basle
1148 1109 1228 1150 (Ep.
1243 1109 1315 1148 358.
1332 1118 1351 1148 5
1365 1109 1417 1150 n.)
1435 1109 1508 1141 and
1524 1110 1670 1141 because
1685 1110 1826 1142 Jerome
1844 1111 1876 1140 is

282 1163 345 1192 not
361 1159 517 1191 finished
536 1159 614 1200 (Ep.
633 1155 740 1197 396).]

531 1255 722 1286 IACOBVS
753 1252 1143 1283 WIMPHELINGHVS
1174 1252 1353 1282 DOMINO
1385 1251 1563 1282 ERASMO
1595 1252 1628 1282 S.

336 1339 494 1378 V1v1NE
513 1337 645 1376 adhuc
665 1349 717 1374 an
737 1335 824 1373 vita
844 1334 978 1372 functi
999 1335 1108 1382 sunt,
1132 1335 1204 1372 aut
1223 1333 1331 1371 inter
1349 1333 1563 1372 marciales
1583 1334 1624 1372 et
1643 1333 1798 1372 feroces
1817 1332 1877 1371 in·

260 1424 262 1426 ·
282 1403 591 1443 humanitatem
605 1401 813 1451 quandam
833 1400 1126 1437 contraxerunt
1147 1398 1338 1436 dominus
1353 1398 1552 1436 Erasmus
1564 1398 1872 1445 Roterodamus,

283 1470 342 1510 Io.
367 1467 681 1518 Icolampadius,
715 1466 868 1504 Beatus
896 1464 1154 1503 Rhenanus?
1215 1465 1261 1502 vt
1292 1465 1407 1502 tanto
1436 1465 1620 1513 tempore
1640 1462 1748 1501 nihil
1775 1463 1876 1502 ami-

282 1534 459 1574 cissimis
487 1532 676 1579 scribant,
699 1530 954 1577 renuncient,
979 1529 1212 1579 significent
1239 1529 1288 1568 de
1314 1530 1435 1577 statu,
1464 1529 1513 1567 de
1545 1528 1792 1576 valetudine,
1825 1529 1876 1567 de

246 1617 264 1649 5
285 1600 430 1648 reditu,
453 1598 502 1637 de
522 1599 605 1636 fine
632 1609 801 1647 operum
827 1594 1212 1644 Hieronymiorum.
1259 1594 1345 1644 Ego
1366 1607 1463 1632 sane
1481 1593 1667 1633 vlcerum
1686 1593 1875 1644 plenissi-

284 1679 379 1705 mus
404 1664 626 1715 podagram
648 1661 800 1709 incidi;
829 1674 931 1710 quae
961 1660 996 1698 si
1029 1673 1112 1698 non
1140 1662 1311 1698 errasset
1332 1660 1566 1709 (pauperem
1584 1659 1699 1697 enim
1719 1658 1870 1706 obruit,

262 1745 387 1781 quae
421 1728 591 1768 morbus
625 1727 803 1766 diuitum
835 1739 921 1764 esse
950 1725 1106 1774 fertur),
1130 1724 1374 1774 iampridem
1402 1738 1470 1763 me
1497 1724 1659 1763 Basilea
1687 1724 1870 1763 vidisset.

284 1796 442 1835 Mulam
461 1793 573 1833 enim
602 1804 696 1831 cum
716 1790 871 1830 famulo
892 1791 1007 1829 misit
1027 1790 1078 1828 ad
1098 1803 1165 1828 me
1192 1790 1363 1829 Praesul
1382 1789 1632 1829 Basiliensis.
1675 1789 1753 1828 Sed
1773 1790 1877 1840 proh

285 1862 400 1900 dolor
417 1862 426 1900 !
447 1873 579 1910 neque
595 1857 776 1907 equitare
797 1869 872 1894 nec
889 1855 1059 1894 domum
1071 1855 1206 1905 egredi
1218 1867 1399 1905 possum,
1417 1854 1544 1893 tantis
1564 1854 1774 1893 doloribus
1790 1854 1877 1894 dies

230 1943 268 1965 10
285 1928 408 1976 atque
427 1926 567 1964 noctes
586 1923 751 1962 afficior.

339 1991 393 2029 In
411 1985 635 2038 Gathalogo
655 1986 1071 2036 Archiepiscoporum
1091 1985 1446 2036 Maguntinorum‚
1466 1998 1589 2035 quem
1609 1984 1778 2023 interim
1799 1984 1878 2024 col-

285 2057 378 2106 legi,
404 2057 451 2095 D.
476 2054 637 2093 Erasmi
657 2054 728 2092 Ro.
750 2051 1089 2091 honestissimam
1115 2051 1194 2090 feci
1222 2051 1490 2090 mentionem.
1552 2050 1875 2100 Icolampadium

286 2135 402 2171 spero
427 2119 509 2159 huc
535 2119 585 2158 ad
612 2117 802 2157 Sletstad.
834 2117 1077 2164 rediturum,
1107 2118 1153 2155 vt
1179 2129 1319 2155 secum
1345 2115 1521 2155 adducat
1548 2128 1650 2165 quae
1669 2115 1732 2153 illi
1750 2115 1876 2154 tradi-

286 2189 406 2225 turus
448 2198 542 2224 sum
579 2184 628 2222 ad
667 2182 927 2231 max<imos>
968 2181 1121 2220 amicos
1161 2194 1275 2220 meos
1311 2180 1751 2231 Heydelb<ergenses>
1792 2193 1878 2230 per·

504 2293 578 2324 381.
609 2302 657 2323 10.
683 2293 755 2323 LB:
779 2291 914 2331 samarie
930 2293 998 2321 MS.

331 2405 405 2436 382.
434 2413 460 2435 1.
486 2401 687 2443 marciales]
712 2401 780 2433 For
807 2401 871 2432 the
897 2401 1051 2432 renewal

288 2449 327 2480 of
345 2448 409 2479 the
425 2457 500 2478 war
514 2446 607 2478 with
630 2445 763 2477 Franco
787 2444 831 2476 cf.
851 2445 994 2475 Brewer
1010 2445 1048 2476 ii.

291 2500 383 2532 1352.

330 2545 384 2566 111.
425 2532 632 2574 Cathalogo]
678 2531 725 2565 In
771 2532 853 2570 MS„
891 2531 1050 2571 possibly

289 2577 497 2618 &integi-aph,
549 2578 587 2608 at
642 2576 703 2608 the
763 2574 1048 2615 Hofbibliothek,

288 2621 595 2660 Aschaffenburg;
629 2621 666 2651 to
704 2619 767 2651 the
804 2619 978 2650 kindness
1016 2618 1054 2649 of

290 2666 353 2697 Dr.
378 2665 486 2703 Hart,
510 2664 573 2696 the
604 2663 803 2703 Librarian,
833 2662 852 2694 I
883 2672 956 2693 owe
987 2662 1050 2693 the

290 2708 474 2748 following
512 2707 757 2739 information.
818 2706 987 2738 Erasmus
1020 2705 1050 2737 is

291 2751 476 2783 described
522 2750 562 2791 (f.
608 2751 665 2790 27)
710 2759 748 2781 as
801 2749 1050 2780 ‘doctissimus

292 2795 454 2826 omnium
471 2803 560 2834 quos
571 2803 729 2832 vnquam
740 2793 818 2825 vidi
833 2794 895 2824 aut
907 2793 1052 2824 visurus

292 2837 414 2876 sum';
437 2838 509 2869 and
531 2837 590 2869 his
609 2839 731 2868 Bellum
754 2837 873 2878 (Adaq.
897 2836 998 2877 3001)
1021 2837 1052 2867 is

292 2880 450 2911 referred
480 2883 516 2911 to
542 2880 642 2911 there
669 2880 741 2911 and
773 2889 818 2910 on
849 2880 872 2911 f.
901 2880 951 2918 36.
998 2879 1052 2910 On

292 2923 316 2953 f.
341 2932 379 2961 14
401 2923 640 2964 Wimpfeling
663 2933 764 2963 says:
791 2923 848 2954 ‘Si
871 2924 1053 2962 episcopus

292 2968 415 2998 omnia
427 2976 489 2997 sua
506 2976 654 2998 munera
670 2976 734 3007 per
747 2965 835 2998 alios
850 2966 928 2997 fieri
944 2967 1050 3006 sinat,

1135 2299 1182 2320 11.
1206 2290 1368 2330 ppositus
1383 2291 1452 2320 MS.
1469 2300 1477 2320 :
1500 2299 1575 2320 corr.
1593 2290 1654 2320 LB.

1119 2401 1193 2440 ipse
1212 2401 1286 2431 ocio
1303 2401 1364 2431 aut
1380 2399 1556 2440 voluptati
1578 2399 1734 2440 deditus,
1751 2400 1877 2432 timeat

1119 2453 1163 2475 ne
1180 2444 1254 2475 suis
1268 2443 1411 2474 vicariis
1427 2443 1471 2474 ad
1495 2453 1640 2483 superos
1660 2443 1879 2475 intromissis

1119 2487 1193 2527 ipse
1213 2487 1301 2518 foris
1321 2486 1449 2518 defleat
1471 2489 1507 2518 et
1530 2487 1700 2519 dentibus
1715 2487 1875 2525 strideat,

1118 2533 1154 2562 et
1178 2541 1234 2569 ne,
1252 2531 1283 2561 si
1306 2531 1437 2561 dixerit
1462 2531 1584 2562 omnia
1606 2540 1679 2562 sese
1701 2540 1764 2571 per
1788 2531 1877 2562 alios

1118 2575 1295 2615 implesse,
1322 2584 1531 2614 responsum
1554 2574 1693 2605 audiat:
1728 2574 1878 2614 ‘Fingas

1118 2628 1198 2658 ergo
1222 2620 1258 2649 te
1288 2627 1351 2660 per
1376 2617 1517 2648 eosdem
1548 2618 1610 2658 qui
1637 2617 1751 2648 vicem
1776 2619 1877 2648 tuam
1934 2645 1936 2647 .

1119 2662 1326 2702 implerunt,
1368 2661 1506 2701 gaudiis
1543 2661 1732 2692 celestibus
1768 2661 1878 2692 inter-

1119 2705 1211 2736 esse'
1230 2716 1237 2744 ;
1260 2705 1313 2735 vti
1338 2714 1454 2744 nuper
1477 2705 1567 2735 mihi
1590 2705 1769 2744 episcopos
1792 2704 1877 2735 Ger-

1119 2758 1309 2780 manorum
1334 2749 1516 2779 excusanti
1544 2748 1714 2779 Erasmus
1737 2748 1876 2778 Rotero-

1121 2792 1248 2823 damus
1261 2793 1411 2823 venuste
1427 2801 1466 2822 ac
1482 2791 1600 2831 lepide
1616 2789 1877 2830 respondebat.⁷

1122 2836 1283 2867 Extracts
1321 2835 1412 2866 from
1450 2834 1513 2865 the
1551 2834 1622 2866 MS.
1660 2834 1750 2864 have
1787 2833 1877 2863 been

1121 2878 1266 2918 printed
1281 2879 1328 2919 by
1344 2879 1383 2910 Gr.
1404 2878 1549 2917 Englert
1565 2879 1604 2908 in
1620 2887 1639 2907 a
1651 2879 1876 2915 Commentatio‚

1121 2922 1412 2961 Aschaffenburg,
1443 2922 1548 2959 1882;
1581 2930 1637 2950 see
1661 2919 1734 2950 also
1758 2919 1878 2959 Knep-

1121 2966 1211 3005 per’s
1238 2967 1446 3004 Wimpselin9‚
1472 2974 1530 3004 pp.
1555 2971 1714 3002 297—300.
