2073 3464
392 246 445 284 20
862 229 1112 273 LETTERS
1151 225 1221 264 OF
1258 219 1524 262 ERASMUS
1863 208 1901 262 [1
1913 221 1932 258 5
1941 222 1956 247 1
1967 222 1991 255 4

392 352 598 394 immunis
644 349 695 387 ab
742 339 1077 393 expilationibus,
1126 331 1329 373 immunis
1374 329 1425 368 ab
1473 322 1750 365 insanissimis
1790 319 1994 358 bellorum

392 416 656 460 tumultibus,
681 411 832 462 quibus
851 408 935 446 iam
961 402 1083 443 annis
1107 399 1265 449 aliquot
1292 393 1476 434 mundus
1502 391 1590 429 fere
1617 387 1816 426 miscetur
1834 383 2001 421 vniuer-

395 497 476 524 sus.
537 478 708 519 Fruitur
734 469 1057 513 clementissimo
1081 464 1269 516 principe
1294 457 1594 503 Maximiliano,
1626 452 1743 492 cuius
1768 447 1996 499 potentiam

396 561 481 587 non
509 545 630 584 aliter
659 541 785 581 sentit
819 536 902 577 nisi
936 546 1032 573 cum
1062 531 1177 570 illius
1209 524 1466 576 benignitate
1495 518 1780 571 sapientiaque
1814 513 1995 552 iuuatur.

320 632 379 654 110
398 614 536 662 Atque
565 610 664 647 haec
694 607 865 646 demum
893 613 990 641 vere
1019 608 1171 646 magno
1205 591 1455 642 imperatore
1489 586 1617 636 digna
1644 582 1746 621 laus.
1803 578 1861 618 Vt
1888 576 2001 615 enim

398 678 581 718 mundus
601 673 669 712 hic
690 671 769 711 Dei
793 666 1023 720 potentiam
1049 674 1135 702 non
1161 659 1254 698 aliis
1280 656 1415 696 modis
1440 651 1650 702 experitur
1677 657 1804 697 quam
1822 642 1940 681 illius
1957 641 2002 679 in

398 759 441 784 se
471 737 757 784 beneficentia,
781 736 840 773 ita
864 727 1197 783 pulcherrimum
1222 724 1285 762 est
1310 719 1534 770 imperium
1560 714 1669 766 quod
1699 710 1858 750 ciuium
1885 706 2007 745 liber-

400 811 529 849 tatem
549 807 702 849 tuetur,
721 814 807 840 non
826 795 1033 849 opprimit,
1051 787 1160 844 quod
1181 801 1278 839 opes
1298 796 1469 825 suorum
1484 782 1617 831 auget,
1636 791 1721 817 non
1739 772 2002 817 exterminat,

403 873 511 926 quod
551 869 691 910 omnia
728 864 864 905 reddit
900 859 1148 901 florentior-a.
1228 849 1485 891 Huiusmodi
1523 848 1586 885 est
1625 840 1780 882 summi
1818 835 2008 878 numinis

327 956 383 988 115
404 937 627 990 imperium
647 936 692 973 in
711 930 929 976 mundum,
952 920 1193 965 huiusmodi
1212 916 1342 958 animi
1370 916 1415 953 in
1435 924 1593 962 corpus,
1617 911 1664 949 vt
1681 907 1836 956 vbique
1862 901 2005 953 prosit,

405 1006 516 1045 ledat
535 1012 757 1051 nusquam.

460 1072 619 1110 Verum
649 1065 761 1103 hisce
791 1061 841 1099 de
870 1058 993 1097 rebus
1029 1052 1196 1092 dabitur
1226 1047 1326 1087 alibi
1356 1046 1471 1084 locus
1512 1039 1718 1091 copiosius
1758 1038 1800 1074 et
1828 1031 2014 1073 exactius

409 1132 648 1177 disserendi.
708 1124 962 1166 Iamdudum
992 1121 1122 1159 finem
1158 1113 1284 1164 exigit
1318 1108 1494 1161 epistola
1522 1108 1562 1145 et
1593 1100 1859 1152 interpellant
1891 1097 2020 1136 inter-v

411 1201 528 1241 missi
553 1198 722 1237 labores.
783 1188 966 1230 Proinde
992 1187 1055 1224 fac
1080 1185 1126 1222 vt
1147 1178 1323 1231 egregiis
1342 1175 1434 1214 istis
1454 1174 1496 1212 et
1519 1169 1676 1221 optime
1700 1167 1751 1206 de
1770 1178 1838 1204 me
1855 1161 2018 1201 meritis

336 1280 393 1301 120
411 1263 674 1318 primatibus,
713 1253 964 1297 nominatim
1007 1252 1148 1289 autem
1193 1243 1422 1284 clarissimo
1459 1238 1551 1277 viro
1600 1232 1782 1274 Henrico
1825 1226 2015 1278 Ingoldo,

413 1324 738 1380 Argentinensis
776 1318 1022 1370 reipublicae
1057 1311 1261 1364 praefecto
1294 1305 1454 1353 maiori,
1493 1299 1745 1351 reliquisque
1782 1292 2023 1346 proceribus

414 1390 735 1437 humanissimis
761 1385 946 1427 vicissim
974 1394 1066 1421 meo
1096 1376 1267 1417 nomine
1296 1372 1476 1412 salutem
1504 1364 1760 1410 annuncies;
1788 1363 1829 1400 et
1857 1359 1893 1398 si
1921 1357 2021 1409 quid

416 1461 494 1501 erit
518 1458 626 1510 quod
652 1467 744 1494 meo
771 1450 921 1498 studio,
944 1447 1050 1486 meis
1069 1444 1211 1490 literis,
1235 1452 1327 1479 mea
1352 1434 1556 1476 industria
1581 1428 1779 1482 praestari
1804 1424 1946 1477 possit,
1979 1423 2023 1461 id

416 1530 552 1566 totum
580 1523 672 1563 istis
699 1519 890 1559 audacter
917 1527 967 1553 ex
994 1524 1061 1551 me
1084 1505 1326 1560 pollicearis.
1388 1502 1456 1541 Ad
1476 1500 1576 1538 haec
1596 1505 1845 1545 magnopere
1863 1493 1905 1530 te
1926 1502 2027 1539 rogo

341 1606 399 1637 125
419 1595 465 1631 vt
485 1586 840 1639 elegantissimam
859 1582 985 1620 istam
1000 1575 1279 1619 sodalitatem,
1299 1571 1378 1609 hoc
1395 1568 1457 1606 est
1478 1565 1693 1604 Musarum
1721 1561 1763 1599 et
1783 1557 2025 1597 Gratiarum

422 1657 612 1697 omnium
634 1651 869 1700 collegium,
890 1641 1211 1694 diligentissime
1235 1636 1340 1675 meis
1362 1631 1558 1673 resalutes
1576 1626 1715 1667 verbis
1735 1640 1744 1673 ;
1774 1620 2025 1662 nominatim

421 1718 790 1772 incomparabilem
822 1714 946 1752 illum
975 1711 1173 1749 iuuenem
1203 1702 1404 1742 Iacobum
1437 1694 1688 1741 sturmium,
1720 1691 1791 1741 qui
1822 1688 2029 1728 maiorum

423 1800 595 1828 suorum
642 1781 845 1831 imagines
891 1776 1075 1815 illustrat
1114 1782 1279 1810 morum
1317 1763 1567 1815 integritate,
1607 1757 1871 1797 iuuentutem
1909 1753 2031 1791 ornat

425 1853 547 1894 senili
590 1861 755 1889 morum
801 1843 1019 1895 grauitate,
1063 1837 1296 1877 doctrinam
1345 1830 1667 1879 haudquaquam
1707 1821 1924 1870 vulgarem
1970 1817 2029 1855 in-

349 1934 409 1965 130
429 1917 617 1960 credibili
651 1910 853 1953 modestia
888 1908 991 1946 mire
1031 1901 1284 1943 condecorat.
1359 1894 1520 1935 Deinde
1559 1891 1767 1929 Thomam
1805 1883 2029 1934 Rappium,

429 1985 531 2035 ipsis
564 1981 704 2028 oculis,
739 1978 830 2028 ipso
868 1973 1002 2019 vultu,
1038 1967 1288 2009 suauitatem
1328 1964 1369 2001 et
1403 1959 1625 1999 candorem
1662 1951 1822 2004 ingenii
1858 1962 1955 2001 prae
1992 1959 2039 1986 se

430 2050 644 2088 ferentem.
706 2043 911 2082 Thomam
945 2038 1046 2076 item
1074 2031 1374 2081 Aucuparium,
1401 2037 1526 2076 quem
1554 2034 1629 2072 ego
1656 2031 1756 2059 sane
1780 2015 1848 2056 vel
1878 2014 1930 2053 ob
1958 2013 2040 2052 hoc

432 2116 573 2154 laurea
592 2112 766 2160 dignum
786 2104 991 2149 existimo,
1017 2099 1126 2150 quod
1147 2097 1198 2135 ab
1228 2093 1344 2134 omni
1372 2092 1482 2130 fastu
1503 2089 1626 2136 longe
1652 2085 1708 2123 sit
1730 2080 2011 2121 alienissimus
2027 2091 2041 2124 ;

435 2180 500 2220 cui
520 2176 663 2216 morbo
683 2175 767 2212 fere
787 2182 918 2221 genus
937 2168 1014 2206 hoc
1034 2163 1258 2203 hominum
1279 2158 1472 2197 videmus
1499 2150 1737 2191 obnoxium.
1798 2145 1925 2184 Hunc
1944 2154 2040 2181 cum

357 2258 416 2290 135
436 2242 611 2298 plurimi
629 2240 789 2285 faciam,
811 2238 954 2274 tamen
974 2245 1053 2282 quo
1074 2227 1239 2279 parcius
1259 2223 1435 2270 laudem,
1458 2220 1546 2269 ipse
1566 2216 1648 2255 fuit
1662 2215 1708 2253 in
1729 2223 1859 2258 causa,
1883 2209 1954 2259 qui
1974 2220 2041 2246 me

439 2323 511 2350 suo
532 2306 714 2347 carmine
733 2301 922 2347 laudarit,
939 2310 1026 2337 non
1045 2295 1180 2334 dicam
1197 2302 1322 2341 quam
1341 2299 1437 2327 vere
1457 2283 1528 2324 sed
1545 2291 1714 2332 prorsus
1734 2272 2044 2320 amantissime;

439 2389 492 2415 ne
514 2373 607 2425 quis
625 2370 730 2410 illud
750 2371 796 2408 in
823 2378 898 2405 nos
918 2363 1051 2409 iaciat,
1074 2358 1181 2398 muli
1200 2357 1396 2395 mutuum
1416 2349 1601 2390 scabunt.
1660 2343 1729 2384 Ad
1749 2343 1824 2381 hec
1842 2338 2045 2379 Mathiam

443 2438 724 2481 Schurerium,
742 2434 883 2472 virum
896 2442 990 2468 cum
1004 2425 1099 2465 aliis
1120 2422 1267 2462 multis
1287 2416 1532 2458 nominibus
1551 2410 1712 2462 egregie
1732 2406 1838 2446 mihi
1858 2405 2042 2449 charum,

444 2511 537 2546 tum
565 2505 642 2543 hoc
668 2500 794 2539 etiam
816 2495 1044 2536 chariorem
1069 2489 1179 2541 quod
1202 2488 1314 2526 hunc
1340 2494 1501 2534 quoque
1523 2476 1675 2517 fertilis
1699 2473 1772 2512 illa
1790 2473 1854 2511 tot
1873 2468 2048 2509 erudito-

368 2585 426 2617 140
446 2585 541 2612 rum
565 2567 796 2612 hominum,
818 2564 881 2601 tot
905 2558 1115 2599 foelicium
1144 2552 1422 2603 ingeniorum,
1446 2544 1575 2584 edidit
1603 2537 1891 2583 Selestadium,
1913 2534 1981 2572 cui
2007 2534 2050 2571 et

449 2638 628 2676 Beatum
663 2631 913 2670 Rhenanum
943 2627 983 2663 et
1013 2623 1218 2661 Ioannem
1249 2614 1449 2665 sapidum
1481 2609 1608 2650 debeo
1637 2607 1678 2644 et
1708 2604 1848 2654 ipsum
1872 2598 2052 2648 denique

496 2744 567 2765 120.
610 2729 783 2762 Heinrico
815 2727 848 2760 β.
1021 2729 1090 2749 122.
1132 2712 1406 2747 humanissimis
1435 2720 1477 2739 a:
1516 2706 1651 2747 optime
1684 2703 1727 2733 de
1758 2710 1816 2732 me
1847 2696 1986 2729 meritis
2015 2695 2050 2729 β.

456 2779 527 2808 128.
567 2783 714 2807 suorum
744 2781 802 2802 om.
835 2770 868 2802 Β.
1042 2762 1113 2801 136.
1154 2768 1262 2800 quam
1294 2759 1367 2787 add.
1402 2756 1435 2788 Β.
1611 2758 1682 2786 140.
1724 2741 1960 2776 Selestadium
1990 2739 2053 2768 αδ;

453 2818 726 2852 Stlesestadium
751 2816 785 2849 B.

501 2929 570 2949 120.
605 2912 832 2962 Ingoldo].(†
852 2910 973 2950 1523):
1005 2906 1164 2938 member
1189 2902 1228 2932 of
1293 2898 1476 2929 Denkmc‘iler
1501 2897 1536 2924 in
1563 2893 1679 2928 Elsass,
1711 2886 1783 2918 2nd
1809 2893 1875 2916 ser.
1901 2881 1970 2913 vol.
2000 2890 2054 2919 22,

456 2964 518 2995 the
541 2965 640 2992 town
671 2957 812 2989 council
843 2955 880 2986 of
909 2951 1097 2989 Strasburg
1131 2956 1222 2986 1491,
1296 2942 1390 2982 1908,
1410 2949 1467 2979 pp.
1487 2944 1648 2974 207—222.

457 3006 528 3038 and
554 3002 807 3042 Burgomaster
826 3007 908 3037 1509
930 2995 1002 3027 and
1021 3003 1114 3033 1514.
1162 2991 1225 3021 See
1341 2985 1411 3024 136.
1431 2978 1606 3019 carmine]
1629 2972 1776 3016 printed
1796 2973 1832 3003 at
1854 2969 1917 3001 the
1935 2966 2007 2998 end
2023 2966 2062 2997 of

459 3052 501 3082 A.
521 3049 566 3080 M.
588 3047 624 3077 P.
642 3042 801 3083 Ingold's
824 3045 880 3072 Les
900 3041 1017 3078 Inyolct,
1038 3039 1077 3068 in
1101 3034 1223 3065 Mitteiz.
1294 3029 1368 3060 this
1384 3027 1491 3057 letter
1507 3025 1546 3054 in
1563 3024 1584 3057 β
1598 3020 1669 3052 and
1685 3019 1777 3049 later
1788 3013 1958 3049 editions,
1968 3010 2058 3041 with

462 3098 489 3125 d.
506 3091 732 3127 Gesellschctjtf.
749 3088 927 3123 Erhaltzmq
937 3086 967 3114 cl.
982 3080 1224 3121 geschichtlichen
1296 3070 1474 3104 Erasmus’
1493 3075 1596 3107 poem
1614 3063 1652 3095 of
1664 3061 1787 3102 reply3
1812 3058 1853 3090 cf.
1872 3056 1892 3087 l.
1914 3056 1987 3095 256.
