2010 3417
267 163 347 201 306
727 160 982 198 LETTERS
1020 160 1090 198 OF
1129 159 1392 198 ERASMUS
1731 159 1855 212 [1516

188 284 249 316 5²0
269 272 461 321 scriptam
493 269 746 308 existimant.
807 269 1025 307 Postremo
1056 268 1192 308 cultus
1223 268 1292 307 hic
1322 271 1385 307 est
1415 269 1594 308 Romani
1626 269 1855 319 PontificiS,

269 349 398 388 quum
417 334 598 372 maxime
621 333 912 383 pontificaliter
931 333 1067 372 ornari
1087 333 1202 372 solet.

321 401 434 439 Haec
463 413 592 449 quum
619 413 704 438 non
729 399 940 449 ignoraret
966 399 1215 446 Florentius,
1241 401 1383 437 tamen
1409 401 1456 437 vt
1475 412 1644 438 omnem
1670 399 1863 450 impleret

267 465 486 511 iusticiam,
530 478 579 502 ex
621 464 851 503 amicorum
893 463 1067 503 consilio
1109 463 1309 502 facillime
1351 464 1594 513 impetrauit
1634 477 1658 502 a
1699 478 1864 504 summo

268 530 469 569 Pontifice
488 532 534 568 vt
552 543 625 580 pro
646 543 720 568 suo
739 530 910 568 arbitrio
931 529 1199 579 quodcunque
1223 530 1391 579 signum
1417 529 1602 568 instituti
1623 543 1865 579 quacunque

188 607 247 638 525
269 595 446 646 corporis
492 597 608 645 parte
654 597 841 645 gestaret.
914 595 1052 643 Quum
1095 594 1212 633 illinc
1255 596 1474 633 reuocatus
1520 596 1629 633 esset
1671 595 1722 634 ad
1769 608 1865 634 suos

270 661 531 708 MoecenateS,
564 674 665 710 quos
697 660 874 699 habebat
905 673 980 698 nec
1014 660 1202 699 indoctos
1233 673 1308 698 nec
1340 659 1508 698 infimae
1546 660 1684 708 sortis,
1714 661 1866 711 recepit

270 727 429 765 cultum
456 725 676 774 Gallicum,
699 725 771 775 qui
795 727 957 775 praeter
983 725 1205 763 linteolum
1234 725 1392 775 pensile
1419 725 1529 764 nihil
1552 725 1690 764 differt
1709 739 1732 764 a
1751 727 1867 765 veste

268 792 496 842 presbyteri
532 791 752 830 secularis:
794 791 850 829 sic
887 791 1001 829 enim
1034 791 1314 841 ignominioso
1353 790 1480 829 verbo
1519 804 1631 829 nunc
1667 793 1869 830 vocantur

269 857 449 908 legitimi
493 856 682 895 ecclesiae
720 856 904 895 ministri
947 858 988 894 et
1029 856 1080 894 ab
1118 856 1334 906 Apostolis
1373 856 1620 906 Christoque
1663 856 1865 896 instituti.

190 933 252 965 530
270 923 353 961 Nec
387 923 428 960 id
459 922 557 960 fecit
587 922 739 972 absque
770 921 962 972 grauium
993 921 1180 960 virorum
1213 921 1396 960 consilio.
1469 922 1608 970 Quum
1640 922 1699 960 ita
1733 922 1870 961 cultus

270 989 473 1038 prodisset
501 988 545 1025 in
572 987 797 1037 publicum,
821 987 1062 1026 admonitus
1089 989 1152 1026 est
1177 988 1228 1026 ab
1258 986 1527 1025 amicissimis
1554 1001 1651 1026 eum
1675 990 1870 1026 ornatum

272 1054 316 1092 in
347 1067 393 1092 ea
422 1053 588 1103 regione
616 1065 783 1102 prorsus
811 1051 1116 1091 intolerabilem
1149 1066 1260 1100 esse3
1301 1052 1452 1091 celaret
1482 1052 1673 1090 linteum.
1733 1052 1867 1100 Dices,

271 1120 431 1168 poterat
469 1119 605 1156 totum
643 1117 731 1157 eius
769 1117 906 1167 gentis
942 1117 1102 1155 cultum
1137 1130 1310 1156 sumere.
1379 1117 1541 1156 Verum
1578 1130 1627 1155 eo
1665 1117 1775 1156 nihil
1809 1120 1872 1156 est

273 1183 493 1234 operosius.
555 1183 669 1232 Opus
689 1185 752 1221 est
772 1183 843 1232 qui
863 1184 1068 1222 sustineat
1087 1183 1287 1221 fluentem
1309 1183 1494 1232 caudam,
1518 1182 1636 1221 laeua
1655 1182 1874 1222 retinenda

191 1262 251 1293 535
273 1250 334 1288 est
349 1247 637 1287 sinuosissima
652 1248 830 1296 cuculla;
861 1261 959 1286 nam
974 1248 1051 1286 hoc
1072 1247 1158 1285 illic
1174 1248 1218 1286 in
1233 1248 1378 1298 primis
1395 1248 1570 1286 habetur
1586 1248 1869 1298 magnificum,

274 1314 477 1353 nimirum
510 1314 561 1352 ad
589 1313 830 1363 exemplum
862 1312 1147 1351 cardinalium,
1209 1314 1318 1352 Tum
1350 1312 1520 1363 negocia
1547 1313 1747 1363 cogebant
1777 1326 1873 1352 eum

275 1380 450 1419 subinde
479 1381 639 1417 mutare
667 1379 879 1429 regionem
908 1392 953 1417 ac
982 1380 1095 1418 veste
1124 1378 1325 1428 polypum
1354 1379 1468 1427 fieri;
1504 1392 1603 1417 nam
1632 1379 1771 1418 cultus
1801 1379 1874 1429 qui

275 1444 427 1483 alicubi
460 1444 707 1482 reuerendus
741 1446 814 1492 est,
850 1444 950 1482 alibi
984 1443 1246 1493 prodigiosus
1279 1444 1464 1482 habetur.
1537 1443 1754 1483 Postremo
1786 1446 1873 1482 erat

274 1511 433 1559 hospes,
467 1512 507 1547 et
537 1510 721 1559 quotidie
750 1509 813 1548 illi
842 1509 1094 1547 versandum
1124 1511 1211 1547 erat
1245 1522 1339 1547 cum
1370 1509 1644 1559 magnatibus,
1684 1509 1755 1559 qui
1788 1523 1872 1548 non

196 1588 257 1619 540
276 1575 422 1625 quauis
451 1576 563 1613 veste
593 1575 859 1613 delectantur.
921 1575 1107 1612 Tandem
1134 1575 1271 1613 visum
1301 1575 1365 1612 est
1394 1574 1702 1623 syncerissimis
1728 1575 1875 1613 amicis

275 1643 331 1687 vt,
370 1640 719 1690 quemadmodum
766 1640 942 1678 habebat
985 1639 1159 1678 liberam
1204 1640 1512 1688 conscientiam,
1556 1639 1613 1678 ita
1657 1639 1875 1678 Pontificis

275 1706 494 1744 autoritate
512 1705 557 1743 in
572 1707 709 1743 totum
726 1705 840 1743 omni
861 1705 1052 1754 scrupulo
1072 1704 1238 1743 sublato
1259 1718 1353 1743 suae
1374 1705 1556 1743 libertati
1572 1706 1871 1753 restitueretur,

276 1785 328 1809 ne
348 1771 680 1819 toties'ponenda
700 1771 982 1820 sumendaque
1000 1771 1115 1808 veste
1139 1770 1307 1820 grauius
1335 1770 1461 1808 etiam
1482 1770 1723 1809 scandalum
1742 1770 1874 1821 pariat

275 1837 383 1874 male
404 1835 653 1885 loquacibus.

196 1916 255 1948 545
327 1901 492 1940 Addam
522 1904 563 1939 et
593 1902 708 1940 illud.
765 1901 888 1939 Vitae
915 1914 1046 1951 genus
1075 1902 1120 1939 in
1151 1902 1261 1951 quod
1289 1904 1507 1951 protrusus
1535 1903 1597 1940 est
1622 1901 1872 1949 adolescens,

276 1969 374 2006 adeo
395 1967 569 2005 liberum
591 1969 653 2005 est
672 1968 719 2005 vt
743 1966 968 2005 minimum
994 1966 1102 2005 absit
1125 1980 1149 2005 a
1173 1966 1363 2005 libertate
1391 1967 1660 2005 secularium:
1689 1980 1764 2005 nec
1789 1967 1873 2005 iam

276 2034 421 2083 loquor
440 2033 488 2070 de
508 2032 701 2070 libertate
720 2034 892 2081 arrepta,
913 2032 982 2070 sed
1003 2032 1052 2070 de
1073 2045 1267 2070 concessa
1285 2032 1336 2070 ab
1357 2032 1408 2070 iis
1428 2032 1496 2082 qui
1512 2033 1680 2070 fuerunt
1695 2034 1871 2071 autores.

278 2098 368 2136 Hoc
401 2098 612 2145 admoneo,
647 2098 753 2146 quod
785 2097 1012 2136 Pontifices
1045 2098 1179 2136 solent
1210 2098 1255 2136 in
1286 2097 1440 2136 talibus
1474 2110 1561 2135 esse
1589 2097 1793 2135 faciliores
1822 2098 1873 2136 ad

277 2162 556 2208 relaxandum,
580 2175 702 2211 quam
725 2176 855 2211 qmun
877 2162 1104 2200 disceditur
1123 2163 1174 2201 ab
1202 2162 1346 2200 ordine
1372 2162 1603 2212 Seraphico,
1629 2162 1873 2201 cartusiano

198 2243 259 2273 550
277 2230 350 2267 aut
379 2227 624 2277 Brigidensi.
686 2228 795 2265 Nam
825 2227 870 2265 hi
902 2241 975 2266 nec
1010 2227 1217 2278 recipiunt
1246 2228 1315 2266 hic
1344 2227 1565 2266 Pontificis
1593 2227 1871 2274 autoritatem,

278 2306 406 2343 quum
454 2292 624 2331 eandem
673 2292 917 2342 largientem
963 2293 1170 2331 immensa
1216 2293 1439 2341 priuilegia
1480 2305 1525 2330 ac
1568 2292 1875 2342 praerogatiuas

277 2359 456 2397 habeant
484 2360 785 2396 sacrosanctam
814 2371 861 2395 ac
890 2360 1055 2396 tantum
1085 2371 1168 2396 non
1195 2358 1360 2397 Christo
1388 2359 1654 2407 praeponant.

332 2424 425 2463 Non
445 2424 511 2462 hic
532 2422 750 2473 disputabo
777 2423 826 2462 de
846 2423 954 2462 votis
973 2424 1222 2472 monasticis,
1243 2437 1345 2473 quae
1366 2424 1537 2473 quidam
1558 2436 1682 2473 supra
1700 2424 1873 2462 modum

277 2491 545 2540 exaggerant3
575 2501 703 2538 quum
730 2489 806 2526 hoc
833 2502 963 2538 genus
991 2488 1271 2538 obligationis,
1290 2502 1395 2538 pene
1425 2488 1613 2527 dixeram
1642 2488 1869 2535 seruitutis,

199 2568 258 2599 555
278 2569 352 2594 nec
381 2555 426 2592 in
455 2554 573 2592 Nouo
602 2567 676 2592 nec
705 2554 749 2592 in
777 2554 926 2592 Vetere
955 2555 1218 2593 Testamento
1247 2554 1484 2604 reperiatur.
1556 2553 1713 2592 Deinde
1743 2566 1872 2602 quum

279 2620 506 2667 sabbatum,
541 2621 682 2658 autore
715 2619 890 2667 Christo,
925 2620 980 2657 sit
1012 2619 1289 2658 constitutum
1325 2620 1495 2668 propter
1528 2618 1755 2666 hominem,
1789 2630 1873 2657 non

279 2687 404 2724 homo
442 2686 609 2734 propter
653 2685 881 2731 sabbatum,
924 2685 1059 2723 multo
1103 2685 1237 2734 magis
1275 2684 1517 2723 huiusmodi
1556 2682 1875 2722 constitutiones

279 2751 419 2789 cedere
448 2750 608 2797 debent,
639 2750 799 2799 quoties
830 2750 1014 2788 officiunt
1043 2750 1226 2788 hominis
1256 2750 1395 2797 saluti,
1424 2750 1669 2799 praesertim
1697 2748 1870 2795 animae,

281 2830 407 2866 quum
436 2816 640 2854 Dominus
669 2815 863 2865 loquatur
893 2816 941 2853 de
970 2815 1104 2854 salute
1133 2816 1340 2865 corporis:
1378 2815 1516 2865 agitur
1544 2815 1656 2852 enim
1686 2814 1735 2851 de
1764 2814 1874 2851 same

200 2884 262 2924 560
280 2884 320 2918 et
339 2881 506 2919 homine
526 2883 671 2918 sanato
697 2880 761 2917 die
782 2881 953 2920 sabbati.
1012 2880 1090 2919 Sed
1117 2880 1188 2918 isti
1211 2894 1306 2918 vere
1331 2882 1430 2918 sunt
1456 2879 1520 2917 illi
1547 2877 1771 2917 Pharisaici
1801 2878 1873 2926 qui

280 2945 427 2983 bouem
454 2950 493 2983 et
517 2946 680 2984 asinum
702 2945 889 2995 delapsos
910 2946 954 2983 in
974 2948 1147 2995 puteum
1168 2945 1394 2983 extrahunt
1413 2944 1565 2983 violato
1593 2942 1668 2981 Dei
1688 2941 1871 2989 sabbato,

280 3010 490 3048 hominem
513 3013 647 3048 totum
667 3010 800 3059 perire
820 3011 963 3048 sinunt
983 3010 1035 3047 ob
1056 3024 1177 3048 suum
1199 3010 1429 3048 sabbatum.
