2010 3417
329 140 378 177 72
788 136 1036 175 LETTERS
1073 135 1143 173 OF
1181 134 1444 173 ERASMUS
1784 130 1908 184 [1515

325 251 514 296 secretur,
536 247 620 285 imo
646 248 693 284 vt
717 257 861 284 omnes
887 243 1019 281 bonae
1036 242 1196 280 litterae
1226 241 1315 279 eius
1340 241 1532 291 auspiciis
1556 242 1820 280 reflorescant
1838 255 1910 292 per

267 328 306 358 95
325 326 447 363 quem
467 324 546 361 pax
570 313 632 350 est
659 309 781 348 rebus
808 307 1004 346 humanis
1027 305 1186 344 reddita
1203 305 1439 343 litterarum
1460 319 1505 344 ac
1524 305 1756 345 studiorum
1775 307 1908 345 altrix.

324 378 454 416 Video
474 375 656 414 vicissim
673 375 714 411 et
728 372 987 422 Hieronymo
1007 383 1092 409 non
1106 383 1252 419 parum
1271 383 1530 409 accessurum
1545 370 1914 410 commendationis

324 455 373 480 ex
407 440 558 479 Leonis
596 438 775 486 nomine,
809 439 849 475 et
883 436 1008 475 huius
1036 435 1199 474 nomini
1232 435 1462 485 plurimum
1496 436 1651 474 decoris
1679 435 1913 474 addituram

325 505 749 554 Hieronymianarum
781 502 1116 541 lucubrationum
1149 500 1460 539 dedicationem.
1530 502 1687 541 Verum
1716 501 1828 540 hisce
1866 502 1914 540 de

324 571 445 609 rebus
482 582 619 608 coram
658 571 700 608 et
737 568 925 619 pluribus
962 569 1003 606 et
1036 566 1287 617 diligentius.
1346 566 1526 604 Interim
1564 580 1634 605 oro
1666 568 1711 605 vt
1743 566 1778 604 si
1815 567 1912 616 quid

249 651 309 673 100
327 635 533 683 inciderit,
553 648 648 673 eum
668 636 888 684 patronum
913 634 1093 682 praestes
1119 631 1292 670 Erasmo
1312 644 1435 681 quem
1455 632 1610 670 Romae
1636 644 1730 670 sum
1755 644 1914 682 semper

324 702 526 750 expertus.
587 700 631 738 Si
654 713 734 750 qua
759 712 824 737 res
843 697 1050 736 exorietur
1068 698 1113 735 in
1133 710 1215 746 qua
1234 697 1281 735 R.
1303 697 1347 735 T.
1373 697 1420 735 D.
1441 697 1579 735 infimi
1597 696 1786 736 clientuli
1805 696 1914 735 obse·

328 765 423 816 quio
443 779 526 804 non
552 768 743 815 grauetur
764 765 838 812 vti,
861 762 1100 814 praesertim
1130 762 1238 812 apud
1258 762 1632 813 Archiepiscopum
1652 762 1916 801 cantuarien-

327 843 426 879 sem,
451 831 624 870 efficiam
643 834 688 869 vt
708 829 920 878 intelligas
939 828 1079 867 omnia
1097 827 1203 866 mihi
1224 827 1401 866 defuisse
1421 828 1560 877 potius
1580 840 1703 878 quam
1724 827 1851 866 fidem
1869 840 1915 866 ac

327 896 598 947 diligentiam.

248 978 307 1009 105
371 961 449 1000 Sed
463 961 566 1000 illud
579 974 683 1011 pene
695 961 910 999 exciderat.
946 958 1142 997 Maiorem
1154 957 1200 995 in
1214 957 1384 995 modum
1397 960 1438 995 te
1450 959 1491 996 et
1504 957 1668 996 obsecro
1681 960 1720 996 et
1733 958 1916 997 obtestor

326 1040 398 1077 per
416 1026 545 1066 bonas
569 1027 740 1075 litteras,
765 1026 915 1076 quibus
938 1026 1009 1063 tua
1037 1023 1234 1061 celsitudo
1260 1035 1423 1072 semper
1441 1022 1560 1061 vnice
1579 1023 1715 1062 fauere
1733 1023 1848 1071 solet,
1870 1026 1916 1062 vt

327 1092 501 1130 eximius
515 1093 593 1142 vir,
610 1092 804 1130 dominus
824 1090 1028 1128 Iohannes
1043 1087 1309 1136 Reuchlinus,
1333 1089 1378 1125 in
1399 1100 1472 1126 suo
1489 1088 1657 1138 negocio
1677 1100 1827 1138 aequos
1841 1101 1917 1127 vos

327 1159 478 1196 sentiat
490 1160 531 1196 et
546 1157 778 1196 beneuolos.
829 1155 984 1193 Eadem
996 1166 1116 1204 opera
1128 1153 1230 1192 bene
1245 1152 1508 1192 merebimini
1522 1153 1572 1192 de
1585 1153 1737 1192 litteris
1751 1167 1797 1193 ac
1810 1154 1917 1193 litte-

327 1224 427 1261 ratis
439 1223 642 1270 omnibus,
660 1234 835 1272 quorum
849 1222 896 1259 vt
907 1221 1081 1270 quisque
1095 1218 1357 1257 doctissimus
1371 1220 1443 1266 est,
1461 1218 1520 1257 ita
1533 1218 1598 1256 illi
1610 1218 1918 1268 impensissime

250 1301 309 1323 110
328 1288 480 1326 studet.
547 1287 660 1326 Huic
683 1287 820 1325 omnis
841 1285 961 1324 debet
988 1284 1221 1331 Germania,
1244 1285 1288 1322 in
1314 1296 1394 1334 qua
1416 1284 1579 1334 primus
1600 1284 1850 1324 Graecarum
1875 1286 1916 1324 et

327 1353 624 1392 Hebraicarum
635 1353 867 1391 litterarum
882 1349 1068 1389 studium
1086 1348 1294 1388 excitauit.
1342 1349 1419 1387 Vir
1438 1352 1499 1387 est
1514 1350 1627 1387 enim
1639 1349 1917 1398 complurium

327 1419 562 1467 linguarum
576 1417 734 1468 egregie
746 1416 913 1467 peritus,
928 1414 1052 1455 variis
1065 1414 1273 1464 expolitus
1287 1413 1528 1464 disciplinis,
1543 1415 1627 1453 iam
1640 1414 1759 1452 libris
1771 1413 1918 1452 aeditis

326 1484 460 1522 clarus
472 1486 513 1521 et
528 1483 618 1522 orbi
629 1482 863 1522 Christiano
875 1482 1010 1529 notus,
1026 1479 1188 1519 Caesari
1200 1479 1482 1518 Maximiliano
1495 1492 1591 1518 cum
1603 1479 1750 1529 primis
1761 1481 1914 1529 gratus,

327 1551 373 1587 vt
387 1549 452 1587 cui
465 1549 519 1587 sit
530 1562 553 1587 a
567 1548 762 1596 consiliis,
775 1546 911 1597 grauis
923 1548 964 1585 et
974 1546 1200 1584 honoratus
1214 1546 1322 1595 apud
1334 1559 1441 1594 suos,
1457 1545 1566 1584 inter
1580 1559 1682 1595 quos
1695 1546 1918 1584 Duumuiri

250 1634 308 1666 115
328 1628 497 1653 munere
526 1615 725 1664 fungitur,
758 1613 890 1651 famae
919 1625 1078 1661 semper
1107 1611 1309 1650 hactenus
1336 1611 1686 1650 incontaminatae
1701 1625 1710 1659 ;
1739 1611 1790 1649 ad
1819 1610 1918 1649 haec

328 1682 537 1719 senectute
552 1679 634 1718 iam
648 1680 690 1718 et
706 1677 859 1717 canicie
870 1677 1132 1716 reuerendus.
1191 1676 1283 1715 Iam
1299 1678 1340 1714 et
1359 1676 1431 1715 ille
1450 1676 1758 1726 promerebatur
1776 1678 1822 1714 vt
1840 1677 1916 1715 hac

330 1747 459 1784 aetate
489 1744 880 1783 honestissimorum
912 1743 1144 1781 studiorum
1178 1741 1464 1780 dulcissimam
1502 1743 1677 1780 meteret
1711 1754 1888 1779 messem
1908 1755 1918 1788 3

328 1814 370 1850 et
398 1824 473 1849 nos
499 1810 814 1860 expectabamus
841 1811 887 1847 vt
917 1808 1026 1858 quod
1053 1808 1175 1846 annis
1201 1806 1484 1857 compluribus
1508 1806 1704 1854 condidit,
1735 1819 1847 1844 nunc
1872 1807 1916 1845 in

327 1889 591 1915 communem
621 1875 810 1914 omnium
838 1874 1092 1924 depromeret
1123 1872 1362 1911 vtilitatem.
1419 1871 1550 1910 Bonis
1574 1872 1703 1922 igitur
1725 1872 1919 1910 omnibus

251 1961 311 1983 120
328 1941 668 1992 indignissimum
695 1941 869 1988 videtur,
903 1952 988 1978 non
1017 1938 1152 1977 solum
1180 1938 1289 1988 apud
1317 1938 1545 1976 Germanos
1568 1950 1714 1976 verum
1742 1940 1782 1976 et
1809 1936 1918 1987 apud

328 2007 489 2057 Anglos
514 2010 556 2045 et
580 2007 731 2055 Gallos,
755 2006 904 2056 quibus
933 2018 983 2043 ex
1012 2004 1163 2042 litteris
1191 2005 1316 2041 notus
1344 2005 1416 2051 est,
1438 2005 1526 2041 tam
1553 2002 1754 2040 eximium
1782 2002 1918 2040 virum

330 2074 392 2110 tot
411 2073 665 2111 ornamentis
683 2070 975 2121 pulcherrimis
993 2069 1254 2107 cumulatum
1273 2070 1360 2106 tam
1381 2068 1536 2106 odiosis
1555 2067 1739 2106 diuexari
1759 2067 1914 2114 litibus,

329 2137 450 2187 idque
469 2151 518 2176 ex
538 2150 584 2175 ea
601 2150 642 2174 re
662 2149 765 2186 quae
783 2149 874 2174 meo
889 2148 987 2173 sane
1006 2133 1160 2172 iudicio
1175 2132 1242 2172 vel
1255 2133 1387 2181 ipsam
1407 2133 1515 2171 asini
1531 2133 1721 2170 Vmbram
1741 2134 1916 2182 superet,

330 2202 373 2239 in
399 2214 522 2251 quam
546 2202 658 2240 iocus
680 2203 792 2240 extat
813 2199 1095 2250 prouerbialis.
1155 2197 1398 2247 Principum
1425 2211 1538 2237 arma
1560 2200 1696 2236 vestra
1718 2198 1919 2248 sapientia

252 2287 310 2319 ¹25
329 2267 509 2306 cohibita
529 2269 627 2305 sunt
644 2282 653 2315 3
684 2267 826 2305 eadem
847 2268 887 2304 et
906 2265 1138 2303 litterarum
1165 2263 1393 2301 cultoribus
1413 2276 1530 2301 suam
1551 2263 1744 2301 restituat
1762 2276 1914 2312 pacem.

371 2366 423 2395 99.
450 2358 485 2387 et
507 2356 671 2396 pluribus
694 2357 729 2386 et
752 2355 965 2395 diligentius
987 2356 1059 2385 add.
1075 2356 1116 2384 A.
1283 2363 1337 2393 99.
1360 2353 1494 2392 siquid
1514 2377 1520 2384 .
1539 2376 1546 2384 .
1566 2377 1572 2385 .
1594 2362 1664 2392 105.
1690 2353 1871 2384 exciderat
1886 2356 1915 2384 Α

331 2404 418 2438 (101.
436 2400 475 2430 R.
488 2400 524 2430 T.
539 2400 579 2430 D.
593 2410 650 2430 om.
661 2401 705 2431 H.
798 2409 869 2429 102.
887 2398 1088 2438 grauaberis
1101 2397 1148 2437 H)
1167 2408 1174 2427 z
1198 2399 1346 2427 conatus
1362 2399 1502 2428 nostros
1515 2399 1576 2428 tuo
1589 2397 1709 2427 fauore
1722 2406 1915 2437 prosperes.

331 2443 367 2474 Si
384 2443 470 2482 quid
485 2443 553 2473 erit
570 2444 608 2473 in
625 2453 694 2482 quo
710 2442 750 2473 R.
761 2442 851 2474 T.D.
867 2441 985 2472 infimi
1008 2440 1173 2472 clientuli
1192 2442 1247 2471 sui
1263 2441 1410 2471 seruitio
1427 2441 1514 2471 velit
1530 2441 1593 2481 vti,
1612 2441 1799 2480 presertim
1821 2441 1917 2480 apud

330 2487 634 2526 Cantuariensem‚
655 2494 795 2517 summa
810 2485 881 2516 fide
897 2485 1085 2524 studioque
1101 2493 1264 2523 exequar.
1310 2483 1367 2514 Ad
1384 2484 1449 2515 hoc
1466 2495 1495 2514 α.
1588 2493 1659 2523 105.
1685 2486 1721 2515 te
1737 2485 1773 2515 et
1788 2486 1860 2516 aclcl.
1879 2488 1917 2516 A.

333 2532 402 2561 106.
427 2540 489 2570 per
506 2554 514 2561 .
533 2554 540 2562 .
560 2555 567 2561 .
587 2540 657 2569 107.
676 2530 844 2561 dominus
862 2532 892 2560 A
909 2540 915 2559 :
938 2531 977 2559 vt
992 2541 1022 2560 α.
1113 2538 1183 2567 107.
1209 2527 1387 2558 Reuchlin
1402 2541 1432 2558 a.
1540 2538 1610 2567 109.
1636 2530 1676 2558 vt
1692 2528 1842 2568 quisque
1858 2552 1866 2560 .
1884 2552 1892 2559 .
1910 2551 1917 2558 .

336 2583 402 2604 111.
435 2574 608 2604 excitauit
630 2576 683 2604 A:
714 2583 820 2604 nemo
844 2582 916 2603 non
940 2572 1205 2612 impensissime
1230 2571 1326 2602 fauet
1350 2571 1407 2603 illi
1429 2583 1459 2603 α.
1566 2581 1637 2602 111.
1664 2572 1762 2602 enim
1785 2574 1859 2603 add.
1878 2575 1915 2601 A.

333 2627 403 2656 113.
429 2619 465 2648 et
481 2641 489 2648 .
507 2641 514 2648 .
533 2641 540 2648 .
557 2618 696 2648 Caesari
722 2619 794 2647 add.
827 2619 868 2647 A.
960 2626 1041 2647 cum
1073 2615 1199 2655 primis
1229 2617 1300 2645 add.
1330 2618 1372 2645 A.
1463 2625 1533 2654 114.
1567 2615 1664 2645 inter
1693 2617 1723 2645 Α
1743 2626 1750 2645 :
1781 2613 1875 2654 apud
1887 2625 1916 2646 α.
1959 2637 1962 2639 »

333 2661 525 2692 Duumuiri
542 2664 572 2692 A
583 2673 621 2691 a:
637 2660 834 2691 Triumuiri
849 2662 890 2691 N.
1026 2668 1095 2697 115.
1113 2659 1286 2689 hactenus
1303 2661 1375 2689 add.
1389 2662 1431 2690 Α.
1566 2660 1637 2690 116.
1657 2660 1842 2689 senectute
1860 2682 1866 2688 .
1885 2681 1892 2688 .
1906 2681 1912 2686 .

335 2713 404 2743 119.
429 2705 626 2735 vtilitatem
643 2707 672 2735 A
691 2704 779 2746 (116.
806 2704 884 2734 Iam
900 2705 929 2733 A
944 2714 951 2735 :
977 2703 1132 2733 Proinde
1148 2702 1198 2743 Η)
1215 2713 1221 2732 :
1252 2703 1446 2733 senectutis
1463 2703 1533 2732 iam
1548 2702 1775 2742 reuerentiae,
1793 2701 1831 2731 in
1849 2710 1917 2739 qua

331 2747 407 2785 (qui
425 2758 445 2777 α
461 2759 468 2778 :
491 2748 622 2788 correxi)
638 2758 701 2788 par
713 2748 789 2778 erat
801 2749 835 2778 et
848 2748 966 2787 ipsum
979 2747 1053 2777 suis
1069 2746 1141 2776 frui
1154 2746 1287 2776 litteris
1298 2745 1704 2785 honestissimorumque
1717 2744 1914 2776 studiorum

333 2789 576 2822 dulcissimam
593 2800 742 2822 messem
760 2792 892 2821 metere
913 2792 948 2821 et
971 2799 1036 2821 nos
1056 2799 1098 2820 ex
1119 2790 1195 2820 eius
1210 2789 1323 2819 veluti
1345 2791 1519 2820 autumno
1541 2789 1758 2820 ditissimam
1779 2788 1915 2827 ingenii

331 2832 467 2872 frugem
485 2844 626 2875 carpere
642 2846 672 2866 α,
794 2844 864 2865 120.
888 2843 959 2864 non
977 2834 1094 2864 solum
1109 2857 1117 2864 .
1138 2858 1145 2865 .
1162 2858 1168 2864 .
1190 2843 1262 2872 137.
1286 2833 1485 2863 restituerit
1501 2835 1530 2864 A
1547 2844 1554 2863 :
1577 2831 1784 2863 huiusmodi
1800 2831 1916 2861 virum

332 2880 405 2948 tagii]
432 2877 559 2907 odiosis
586 2878 724 2908 inuolui
748 2878 852 2917 nugis
878 2887 940 2917 per
967 2886 1025 2908 eos
1052 2877 1212 2907 homines
1239 2877 1301 2916 qui
1328 2876 1425 2906 nihil
1453 2877 1521 2916 ipsi
1550 2876 1749 2915 preclarum
1777 2874 1915 2913 possint

332 2929 349 2948 e
389 2929 465 2949 cere
481 2931 509 2951 α.

787 2996 856 3025 123.
876 2987 969 3017 asini
986 2985 1166 3026 vmbram]
1191 2985 1243 3017 Cf.
1260 2988 1364 3023 Aday.
1383 2993 1456 3024 252.
