2010 3417
270 171 348 210 156
732 170 983 210 LETTERS
1022 171 1090 210 or
1128 171 1393 211 ERAsMUs
1729 173 1853 226 [1515

270 277 405 308 Luther
431 276 503 307 and
527 277 589 307 the
616 277 804 307 reformers
833 276 1062 316 represent-ed
1083 277 1122 307 in
1145 287 1211 309 one
1233 279 1353 318 aspect
1380 277 1442 309 the
1472 287 1574 309 cause
1601 280 1639 310 of
1662 279 1854 322 Germany,

269 322 315 351 he
339 319 579 359 impetuously
602 320 791 350 embraced
814 319 912 350 their
939 322 1157 352 movement.
1216 320 1289 351 But
1312 321 1371 352 his
1394 321 1483 360 fiery
1506 322 1623 353 words
1649 324 1778 354 outran
1801 325 1858 356 his

270 363 542 436 ἣοέῑὶθζεῗωθηίῑε,
562 363 635 394 and
658 364 704 403 by
729 372 812 402 1522
834 363 891 394 his
913 372 1016 395 cause
1038 373 1110 395 was
1132 363 1360 405 discredited,
1385 364 1456 395 and
1479 365 1524 395 he
1545 364 1699 396 himself
1715 366 1857 399 became

268 417 287 437 a
318 416 377 445 ugl
397 415 463 437 ive.

312 449 480 480 Erasmus
501 449 580 480 first
604 451 678 480 met
702 449 844 480 Hutten
866 451 906 480 in
932 458 1012 488 1514
1043 450 1123 490 (Ep.
1148 460 1223 490 300.
1247 461 1285 482 12
1301 450 1367 493 n.),
1391 451 1462 482 and
1490 461 1561 483 was
1589 461 1626 483 so
1654 452 1859 493 favourably

270 492 463 532 impressed
492 493 574 523 that
605 493 651 523 he
682 493 890 524 mentioned
918 493 997 524 him
1029 494 1120 525 with
1151 495 1267 534 praise
1298 496 1337 526 in
1368 495 1432 526 the
1458 497 1585 526 Nouum
1611 498 1860 528 lustramentum

272 536 323 575 (ii.
351 545 436 575 555:
468 536 635 567 removed
660 538 699 567 in
726 536 836 577 1527).
897 536 1039 568 Hutten
1067 547 1112 568 on
1135 538 1193 569 his
1216 538 1294 570 side
1322 540 1358 570 at
1381 538 1460 570 first
1484 538 1604 570 hailed
1628 539 1796 570 Erasmus
1824 549 1861 571 as

271 590 290 609 a
311 579 434 610 leader
461 580 498 610 of
523 579 728 620 Germany;
759 581 822 611 but
848 580 957 612 when
982 581 1150 612 Erasmus
1173 582 1314 613 refused
1337 584 1374 613 to
1401 582 1521 613 follow
1546 582 1691 623 Luther,
1719 583 1860 614 Hutten

270 622 495 696 floutedlhim
517 623 557 653 in
579 624 688 655 bitter
709 623 1029 666 disappointment,
1049 624 1120 656 and
1143 625 1239 657 their
1261 626 1431 657 relations
1443 625 1559 657 ended
1577 628 1615 658 in
1637 636 1657 658 a
1672 626 1861 658 miserable

270 676 395 705 quarre
414 690 420 697 .

314 709 487 741 Hutten's
502 710 620 741 works
637 710 725 742 have
748 711 837 742 been
859 710 1061 751 admirably
1077 712 1197 744 edited
1213 713 1260 752 by
1277 712 1436 753 Bocking
1451 724 1459 752 ;
1484 723 1540 745 see
1561 713 1634 745 also
1651 713 1759 745 ADB.
1778 713 1858 753 and,

270 753 324 784 for
340 753 398 785 his
415 753 518 785 share
534 754 573 785 in
590 754 675 795 Eov,
697 755 860 786 Brecht's
875 755 964 786 book
983 756 1076 787 cited
1093 766 1138 788 on
1154 766 1187 796 p.
1212 756 1305 798 152.]

648 853 841 884 VLRICVS
873 854 1111 885 HVTTENVS
1144 855 1325 886 ERASMO
1356 855 1424 886 Ro.
1451 855 1486 885 S.

326 933 470 972 OMNES
493 933 598 972 mihi
623 934 719 973 deos
743 934 861 973 irasci
886 937 997 985 puto,
1028 948 1204 986 quorum
1223 935 1438 975 voluntate
1457 936 1505 975 fit
1525 949 1606 986 quo
1626 936 1766 976 minus
1785 937 1865 976 sim

272 1001 408 1037 tecum
437 999 591 1049 aliquot
619 1013 759 1048 annos,
793 1000 943 1051 quique
973 1013 1041 1040 me
1068 1014 1091 1041 a
1119 1004 1191 1041 tuo
1221 1002 1347 1041 latere
1375 1001 1588 1050 auellunt3
1622 1002 1699 1051 cui,
1731 1003 1767 1041 si
1795 1015 1866 1052 per

272 1063 482 1102 fortunam
502 1064 695 1115 licuisset,
718 1066 899 1105 tenacius
917 1066 1168 1106 adhesissem
1188 1080 1311 1118 quam
1338 1067 1411 1106 ille
1429 1066 1677 1118 Alcybiades
1697 1067 1863 1107 Socrati.

273 1129 406 1178 Quare
435 1129 548 1168 enim
576 1144 659 1170 non
690 1131 945 1171 Germanum
974 1132 1180 1172 Socratem
1208 1132 1422 1184 appellabo
1451 1135 1504 1181 te,
1527 1133 1709 1181 Erasme,
1732 1133 1791 1171 ita
1819 1133 1868 1171 de

238 1208 255 1239 5
274 1194 395 1233 nobis
415 1197 618 1246 quantum
637 1197 687 1235 ad
708 1197 867 1236 litteras
894 1197 1091 1237 meritum
1115 1201 1161 1238 vt
1186 1198 1236 1237 de
1261 1198 1347 1237 suis
1372 1198 1444 1237 ille
1464 1198 1661 1238 Graecis?
1717 1197 1812 1237 Non
1834 1196 1870 1236 is

275 1273 369 1298 sum
399 1274 473 1311 ego
506 1261 610 1300 forte
644 1263 716 1312 qui
750 1263 922 1302 omnino
956 1263 1112 1314 possim
1144 1264 1304 1315 placere
1337 1264 1425 1314 tibi,
1462 1263 1527 1302 cui
1561 1276 1678 1314 posse
1711 1263 1869 1313 placere

276 1326 477 1375 quaedam
494 1327 721 1367 admodum
741 1328 914 1368 felicitas
934 1331 996 1368 est
1012 1343 1021 1377 ;
1051 1332 1094 1368 at
1112 1343 1198 1368 non
1217 1329 1417 1380 indignus
1436 1329 1608 1368 fuissem
1623 1329 1694 1379 qui
1709 1329 1760 1367 ad
1776 1330 1871 1367 tuos

275 1391 399 1441 pedes
436 1392 671 1432 didicissem
711 1394 884 1433 Graecas
921 1394 1091 1443 litteras,
1125 1394 1197 1445 qui
1224 1397 1266 1434 te
1295 1396 1472 1434 sectatus
1503 1407 1637 1434 essem
1675 1394 1866 1441 studiose,

277 1456 591 1496 custodiuissem
610 1458 936 1508 vigilantissime,
954 1459 1236 1499 obseruassem
1256 1461 1504 1507 reuerenter,
1522 1458 1660 1498 omnia
1674 1461 1745 1497 tua
1760 1459 1871 1498 iussa

220 1535 258 1557 10
276 1523 470 1561 executus
497 1535 641 1572 essem,
672 1524 721 1562 ad
751 1537 918 1563 omnem
947 1527 1099 1564 nutum
1128 1525 1376 1564 exiluissem-
1448 1524 1589 1574 Neque
1619 1523 1698 1563 tibi
1725 1523 1872 1562 fuisset

276 1586 528 1635 indecorum,
545 1588 581 1627 si
600 1588 678 1627 tibi
693 1589 801 1628 mira
819 1589 1047 1639 sedulitate,
1066 1590 1297 1629 incredibili
1317 1590 1397 1629 fide
1414 1589 1729 1638 ministrassem,
1749 1601 1872 1639 eques

277 1652 519 1692 Germanus.
579 1652 670 1692 Hoc
704 1655 1002 1705 praetulissem,
1038 1655 1216 1703 Erasme,
1248 1669 1332 1694 non
1365 1655 1488 1694 modo
1521 1655 1672 1694 aulicae
1707 1667 1872 1694 consue-

277 1717 425 1765 tudini,
454 1718 503 1756 ad
533 1731 657 1769 quam
685 1732 807 1758 vocor
833 1733 983 1771 magna
1008 1733 1098 1760 mea
1123 1721 1320 1769 molestia,
1347 1721 1415 1759 sed
1440 1722 1481 1759 et
1504 1720 1611 1769 huic,
1643 1720 1701 1759 ita
1725 1733 1791 1759 me
1816 1719 1873 1758 dii

278 1785 430 1831 ament,
453 1784 775 1833 peregrinationi
795 1785 976 1825 Italicae.

221 1862 258 1893 15
330 1848 385 1886 Et
418 1851 465 1887 vt
494 1848 679 1888 breuiter
706 1851 808 1889 scias
837 1851 936 1901 quid
965 1851 1070 1890 mihi
1092 1865 1223 1902 nuper
1250 1852 1545 1902 proposuerim,
1579 1850 1874 1889 constitueram

276 1912 334 1950 ire
361 1913 411 1951 ad
440 1915 492 1962 te,
524 1927 569 1953 ac
603 1917 800 1965 sequutus
834 1916 939 1955 forte
972 1917 1016 1955 in
1049 1916 1316 1956 Britanniam
1348 1929 1477 1967 vsque
1509 1915 1691 1955 fuissem.
1757 1915 1874 1964 Quod

278 1990 419 2015 meum
440 1978 616 2017 salutare
641 1980 861 2019 consilium
888 1982 1125 2020 interuertit
1153 1982 1392 2032 importuna
1415 1994 1604 2020 meorum
1628 1980 1874 2027 liberalitas3

279 2042 566 2082 liberalitatem
601 2045 713 2083 enim
750 2049 900 2085 vocant
940 2047 1046 2097 quod
1086 2047 1292 2086 discendis
1330 2046 1492 2096 legibus
1529 2048 1747 2096 sumptum
1779 2045 1875 2084 elar-

280 2106 461 2156 giuntur,
489 2110 610 2159 atque
639 2110 690 2147 ob
719 2111 760 2149 id
790 2124 900 2150 nunc
929 2112 1104 2150 Romam
1128 2113 1284 2151 mittor.
1345 2111 1458 2150 Haec
1487 2125 1536 2150 ex
1565 2110 1713 2149 itinere
1742 2110 1875 2148 scribo

224 2189 263 2211 20
280 2172 331 2210 ad
362 2174 413 2222 te,
446 2173 881 2224 circumstrepentibus
914 2177 1059 2216 multis
1093 2177 1290 2216 conuiuis.
1351 2176 1478 2215 Parce
1511 2175 1871 2225 extemporalitati.

284 2236 377 2275 Non
406 2237 571 2277 dabitur
600 2239 814 2278 reuidendi
848 2242 971 2291 copia.
1043 2241 1211 2280 Inuitus
1241 2255 1288 2280 eo
1319 2241 1390 2280 vbi
1421 2243 1461 2280 te
1495 2254 1579 2279 non
1609 2240 1707 2278 licet
1737 2240 1876 2279 videre

281 2303 404 2352 teque
423 2302 516 2342 frui.
578 2304 656 2352 Qui
681 2305 851 2344 comites
873 2309 983 2354 sunt,
1013 2308 1072 2345 eis
1099 2307 1336 2357 persuaderi
1361 2319 1446 2345 non
1474 2305 1611 2356 potuit
1639 2307 1684 2344 vt
1711 2305 1876 2344 Basilea

282 2368 360 2405 iter
397 2368 632 2407 faceremus.
705 2370 797 2408 Non
831 2371 1011 2419 mirum3
1051 2372 1159 2422 quod
1194 2385 1279 2410 non
1313 2383 1458 2410 omnes
1496 2372 1726 2420 agnoscunt
1758 2373 1876 2409 tuam

282 2432 554 2473 diuinitatem.
613 2434 788 2474 Vtinam
807 2437 1041 2486 persuaderi
1060 2439 1198 2487 posset
1216 2437 1294 2476 tibi
1315 2436 1459 2487 quanti
1478 2438 1519 2474 te
1538 2436 1686 2474 faciam
1702 2437 1710 2474 Ξ

226 2514 263 2546 25
335 2498 507 2537 Videbis
533 2499 691 2538 editum
722 2513 744 2539 a
773 2514 839 2539 me
870 2501 1102 2550 Neminem,
1125 2515 1290 2541 carmen
1314 2515 1399 2540 non
1426 2500 1597 2539 omnino
1618 2503 1878 2539 contemnen-

283 2562 384 2600 dum
415 2563 530 2612 forte,
564 2564 608 2603 in
641 2566 758 2605 cuius
790 2567 1043 2616 praefatione
1071 2567 1145 2616 tui,
1179 2569 1226 2606 vt
1255 2567 1402 2615 decuit,
1433 2565 1607 2605 memini
1639 2566 1874 2605 honorifice.

285 2628 413 2666 Totus
433 2642 456 2667 a
475 2631 650 2669 tremore
671 2632 872 2681 conualui,
888 2632 986 2671 item
1007 2646 1055 2671 ex
1075 2633 1221 2672 morbo
1240 2632 1367 2682 pedis.
1420 2632 1463 2671 Si
1482 2631 1623 2671 venies
1635 2631 1680 2670 in
1697 2631 1875 2679 Italiam,
1937 2659 1940 2661 >

285 2692 391 2731 nihil
411 2695 684 2734 remorabitur
704 2699 872 2736 euntem
893 2698 942 2736 ad
963 2700 1004 2736 te
1024 2712 1074 2737 ex
1093 2697 1166 2736 illo
1186 2697 1307 2748 legali
1328 2710 1486 2736 carcere
1507 2711 1588 2747 quo
1607 2709 1675 2735 me
1694 2696 1879 2746 relegant

331 2816 382 2845 25.
407 2808 612 2850 Neminem]
637 2810 723 2840 This
750 2820 863 2842 seems
890 2813 927 2842 to
954 2811 1047 2842 refer
1117 2814 1154 2843 to
1170 2811 1245 2843 this
1262 2812 1361 2842 time.
1407 2810 1482 2842 The
1503 2810 1581 2842 first
1597 2810 1739 2841 version
1761 2808 1800 2840 of
1817 2808 1878 2839 the

287 2851 323 2879 to
338 2851 401 2880 the
417 2853 548 2883 second
561 2855 705 2884 version
723 2854 762 2885 of
772 2854 834 2885 the
847 2857 952 2894 Nemo,
968 2855 1047 2886 first
1118 2858 1213 2886 Nemo
1246 2854 1424 2895 appeared
1462 2854 1502 2885 in
1543 2863 1626 2893 1512
1649 2853 1694 2894 (‘?)
1725 2852 1879 2882 without

289 2893 475 2930 published
504 2897 539 2926 at
563 2897 751 2937 Augsburg
774 2898 814 2928 in
841 2898 931 2937 1518,
958 2899 1048 2929 with
1118 2899 1268 2939 preface.
1337 2899 1373 2929 It
1411 2906 1536 2936 seemS‚
1574 2895 1759 2935 therefore,
1799 2894 1879 2924 that

290 2945 310 2965 a
325 2937 461 2974 preface
477 2941 514 2968 to
531 2939 656 2970 Crotus
672 2941 856 2972 Rubianus
875 2941 967 2982 (HE.
980 2943 1048 2981 84),
1120 2941 1262 2973 Hutten
1278 2942 1350 2972 had
1364 2940 1538 2980 arranged
1551 2939 1605 2970 for
1617 2948 1637 2969 a
1650 2948 1731 2969 new
1741 2938 1879 2968 edition

290 2979 328 3008 in
339 2979 460 3009 which
476 2981 509 3020 (ξ
523 2982 580 3021 4ο)
595 2982 762 3014 Erasmus
776 2985 806 3014 is
819 2985 1050 3023 mentioned;
1121 2985 1159 3015 of
1186 2985 1249 3016 the
1280 2985 1360 3016 first
1387 2984 1542 3023 version,
1570 2981 1661 3013 with
1690 2991 1711 3012 a
1741 2980 1879 3021 preface

290 3023 327 3052 in
350 3022 466 3052 words
491 3024 620 3063 hardly
643 3026 849 3067 applicable,
871 3028 1047 3066 however,
1122 3028 1248 3066 added,
1258 3028 1323 3058 but
1336 3027 1415 3059 that
1429 3028 1458 3058 it
1469 3036 1540 3057 was
1551 3034 1660 3056 never
1671 3024 1879 3065 completed.
