<?xml version="1.0" encoding="UTF-8"?>
<!DOCTYPE html PUBLIC "-//W3C//DTD XHTML 1.0 Transitional//EN"
    "http://www.w3.org/TR/xhtml1/DTD/xhtml1-transitional.dtd">
<html xmlns="http://www.w3.org/1999/xhtml" xml:lang="en" lang="en">
 <head>
  <title>
</title>
<meta http-equiv="Content-Type" content="text/html;charset=utf-8" />
  <meta name='ocr-system' content='tesseract 3.04.00' />
  <meta name='ocr-capabilities' content='ocr_page ocr_carea ocr_par ocr_line ocrx_word'/>
</head>
<body>
  <div class='ocr_page' id='page_1' title='image "./opusepistolarumd02erasuoft/opusepistolarumd02erasuoft_0339.png"; bbox 0 0 2010 3417; ppageno 0'>
   <div class='ocr_carea' id='block_1_1' title="bbox 134 139 1721 194">
    <p class='ocr_par' dir='ltr' id='par_1_1' title="bbox 134 139 1721 194">
     <span class='ocr_line' id='line_1_1' title="bbox 134 139 1721 194; baseline 0.006 -15"><span class='ocrx_word' id='word_1_1' title='bbox 134 139 235 194; x_wconf 84' lang='lat'>448]</span> <span class='ocrx_word' id='word_1_2' title='bbox 349 143 502 183; x_wconf 79' lang='lat' dir='ltr'><strong>FROM</strong></span> <span class='ocrx_word' id='word_1_3' title='bbox 539 146 691 185; x_wconf 87' lang='lat' dir='ltr'>JOHN</span> <span class='ocrx_word' id='word_1_4' title='bbox 730 145 928 186; x_wconf 85' lang='lat' dir='ltr'><strong>SIXTIN</strong></span> <span class='ocrx_word' id='word_1_5' title='bbox 967 148 1037 187; x_wconf 86' lang='lat' dir='ltr'>TO</span> <span class='ocrx_word' id='word_1_6' title='bbox 1077 147 1263 187; x_wconf 85' lang='lat' dir='ltr'>PETER</span> <span class='ocrx_word' id='word_1_7' title='bbox 1303 149 1507 188; x_wconf 84' lang='lat' dir='ltr'><strong>GILLES</strong></span> <span class='ocrx_word' id='word_1_8' title='bbox 1642 150 1721 187; x_wconf 83' lang='lat'>313</span> 
     </span>
    </p>
   </div>
   <div class='ocr_carea' id='block_1_2' title="bbox 131 251 1786 954">
    <p class='ocr_par' dir='ltr' id='par_1_2' title="bbox 131 251 1786 954">
     <span class='ocr_line' id='line_1_2' title="bbox 131 251 1723 307; baseline 0.004 -16"><span class='ocrx_word' id='word_1_9' title='bbox 131 251 240 301; x_wconf 88' lang='lat' dir='ltr'>dedi,</span> <span class='ocrx_word' id='word_1_10' title='bbox 272 254 319 291; x_wconf 86' lang='lat' dir='ltr'>vt</span> <span class='ocrx_word' id='word_1_11' title='bbox 347 253 481 303; x_wconf 88' lang='lat' dir='ltr'>magis</span> <span class='ocrx_word' id='word_1_12' title='bbox 508 255 581 293; x_wconf 88' lang='lat' dir='ltr'>abs</span> <span class='ocrx_word' id='word_1_13' title='bbox 608 257 648 294; x_wconf 89' lang='lat' dir='ltr'>te</span> <span class='ocrx_word' id='word_1_14' title='bbox 677 256 837 296; x_wconf 76' lang='lat' dir='ltr'><strong>litteras</strong></span> <span class='ocrx_word' id='word_1_15' title='bbox 866 260 1089 307; x_wconf 75' lang='lat' dir='ltr'>expectem,</span> <span class='ocrx_word' id='word_1_16' title='bbox 1115 260 1255 297; x_wconf 85' lang='lat' dir='ltr'>tamen</span> <span class='ocrx_word' id='word_1_17' title='bbox 1286 258 1504 298; x_wconf 84' lang='lat' dir='ltr'>Erasmum</span> <span class='ocrx_word' id='word_1_18' title='bbox 1535 261 1723 297; x_wconf 89' lang='lat' dir='ltr'>nostrum</span> 
     </span>
     <span class='ocr_line' id='line_1_3' title="bbox 132 316 1762 372; baseline 0.004 -17"><span class='ocrx_word' id='word_1_19' title='bbox 132 316 348 368; x_wconf 75' lang='lat' dir='ltr'>vtriusque</span> <span class='ocrx_word' id='word_1_20' title='bbox 385 320 722 359; x_wconf 87' lang='lat' dir='ltr'>amantissimum</span> <span class='ocrx_word' id='word_1_21' title='bbox 755 334 933 360; x_wconf 86' lang='lat' dir='ltr'>vacuum</span> <span class='ocrx_word' id='word_1_22' title='bbox 970 322 1201 361; x_wconf 87' lang='lat' dir='ltr'>litterarum</span> <span class='ocrx_word' id='word_1_23' title='bbox 1240 324 1376 362; x_wconf 87' lang='lat' dir='ltr'>isthuc</span> <span class='ocrx_word' id='word_1_24' title='bbox 1409 324 1549 363; x_wconf 91' lang='lat' dir='ltr'>venire</span> <span class='ocrx_word' id='word_1_25' title='bbox 1582 324 1724 372; x_wconf 78' lang='lat' dir='ltr'>nolui3</span> <span class='ocrx_word' id='word_1_26' title='bbox 1745 334 1762 366; x_wconf 86' lang='lat'>5</span> 
     </span>
     <span class='ocr_line' id='line_1_4' title="bbox 134 382 1724 436; baseline 0.005 -16"><span class='ocrx_word' id='word_1_27' title='bbox 134 382 286 432; x_wconf 85' lang='lat' dir='ltr'>quibus</span> <span class='ocrx_word' id='word_1_28' title='bbox 306 382 348 421; x_wconf 90' lang='lat' dir='ltr'>id</span> <span class='ocrx_word' id='word_1_29' title='bbox 371 385 479 433; x_wconf 87' lang='lat' dir='ltr'>quod</span> <span class='ocrx_word' id='word_1_30' title='bbox 508 386 709 435; x_wconf 81' lang='lat' dir='ltr'>proximis</span> <span class='ocrx_word' id='word_1_31' title='bbox 729 387 908 436; x_wconf 87' lang='lat' dir='ltr'>postulo,</span> <span class='ocrx_word' id='word_1_32' title='bbox 928 390 974 426; x_wconf 89' lang='lat' dir='ltr'>vt</span> <span class='ocrx_word' id='word_1_33' title='bbox 995 388 1211 426; x_wconf 74' lang='lat' dir='ltr'>certiorem</span> <span class='ocrx_word' id='word_1_34' title='bbox 1231 402 1298 426; x_wconf 89' lang='lat' dir='ltr'>me</span> <span class='ocrx_word' id='word_1_35' title='bbox 1321 389 1446 427; x_wconf 87' lang='lat' dir='ltr'>facias</span> <span class='ocrx_word' id='word_1_36' title='bbox 1474 390 1657 428; x_wconf 87' lang='lat' dir='ltr'>effeceris</span> <span class='ocrx_word' id='word_1_37' title='bbox 1683 389 1724 427; x_wconf 91' lang='lat' dir='ltr'>id</span> 
     </span>
     <span class='ocr_line' id='line_1_5' title="bbox 133 448 1726 504; baseline 0.004 -18"><span class='ocrx_word' id='word_1_38' title='bbox 133 448 242 497; x_wconf 83' lang='lat' dir='ltr'>quod</span> <span class='ocrx_word' id='word_1_39' title='bbox 271 448 532 489; x_wconf 76' lang='lat' dir='ltr'>humanitate</span> <span class='ocrx_word' id='word_1_40' title='bbox 560 453 632 489; x_wconf 87' lang='lat' dir='ltr'>tua</span> <span class='ocrx_word' id='word_1_41' title='bbox 660 451 789 489; x_wconf 87' lang='lat' dir='ltr'>fretus</span> <span class='ocrx_word' id='word_1_42' title='bbox 817 452 1014 491; x_wconf 84' lang='lat' dir='ltr'>mandaui</span> <span class='ocrx_word' id='word_1_43' title='bbox 1048 466 1101 491; x_wconf 90' lang='lat' dir='ltr'>an</span> <span class='ocrx_word' id='word_1_44' title='bbox 1131 454 1317 492; x_wconf 90' lang='lat' dir='ltr'>nondum</span> <span class='ocrx_word' id='word_1_45' title='bbox 1349 454 1527 504; x_wconf 87' lang='lat' dir='ltr'>quidem.</span> <span class='ocrx_word' id='word_1_46' title='bbox 1588 455 1632 492; x_wconf 75' lang='lat' dir='ltr'>Si</span> <span class='ocrx_word' id='word_1_47' title='bbox 1660 467 1726 492; x_wconf 87' lang='lat' dir='ltr'>res</span> 
     </span>
     <span class='ocr_line' id='line_1_6' title="bbox 133 512 1721 563; baseline 0.005 -13"><span class='ocrx_word' id='word_1_48' title='bbox 133 512 268 552; x_wconf 81' lang='lat' dir='ltr'>adhuc</span> <span class='ocrx_word' id='word_1_49' title='bbox 296 513 458 563; x_wconf 88' lang='lat' dir='ltr'>integra</span> <span class='ocrx_word' id='word_1_50' title='bbox 477 515 540 562; x_wconf 88' lang='lat' dir='ltr'>sit,</span> <span class='ocrx_word' id='word_1_51' title='bbox 564 515 688 553; x_wconf 90' lang='lat' dir='ltr'>velim</span> <span class='ocrx_word' id='word_1_52' title='bbox 714 517 933 555; x_wconf 88' lang='lat' dir='ltr'>Erasmum</span> <span class='ocrx_word' id='word_1_53' title='bbox 961 520 1153 556; x_wconf 84' lang='lat' dir='ltr'>nostrum</span> <span class='ocrx_word' id='word_1_54' title='bbox 1173 532 1305 557; x_wconf 84' lang='lat' dir='ltr'>vnum</span> <span class='ocrx_word' id='word_1_55' title='bbox 1330 519 1514 557; x_wconf 84' lang='lat' dir='ltr'>adhiberi</span> <span class='ocrx_word' id='word_1_56' title='bbox 1538 520 1721 558; x_wconf 83' lang='lat' dir='ltr'>testium.</span> 
     </span>
     <span class='ocr_line' id='line_1_7' title="bbox 135 576 1723 635; baseline 0.005 -20"><span class='ocrx_word' id='word_1_57' title='bbox 135 576 219 615; x_wconf 77' lang='lat' dir='ltr'>Hie</span> <span class='ocrx_word' id='word_1_58' title='bbox 248 578 285 616; x_wconf 88' lang='lat' dir='ltr'>si</span> <span class='ocrx_word' id='word_1_59' title='bbox 313 579 410 628; x_wconf 89' lang='lat' dir='ltr'>quid</span> <span class='ocrx_word' id='word_1_60' title='bbox 439 579 494 618; x_wconf 91' lang='lat' dir='ltr'>sit</span> <span class='ocrx_word' id='word_1_61' title='bbox 521 593 601 629; x_wconf 87' lang='lat' dir='ltr'>quo</span> <span class='ocrx_word' id='word_1_62' title='bbox 620 581 688 619; x_wconf 88' lang='lat' dir='ltr'>vel</span> <span class='ocrx_word' id='word_1_63' title='bbox 708 580 783 619; x_wconf 87' lang='lat' dir='ltr'>tibi</span> <span class='ocrx_word' id='word_1_64' title='bbox 803 581 870 619; x_wconf 80' lang='lat' dir='ltr'>vel</span> <span class='ocrx_word' id='word_1_65' title='bbox 898 582 1042 621; x_wconf 87' lang='lat' dir='ltr'>amicis</span> <span class='ocrx_word' id='word_1_66' title='bbox 1072 597 1174 632; x_wconf 87' lang='lat' dir='ltr'>opus</span> <span class='ocrx_word' id='word_1_67' title='bbox 1202 597 1289 622; x_wconf 89' lang='lat' dir='ltr'>esse</span> <span class='ocrx_word' id='word_1_68' title='bbox 1317 584 1446 633; x_wconf 89' lang='lat' dir='ltr'>possit</span> <span class='ocrx_word' id='word_1_69' title='bbox 1473 598 1564 623; x_wconf 84' lang='lat' dir='ltr'>mea</span> <span class='ocrx_word' id='word_1_70' title='bbox 1592 598 1723 635; x_wconf 85' lang='lat' dir='ltr'>opera,</span> 
     </span>
     <span class='ocr_line' id='line_1_8' title="bbox 132 643 1786 696; baseline 0.004 -16"><span class='ocrx_word' id='word_1_71' title='bbox 132 643 211 681; x_wconf 87' lang='lat' dir='ltr'>erit</span> <span class='ocrx_word' id='word_1_72' title='bbox 247 656 294 681; x_wconf 85' lang='lat' dir='ltr'>ea</span> <span class='ocrx_word' id='word_1_73' title='bbox 331 657 492 694; x_wconf 85' lang='lat' dir='ltr'>semper</span> <span class='ocrx_word' id='word_1_74' title='bbox 529 647 570 683; x_wconf 89' lang='lat' dir='ltr'>et</span> <span class='ocrx_word' id='word_1_75' title='bbox 606 646 919 695; x_wconf 85' lang='lat' dir='ltr'>promptissima</span> <span class='ocrx_word' id='word_1_76' title='bbox 956 649 996 684; x_wconf 91' lang='lat' dir='ltr'>et</span> <span class='ocrx_word' id='word_1_77' title='bbox 1033 649 1306 696; x_wconf 82' lang='lat' dir='ltr'>paratissima.</span> <span class='ocrx_word' id='word_1_78' title='bbox 1376 649 1549 687; x_wconf 85' lang='lat' dir='ltr'>Erasmo</span> <span class='ocrx_word' id='word_1_79' title='bbox 1585 650 1726 687; x_wconf 89' lang='lat' dir='ltr'>nostro</span> <span class='ocrx_word' id='word_1_80' title='bbox 1748 661 1786 682; x_wconf 89' lang='lat'>10</span> 
     </span>
     <span class='ocr_line' id='line_1_9' title="bbox 133 708 1726 764; baseline 0.004 -18"><span class='ocrx_word' id='word_1_81' title='bbox 133 721 319 747; x_wconf 82' lang='lat' dir='ltr'>accessus</span> <span class='ocrx_word' id='word_1_82' title='bbox 347 708 484 748; x_wconf 88' lang='lat' dir='ltr'>isthuc</span> <span class='ocrx_word' id='word_1_83' title='bbox 512 723 632 749; x_wconf 90' lang='lat' dir='ltr'>meus</span> <span class='ocrx_word' id='word_1_84' title='bbox 656 711 705 759; x_wconf 84' lang='lat' dir='ltr'>(si</span> <span class='ocrx_word' id='word_1_85' title='bbox 734 711 840 748; x_wconf 82' lang='lat' dir='ltr'>nihil</span> <span class='ocrx_word' id='word_1_86' title='bbox 869 711 924 749; x_wconf 88' lang='lat' dir='ltr'>sit</span> <span class='ocrx_word' id='word_1_87' title='bbox 951 711 1065 750; x_wconf 88' lang='lat' dir='ltr'>aliud</span> <span class='ocrx_word' id='word_1_88' title='bbox 1096 726 1219 762; x_wconf 85' lang='lat' dir='ltr'>quam</span> <span class='ocrx_word' id='word_1_89' title='bbox 1248 714 1355 763; x_wconf 88' lang='lat' dir='ltr'>quod</span> <span class='ocrx_word' id='word_1_90' title='bbox 1387 728 1410 752; x_wconf 83' lang='lat' dir='ltr'>a</span> <span class='ocrx_word' id='word_1_91' title='bbox 1438 716 1478 752; x_wconf 84' lang='lat' dir='ltr'>te</span> <span class='ocrx_word' id='word_1_92' title='bbox 1507 714 1622 764; x_wconf 87' lang='lat' dir='ltr'>petii)</span> <span class='ocrx_word' id='word_1_93' title='bbox 1643 727 1726 752; x_wconf 87' lang='lat' dir='ltr'>non</span> 
     </span>
     <span class='ocr_line' id='line_1_10' title="bbox 133 773 1726 826; baseline 0.004 -16"><span class='ocrx_word' id='word_1_94' title='bbox 133 773 301 811; x_wconf 88' lang='lat' dir='ltr'>videtur</span> <span class='ocrx_word' id='word_1_95' title='bbox 319 774 573 813; x_wconf 88' lang='lat' dir='ltr'>necessarius</span> <span class='ocrx_word' id='word_1_96' title='bbox 586 788 597 823; x_wconf 88' lang='lat'>;</span> <span class='ocrx_word' id='word_1_97' title='bbox 628 775 765 825; x_wconf 84' lang='lat' dir='ltr'>itaque</span> <span class='ocrx_word' id='word_1_98' title='bbox 789 777 966 815; x_wconf 87' lang='lat' dir='ltr'>necdum</span> <span class='ocrx_word' id='word_1_99' title='bbox 993 777 1120 816; x_wconf 79' lang='lat' dir='ltr'>statui</span> <span class='ocrx_word' id='word_1_100' title='bbox 1141 778 1305 816; x_wconf 88' lang='lat' dir='ltr'>veniam</span> <span class='ocrx_word' id='word_1_101' title='bbox 1327 792 1465 817; x_wconf 80' lang='lat' dir='ltr'>necne.</span> <span class='ocrx_word' id='word_1_102' title='bbox 1525 780 1637 826; x_wconf 79' lang='lat' dir='ltr'>Vale,</span> <span class='ocrx_word' id='word_1_103' title='bbox 1661 779 1726 816; x_wconf 86' lang='lat' dir='ltr'>cui</span> 
     </span>
     <span class='ocr_line' id='line_1_11' title="bbox 131 837 825 888; baseline 0.004 -13"><span class='ocrx_word' id='word_1_104' title='bbox 131 837 254 888; x_wconf 86' lang='lat' dir='ltr'>cupio</span> <span class='ocrx_word' id='word_1_105' title='bbox 273 851 360 877; x_wconf 87' lang='lat' dir='ltr'>esse</span> <span class='ocrx_word' id='word_1_106' title='bbox 380 840 825 880; x_wconf 85' lang='lat' dir='ltr'>commendatissimus.</span> 
     </span>
     <span class='ocr_line' id='line_1_12' title="bbox 187 902 460 954; baseline 0.007 -14"><span class='ocrx_word' id='word_1_107' title='bbox 187 902 247 941; x_wconf 83' lang='lat' dir='ltr'>xii</span> <span class='ocrx_word' id='word_1_108' title='bbox 266 904 460 954; x_wconf 84' lang='lat' dir='ltr'>Augusti.</span> 
     </span>
    </p>
   </div>
   <div class='ocr_carea' id='block_1_3' title="bbox 533 1039 1327 1095">
    <p class='ocr_par' dir='ltr' id='par_1_3' title="bbox 533 1039 1327 1095">
     <span class='ocr_line' id='line_1_13' title="bbox 533 1039 1327 1095; baseline 0.001 -15"><span class='ocrx_word' id='word_1_109' title='bbox 533 1042 672 1095; x_wconf 70' lang='lat' dir='ltr'>44945G</span> <span class='ocrx_word' id='word_1_110' title='bbox 733 1039 864 1082; x_wconf 82' lang='lat' dir='ltr'><strong>FROM</strong></span> <span class='ocrx_word' id='word_1_111' title='bbox 898 1040 1063 1082; x_wconf 78' lang='lat' dir='ltr'>HENRY</span> <span class='ocrx_word' id='word_1_112' title='bbox 1097 1041 1327 1082; x_wconf 75' lang='lat' dir='ltr'>BULLOCK.</span> 
     </span>
    </p>
   </div>
   <div class='ocr_carea' id='block_1_4' title="bbox 181 1128 1680 1237">
    <p class='ocr_par' dir='ltr' id='par_1_4' title="bbox 181 1128 1680 1237">
     <span class='ocr_line' id='line_1_14' title="bbox 185 1128 1605 1178; baseline 0.004 -16"><span class='ocrx_word' id='word_1_113' title='bbox 185 1128 357 1174; x_wconf 86' lang='lat' dir='ltr'>Epistole</span> <span class='ocrx_word' id='word_1_114' title='bbox 375 1130 421 1164; x_wconf 86' lang='lat' dir='ltr'>ad</span> <span class='ocrx_word' id='word_1_115' title='bbox 438 1129 635 1166; x_wconf 82' lang='lat' dir='ltr'>Erasmum</span> <span class='ocrx_word' id='word_1_116' title='bbox 653 1131 699 1165; x_wconf 85' lang='lat' dir='ltr'>f0.</span> <span class='ocrx_word' id='word_1_117' title='bbox 717 1131 757 1166; x_wconf 68' lang='lat' dir='ltr'>d*</span> <span class='ocrx_word' id='word_1_118' title='bbox 775 1135 825 1166; x_wconf 88' lang='lat' dir='ltr'>v0.</span> <span class='ocrx_word' id='word_1_119' title='bbox 1370 1133 1605 1178; x_wconf 80' lang='lat' dir='ltr'>Cambridge.</span> 
     </span>
     <span class='ocr_line' id='line_1_15' title="bbox 181 1186 1680 1237; baseline 0.003 -15"><span class='ocrx_word' id='word_1_120' title='bbox 181 1186 235 1222; x_wconf 78' lang='lat'>0².</span> <span class='ocrx_word' id='word_1_121' title='bbox 253 1199 288 1232; x_wconf 88' lang='lat' dir='ltr'>p.</span> <span class='ocrx_word' id='word_1_122' title='bbox 309 1198 399 1233; x_wconf 87' lang='lat'>233:</span> <span class='ocrx_word' id='word_1_123' title='bbox 429 1188 468 1224; x_wconf 83' lang='lat' dir='ltr'>F.</span> <span class='ocrx_word' id='word_1_124' title='bbox 487 1201 524 1234; x_wconf 86' lang='lat' dir='ltr'>p.</span> <span class='ocrx_word' id='word_1_125' title='bbox 543 1190 609 1233; x_wconf 84' lang='lat'>85:</span> <span class='ocrx_word' id='word_1_126' title='bbox 636 1189 728 1225; x_wconf 92' lang='lat' dir='ltr'>HN:</span> <span class='ocrx_word' id='word_1_127' title='bbox 758 1190 874 1226; x_wconf 88' lang='lat' dir='ltr'>Lond.</span> <span class='ocrx_word' id='word_1_128' title='bbox 892 1189 931 1224; x_wconf 88' lang='lat' dir='ltr'>ii.</span> <span class='ocrx_word' id='word_1_129' title='bbox 949 1201 992 1235; x_wconf 87' lang='lat'>9:</span> <span class='ocrx_word' id='word_1_130' title='bbox 1020 1189 1092 1224; x_wconf 86' lang='lat' dir='ltr'>LB.</span> <span class='ocrx_word' id='word_1_131' title='bbox 1114 1191 1192 1225; x_wconf 84' lang='lat'>216.</span> <span class='ocrx_word' id='word_1_132' title='bbox 1303 1202 1345 1235; x_wconf 83' lang='lat'>13</span> <span class='ocrx_word' id='word_1_133' title='bbox 1364 1191 1507 1236; x_wconf 77' lang='lat' dir='ltr'>August</span> <span class='ocrx_word' id='word_1_134' title='bbox 1526 1189 1680 1237; x_wconf 80' lang='lat'>(1516).</span> 
     </span>
    </p>
   </div>
   <div class='ocr_carea' id='block_1_5' title="bbox 440 1270 1476 1313">
    <p class='ocr_par' dir='ltr' id='par_1_5' title="bbox 440 1270 1476 1313">
     <span class='ocr_line' id='line_1_16' title="bbox 440 1270 1476 1313; baseline 0.004 -13"><span class='ocrx_word' id='word_1_135' title='bbox 440 1270 552 1312; x_wconf 81' lang='lat'>[1516,</span> <span class='ocrx_word' id='word_1_136' title='bbox 571 1271 719 1302; x_wconf 83' lang='lat' dir='ltr'>because</span> <span class='ocrx_word' id='word_1_137' title='bbox 736 1271 799 1302; x_wconf 89' lang='lat' dir='ltr'>the</span> <span class='ocrx_word' id='word_1_138' title='bbox 819 1272 905 1302; x_wconf 87' lang='lat' dir='ltr'>New</span> <span class='ocrx_word' id='word_1_139' title='bbox 920 1271 1129 1303; x_wconf 82' lang='lat' dir='ltr'>Testament</span> <span class='ocrx_word' id='word_1_140' title='bbox 1147 1273 1177 1302; x_wconf 75' lang='lat' dir='ltr'>is</span> <span class='ocrx_word' id='word_1_141' title='bbox 1193 1272 1415 1313; x_wconf 83' lang='lat' dir='ltr'>published.]</span> <span class='ocrx_word' id='word_1_142' title='bbox 1472 1294 1476 1298; x_wconf 91' lang='lat'><em>-</em></span> 
     </span>
    </p>
   </div>
   <div class='ocr_carea' id='block_1_6' title="bbox 265 1367 1604 1470">
    <p class='ocr_par' dir='ltr' id='par_1_6' title="bbox 265 1367 1604 1470">
     <span class='ocr_line' id='line_1_17' title="bbox 265 1367 1604 1401; baseline 0.001 -3"><span class='ocrx_word' id='word_1_143' title='bbox 265 1367 403 1399; x_wconf 79' lang='lat' dir='ltr'>VNICO</span> <span class='ocrx_word' id='word_1_144' title='bbox 434 1369 657 1400; x_wconf 82' lang='lat' dir='ltr'><strong>TEMPORIS</strong></span> <span class='ocrx_word' id='word_1_145' title='bbox 687 1370 828 1400; x_wconf 79' lang='lat' dir='ltr'>HVIVS</span> <span class='ocrx_word' id='word_1_146' title='bbox 859 1370 1134 1401; x_wconf 80' lang='lat' dir='ltr'><strong>ORNAMENTO</strong></span> <span class='ocrx_word' id='word_1_147' title='bbox 1166 1370 1393 1401; x_wconf 76' lang='lat' dir='ltr'><strong>MAGISTRO</strong></span> <span class='ocrx_word' id='word_1_148' title='bbox 1426 1371 1604 1401; x_wconf 76' lang='lat' dir='ltr'><strong>ERASMO</strong></span> 
     </span>
     <span class='ocr_line' id='line_1_18' title="bbox 753 1439 1110 1470; baseline 0 -1"><span class='ocrx_word' id='word_1_149' title='bbox 753 1439 975 1469; x_wconf 87' lang='lat' dir='ltr'>BOVILLVS</span> <span class='ocrx_word' id='word_1_150' title='bbox 1007 1439 1040 1470; x_wconf 83' lang='lat' dir='ltr'>S.</span> <span class='ocrx_word' id='word_1_151' title='bbox 1068 1440 1110 1469; x_wconf 90' lang='lat' dir='ltr'>D.</span> 
     </span>
    </p>
   </div>
   <div class='ocr_carea' id='block_1_7' title="bbox 100 1517 1793 2550">
    <p class='ocr_par' dir='ltr' id='par_1_7' title="bbox 100 1517 1793 2353">
     <span class='ocr_line' id='line_1_19' title="bbox 192 1517 1731 1571; baseline 0.003 -15"><span class='ocrx_word' id='word_1_152' title='bbox 192 1517 306 1557; x_wconf 86' lang='lat' dir='ltr'>Tvvs</span> <span class='ocrx_word' id='word_1_153' title='bbox 324 1517 369 1556; x_wconf 92' lang='lat' dir='ltr'>in</span> <span class='ocrx_word' id='word_1_154' title='bbox 388 1518 591 1568; x_wconf 85' lang='lat' dir='ltr'>Angliam</span> <span class='ocrx_word' id='word_1_155' title='bbox 609 1519 777 1567; x_wconf 85' lang='lat' dir='ltr'>reditus,</span> <span class='ocrx_word' id='word_1_156' title='bbox 796 1522 1009 1571; x_wconf 74' lang='lat' dir='ltr'>preceptor</span> <span class='ocrx_word' id='word_1_157' title='bbox 1029 1520 1276 1567; x_wconf 87' lang='lat' dir='ltr'>doctissime,</span> <span class='ocrx_word' id='word_1_158' title='bbox 1292 1523 1356 1559; x_wconf 86' lang='lat' dir='ltr'>est</span> <span class='ocrx_word' id='word_1_159' title='bbox 1377 1521 1571 1560; x_wconf 91' lang='lat' dir='ltr'>omnibus</span> <span class='ocrx_word' id='word_1_160' title='bbox 1590 1520 1731 1560; x_wconf 85' lang='lat' dir='ltr'>amicis</span> 
     </span>
     <span class='ocr_line' id='line_1_20' title="bbox 133 1583 1730 1636; baseline 0 -14"><span class='ocrx_word' id='word_1_161' title='bbox 133 1584 221 1622; x_wconf 88' lang='lat' dir='ltr'>tuis</span> <span class='ocrx_word' id='word_1_162' title='bbox 241 1583 573 1636; x_wconf 83' lang='lat' dir='ltr'>Cantabrigianis</span> <span class='ocrx_word' id='word_1_163' title='bbox 598 1585 748 1635; x_wconf 90' lang='lat' dir='ltr'>oppido</span> <span class='ocrx_word' id='word_1_164' title='bbox 775 1599 901 1635; x_wconf 90' lang='lat' dir='ltr'>quam</span> <span class='ocrx_word' id='word_1_165' title='bbox 926 1588 1067 1636; x_wconf 83' lang='lat' dir='ltr'>gratus</span> <span class='ocrx_word' id='word_1_166' title='bbox 1085 1601 1094 1634; x_wconf 76' lang='lat'><em>3</em></span> <span class='ocrx_word' id='word_1_167' title='bbox 1123 1599 1246 1636; x_wconf 90' lang='lat' dir='ltr'>super</span> <span class='ocrx_word' id='word_1_168' title='bbox 1265 1588 1445 1626; x_wconf 84' lang='lat' dir='ltr'>caeteros</span> <span class='ocrx_word' id='word_1_169' title='bbox 1462 1587 1604 1625; x_wconf 88' lang='lat' dir='ltr'>tamen</span> <span class='ocrx_word' id='word_1_170' title='bbox 1624 1585 1730 1624; x_wconf 85' lang='lat' dir='ltr'>mihi</span> 
     </span>
     <span class='ocr_line' id='line_1_21' title="bbox 137 1648 1731 1700; baseline 0.001 -14"><span class='ocrx_word' id='word_1_171' title='bbox 137 1648 259 1699; x_wconf 88' lang='lat' dir='ltr'>longe</span> <span class='ocrx_word' id='word_1_172' title='bbox 277 1650 550 1699; x_wconf 86' lang='lat' dir='ltr'>gratissimus,</span> <span class='ocrx_word' id='word_1_173' title='bbox 572 1652 713 1700; x_wconf 89' lang='lat' dir='ltr'>vtpote</span> <span class='ocrx_word' id='word_1_174' title='bbox 740 1651 811 1700; x_wconf 88' lang='lat' dir='ltr'>qui</span> <span class='ocrx_word' id='word_1_175' title='bbox 836 1651 932 1692; x_wconf 87' lang='lat' dir='ltr'>aliis</span> <span class='ocrx_word' id='word_1_176' title='bbox 957 1651 1151 1689; x_wconf 90' lang='lat' dir='ltr'>omnibus</span> <span class='ocrx_word' id='word_1_177' title='bbox 1171 1664 1264 1689; x_wconf 90' lang='lat' dir='ltr'>sum</span> <span class='ocrx_word' id='word_1_178' title='bbox 1285 1650 1364 1689; x_wconf 88' lang='lat' dir='ltr'>tibi</span> <span class='ocrx_word' id='word_1_179' title='bbox 1382 1650 1530 1689; x_wconf 89' lang='lat' dir='ltr'>multis</span> <span class='ocrx_word' id='word_1_180' title='bbox 1545 1650 1731 1700; x_wconf 87' lang='lat' dir='ltr'>partibus</span> 
     </span>
     <span class='ocr_line' id='line_1_22' title="bbox 135 1714 1729 1766; baseline 0.001 -14"><span class='ocrx_word' id='word_1_181' title='bbox 135 1714 380 1754; x_wconf 86' lang='lat' dir='ltr'>deuinctior.</span> <span class='ocrx_word' id='word_1_182' title='bbox 440 1716 587 1766; x_wconf 87' lang='lat' dir='ltr'>Itaque</span> <span class='ocrx_word' id='word_1_183' title='bbox 607 1729 732 1765; x_wconf 87' lang='lat' dir='ltr'>quam</span> <span class='ocrx_word' id='word_1_184' title='bbox 752 1716 1027 1754; x_wconf 83' lang='lat' dir='ltr'>libentissime</span> <span class='ocrx_word' id='word_1_185' title='bbox 1047 1718 1086 1754; x_wconf 87' lang='lat' dir='ltr'>te</span> <span class='ocrx_word' id='word_1_186' title='bbox 1106 1716 1149 1754; x_wconf 91' lang='lat' dir='ltr'>in</span> <span class='ocrx_word' id='word_1_187' title='bbox 1170 1716 1434 1765; x_wconf 82' lang='lat' dir='ltr'>Cantabrigia</span> <span class='ocrx_word' id='word_1_188' title='bbox 1452 1716 1647 1764; x_wconf 88' lang='lat' dir='ltr'>viderem,</span> <span class='ocrx_word' id='word_1_189' title='bbox 1672 1718 1729 1764; x_wconf 90' lang='lat' dir='ltr'>vt,</span> 
     </span>
     <span class='ocr_line' id='line_1_23' title="bbox 100 1778 1768 1831; baseline 0.001 -13"><span class='ocrx_word' id='word_1_190' title='bbox 100 1778 104 1781; x_wconf 38' lang='lat'>⁵</span> <span class='ocrx_word' id='word_1_191' title='bbox 139 1780 176 1818; x_wconf 84' lang='lat' dir='ltr'>si</span> <span class='ocrx_word' id='word_1_192' title='bbox 209 1793 293 1818; x_wconf 89' lang='lat' dir='ltr'>non</span> <span class='ocrx_word' id='word_1_193' title='bbox 330 1780 450 1819; x_wconf 93' lang='lat' dir='ltr'>detur</span> <span class='ocrx_word' id='word_1_194' title='bbox 487 1781 793 1831; x_wconf 86' lang='lat' dir='ltr'>multiplicibus</span> <span class='ocrx_word' id='word_1_195' title='bbox 826 1782 910 1820; x_wconf 89' lang='lat' dir='ltr'>tuis</span> <span class='ocrx_word' id='word_1_196' title='bbox 942 1794 1039 1831; x_wconf 87' lang='lat' dir='ltr'>erga</span> <span class='ocrx_word' id='word_1_197' title='bbox 1071 1795 1138 1819; x_wconf 87' lang='lat' dir='ltr'>me</span> <span class='ocrx_word' id='word_1_198' title='bbox 1173 1781 1384 1819; x_wconf 88' lang='lat' dir='ltr'>beneficiis</span> <span class='ocrx_word' id='word_1_199' title='bbox 1416 1783 1462 1819; x_wconf 91' lang='lat' dir='ltr'>vt</span> <span class='ocrx_word' id='word_1_200' title='bbox 1489 1781 1640 1819; x_wconf 89' lang='lat' dir='ltr'>vellem</span> <span class='ocrx_word' id='word_1_201' title='bbox 1673 1795 1731 1820; x_wconf 89' lang='lat' dir='ltr'>re-</span> <span class='ocrx_word' id='word_1_202' title='bbox 1751 1799 1768 1830; x_wconf 86' lang='lat'><strong><em>5</em></strong></span> 
     </span>
     <span class='ocr_line' id='line_1_24' title="bbox 136 1846 1732 1897; baseline 0.001 -14"><span class='ocrx_word' id='word_1_203' title='bbox 136 1846 348 1895; x_wconf 83' lang='lat' dir='ltr'>spondere,</span> <span class='ocrx_word' id='word_1_204' title='bbox 372 1846 504 1884; x_wconf 90' lang='lat' dir='ltr'>animi</span> <span class='ocrx_word' id='word_1_205' title='bbox 530 1846 678 1885; x_wconf 84' lang='lat' dir='ltr'>saltem</span> <span class='ocrx_word' id='word_1_206' title='bbox 705 1846 1082 1897; x_wconf 89' lang='lat' dir='ltr'>promptitudinem</span> <span class='ocrx_word' id='word_1_207' title='bbox 1100 1846 1239 1896; x_wconf 85' lang='lat' dir='ltr'>(quam</span> <span class='ocrx_word' id='word_1_208' title='bbox 1261 1847 1391 1884; x_wconf 87' lang='lat' dir='ltr'>solam</span> <span class='ocrx_word' id='word_1_209' title='bbox 1410 1846 1539 1884; x_wconf 89' lang='lat' dir='ltr'>ferme</span> <span class='ocrx_word' id='word_1_210' title='bbox 1559 1846 1732 1896; x_wconf 86' lang='lat' dir='ltr'>possim)</span> 
     </span>
     <span class='ocr_line' id='line_1_25' title="bbox 139 1911 1732 1962; baseline 0.001 -13"><span class='ocrx_word' id='word_1_211' title='bbox 139 1911 397 1954; x_wconf 85' lang='lat' dir='ltr'>ostenderem</span> <span class='ocrx_word' id='word_1_212' title='bbox 417 1926 426 1959; x_wconf 82' lang='lat'><em>3</em></span> <span class='ocrx_word' id='word_1_213' title='bbox 454 1924 548 1949; x_wconf 90' lang='lat' dir='ltr'>sum</span> <span class='ocrx_word' id='word_1_214' title='bbox 567 1911 681 1950; x_wconf 90' lang='lat' dir='ltr'>enim</span> <span class='ocrx_word' id='word_1_215' title='bbox 706 1911 1001 1961; x_wconf 86' lang='lat' dir='ltr'>cupidissimus</span> <span class='ocrx_word' id='word_1_216' title='bbox 1026 1914 1066 1950; x_wconf 89' lang='lat' dir='ltr'>te</span> <span class='ocrx_word' id='word_1_217' title='bbox 1084 1912 1253 1950; x_wconf 86' lang='lat' dir='ltr'>videndi</span> <span class='ocrx_word' id='word_1_218' title='bbox 1278 1925 1324 1950; x_wconf 83' lang='lat' dir='ltr'>ac</span> <span class='ocrx_word' id='word_1_219' title='bbox 1349 1913 1545 1961; x_wconf 87' lang='lat' dir='ltr'>perpetuo</span> <span class='ocrx_word' id='word_1_220' title='bbox 1563 1912 1672 1962; x_wconf 88' lang='lat' dir='ltr'>apud</span> <span class='ocrx_word' id='word_1_221' title='bbox 1692 1914 1732 1950; x_wconf 89' lang='lat' dir='ltr'>te</span> 
     </span>
     <span class='ocr_line' id='line_1_26' title="bbox 140 1976 1733 2027; baseline 0.001 -13"><span class='ocrx_word' id='word_1_222' title='bbox 140 1977 349 2015; x_wconf 86' lang='lat' dir='ltr'>manendi.</span> <span class='ocrx_word' id='word_1_223' title='bbox 410 1976 488 2015; x_wconf 83' lang='lat' dir='ltr'>Sed</span> <span class='ocrx_word' id='word_1_224' title='bbox 509 1977 606 2015; x_wconf 89' lang='lat' dir='ltr'>fatis</span> <span class='ocrx_word' id='word_1_225' title='bbox 624 1977 844 2027; x_wconf 88' lang='lat' dir='ltr'>prohibeor</span> <span class='ocrx_word' id='word_1_226' title='bbox 867 1991 913 2016; x_wconf 89' lang='lat' dir='ltr'>ac</span> <span class='ocrx_word' id='word_1_227' title='bbox 938 1977 1106 2016; x_wconf 88' lang='lat' dir='ltr'>fortuna</span> <span class='ocrx_word' id='word_1_228' title='bbox 1131 1976 1265 2015; x_wconf 80' lang='lat' dir='ltr'>adhuc</span> <span class='ocrx_word' id='word_1_229' title='bbox 1284 1977 1407 2026; x_wconf 86' lang='lat' dir='ltr'>paulo</span> <span class='ocrx_word' id='word_1_230' title='bbox 1426 1977 1707 2016; x_wconf 88' lang='lat' dir='ltr'>inuidentiore</span> <span class='ocrx_word' id='word_1_231' title='bbox 1724 1992 1733 2024; x_wconf 90' lang='lat'>;</span> 
     </span>
     <span class='ocr_line' id='line_1_27' title="bbox 139 2041 1734 2092; baseline 0.001 -12"><span class='ocrx_word' id='word_1_232' title='bbox 139 2041 296 2091; x_wconf 81' lang='lat' dir='ltr'>alioqui</span> <span class='ocrx_word' id='word_1_233' title='bbox 323 2042 470 2092; x_wconf 90' lang='lat' dir='ltr'>quouis</span> <span class='ocrx_word' id='word_1_234' title='bbox 499 2042 689 2092; x_wconf 88' lang='lat' dir='ltr'>gentium</span> <span class='ocrx_word' id='word_1_235' title='bbox 717 2043 863 2091; x_wconf 86' lang='lat' dir='ltr'>abires,</span> <span class='ocrx_word' id='word_1_236' title='bbox 894 2044 1052 2082; x_wconf 85' lang='lat' dir='ltr'>certum</span> <span class='ocrx_word' id='word_1_237' title='bbox 1080 2044 1186 2081; x_wconf 86' lang='lat' dir='ltr'>esset</span> <span class='ocrx_word' id='word_1_238' title='bbox 1214 2042 1414 2092; x_wconf 87' lang='lat' dir='ltr'>persequi.</span> <span class='ocrx_word' id='word_1_239' title='bbox 1473 2042 1558 2081; x_wconf 88' lang='lat' dir='ltr'>Hic</span> <span class='ocrx_word' id='word_1_240' title='bbox 1586 2043 1734 2081; x_wconf 87' lang='lat' dir='ltr'>acriter</span> 
     </span>
     <span class='ocr_line' id='line_1_28' title="bbox 139 2107 1793 2160; baseline -0.001 -13"><span class='ocrx_word' id='word_1_241' title='bbox 139 2108 390 2147; x_wconf 87' lang='lat' dir='ltr'>incumbunt</span> <span class='ocrx_word' id='word_1_242' title='bbox 406 2107 539 2146; x_wconf 90' lang='lat' dir='ltr'>literis</span> <span class='ocrx_word' id='word_1_243' title='bbox 553 2109 720 2147; x_wconf 79' lang='lat' dir='ltr'>Graecis</span> <span class='ocrx_word' id='word_1_244' title='bbox 733 2110 960 2158; x_wconf 85' lang='lat' dir='ltr'>optantque</span> <span class='ocrx_word' id='word_1_245' title='bbox 975 2121 1058 2146; x_wconf 91' lang='lat' dir='ltr'>non</span> <span class='ocrx_word' id='word_1_246' title='bbox 1074 2108 1336 2147; x_wconf 88' lang='lat' dir='ltr'>mediocriter</span> <span class='ocrx_word' id='word_1_247' title='bbox 1349 2110 1470 2146; x_wconf 90' lang='lat' dir='ltr'>tuum</span> <span class='ocrx_word' id='word_1_248' title='bbox 1483 2108 1733 2160; x_wconf 84' lang='lat' dir='ltr'>aduentum;</span> <span class='ocrx_word' id='word_1_249' title='bbox 1756 2125 1793 2146; x_wconf 90' lang='lat'>10</span> 
     </span>
     <span class='ocr_line' id='line_1_29' title="bbox 138 2173 1733 2223; baseline 0 -11"><span class='ocrx_word' id='word_1_250' title='bbox 138 2176 183 2212; x_wconf 89' lang='lat' dir='ltr'>et</span> <span class='ocrx_word' id='word_1_251' title='bbox 202 2173 247 2212; x_wconf 91' lang='lat' dir='ltr'>hi</span> <span class='ocrx_word' id='word_1_252' title='bbox 266 2187 513 2223; x_wconf 87' lang='lat' dir='ltr'>magnopere</span> <span class='ocrx_word' id='word_1_253' title='bbox 534 2174 677 2212; x_wconf 88' lang='lat' dir='ltr'>fauent</span> <span class='ocrx_word' id='word_1_254' title='bbox 696 2174 792 2212; x_wconf 89' lang='lat' dir='ltr'>huic</span> <span class='ocrx_word' id='word_1_255' title='bbox 811 2175 906 2212; x_wconf 86' lang='lat' dir='ltr'>tuae</span> <span class='ocrx_word' id='word_1_256' title='bbox 926 2173 971 2212; x_wconf 89' lang='lat' dir='ltr'>in</span> <span class='ocrx_word' id='word_1_257' title='bbox 991 2173 1160 2212; x_wconf 89' lang='lat' dir='ltr'>Nouum</span> <span class='ocrx_word' id='word_1_258' title='bbox 1180 2173 1496 2212; x_wconf 83' lang='lat' dir='ltr'>Testamentum</span> <span class='ocrx_word' id='word_1_259' title='bbox 1514 2173 1733 2212; x_wconf 87' lang='lat' dir='ltr'>aeditioni:</span> 
     </span>
     <span class='ocr_line' id='line_1_30' title="bbox 138 2238 1733 2289; baseline 0.001 -13"><span class='ocrx_word' id='word_1_260' title='bbox 138 2238 200 2276; x_wconf 88' lang='lat' dir='ltr'>dii</span> <span class='ocrx_word' id='word_1_261' title='bbox 227 2239 328 2277; x_wconf 90' lang='lat' dir='ltr'>boni</span> <span class='ocrx_word' id='word_1_262' title='bbox 361 2253 487 2289; x_wconf 90' lang='lat' dir='ltr'>quam</span> <span class='ocrx_word' id='word_1_263' title='bbox 525 2239 714 2288; x_wconf 83' lang='lat' dir='ltr'>eleganti,</span> <span class='ocrx_word' id='word_1_264' title='bbox 747 2240 914 2288; x_wconf 85' lang='lat' dir='ltr'>argutae</span> <span class='ocrx_word' id='word_1_265' title='bbox 946 2251 991 2278; x_wconf 90' lang='lat' dir='ltr'>ac</span> <span class='ocrx_word' id='word_1_266' title='bbox 1024 2238 1218 2277; x_wconf 87' lang='lat' dir='ltr'>omnibus</span> <span class='ocrx_word' id='word_1_267' title='bbox 1250 2239 1340 2277; x_wconf 87' lang='lat' dir='ltr'>sani</span> <span class='ocrx_word' id='word_1_268' title='bbox 1373 2241 1519 2288; x_wconf 87' lang='lat' dir='ltr'>gustus</span> <span class='ocrx_word' id='word_1_269' title='bbox 1547 2239 1664 2278; x_wconf 87' lang='lat' dir='ltr'>suani</span> <span class='ocrx_word' id='word_1_270' title='bbox 1692 2241 1733 2277; x_wconf 89' lang='lat' dir='ltr'>et</span> 
     </span>
     <span class='ocr_line' id='line_1_31' title="bbox 140 2305 489 2353; baseline 0.006 -11"><span class='ocrx_word' id='word_1_271' title='bbox 140 2305 465 2353; x_wconf 84' lang='lat' dir='ltr'>pernecessariae</span> <span class='ocrx_word' id='word_1_272' title='bbox 480 2306 489 2344; x_wconf 83' lang='lat'>!</span> 
     </span>
    </p>

    <p class='ocr_par' dir='ltr' id='par_1_8' title="bbox 136 2368 1791 2550">
     <span class='ocr_line' id='line_1_32' title="bbox 196 2368 1733 2419; baseline -0.001 -12"><span class='ocrx_word' id='word_1_273' title='bbox 196 2368 277 2408; x_wconf 83' lang='lat' dir='ltr'>Sed</span> <span class='ocrx_word' id='word_1_274' title='bbox 307 2370 406 2408; x_wconf 89' lang='lat' dir='ltr'>haec</span> <span class='ocrx_word' id='word_1_275' title='bbox 435 2370 647 2409; x_wconf 86' lang='lat' dir='ltr'>hactenus.</span> <span class='ocrx_word' id='word_1_276' title='bbox 708 2371 784 2409; x_wconf 89' lang='lat' dir='ltr'>Est</span> <span class='ocrx_word' id='word_1_277' title='bbox 812 2370 881 2408; x_wconf 86' lang='lat' dir='ltr'>hic</span> <span class='ocrx_word' id='word_1_278' title='bbox 910 2369 1073 2408; x_wconf 91' lang='lat' dir='ltr'>iuuenis</span> <span class='ocrx_word' id='word_1_279' title='bbox 1108 2369 1276 2419; x_wconf 85' lang='lat' dir='ltr'>quidam</span> <span class='ocrx_word' id='word_1_280' title='bbox 1311 2369 1382 2419; x_wconf 85' lang='lat' dir='ltr'>qui</span> <span class='ocrx_word' id='word_1_281' title='bbox 1411 2369 1619 2407; x_wconf 88' lang='lat' dir='ltr'>continuis</span> <span class='ocrx_word' id='word_1_282' title='bbox 1648 2383 1733 2418; x_wconf 88' lang='lat' dir='ltr'>pre-</span> 
     </span>
     <span class='ocr_line' id='line_1_33' title="bbox 136 2433 1791 2482; baseline -0.001 -10"><span class='ocrx_word' id='word_1_283' title='bbox 136 2435 256 2473; x_wconf 79' lang='lat' dir='ltr'>cibus</span> <span class='ocrx_word' id='word_1_284' title='bbox 275 2434 457 2473; x_wconf 87' lang='lat' dir='ltr'>obtinuit</span> <span class='ocrx_word' id='word_1_285' title='bbox 485 2437 531 2474; x_wconf 88' lang='lat' dir='ltr'>vt</span> <span class='ocrx_word' id='word_1_286' title='bbox 560 2448 602 2473; x_wconf 91' lang='lat' dir='ltr'>se</span> <span class='ocrx_word' id='word_1_287' title='bbox 630 2435 710 2474; x_wconf 87' lang='lat' dir='ltr'>tibi</span> <span class='ocrx_word' id='word_1_288' title='bbox 738 2434 1096 2482; x_wconf 80' lang='lat' dir='ltr'>commendarem3</span> <span class='ocrx_word' id='word_1_289' title='bbox 1134 2435 1383 2473; x_wconf 88' lang='lat' dir='ltr'>Edmundus</span> <span class='ocrx_word' id='word_1_290' title='bbox 1411 2433 1541 2472; x_wconf 90' lang='lat' dir='ltr'>Polus</span> <span class='ocrx_word' id='word_1_291' title='bbox 1568 2434 1731 2482; x_wconf 87' lang='lat' dir='ltr'>arduus,</span> <span class='ocrx_word' id='word_1_292' title='bbox 1756 2450 1791 2481; x_wconf 84' lang='lat'>¹5</span> 
     </span>
     <span class='ocr_line' id='line_1_34' title="bbox 144 2498 1733 2550; baseline -0.001 -13"><span class='ocrx_word' id='word_1_293' title='bbox 144 2513 308 2538; x_wconf 88' lang='lat' dir='ltr'>morum</span> <span class='ocrx_word' id='word_1_294' title='bbox 340 2513 539 2550; x_wconf 89' lang='lat' dir='ltr'>perquam</span> <span class='ocrx_word' id='word_1_295' title='bbox 571 2501 841 2539; x_wconf 88' lang='lat' dir='ltr'>candidorum</span> <span class='ocrx_word' id='word_1_296' title='bbox 873 2501 914 2538; x_wconf 92' lang='lat' dir='ltr'>et</span> <span class='ocrx_word' id='word_1_297' title='bbox 944 2499 1008 2538; x_wconf 88' lang='lat' dir='ltr'>tui</span> <span class='ocrx_word' id='word_1_298' title='bbox 1037 2498 1362 2538; x_wconf 86' lang='lat' dir='ltr'>amantissimus.</span> <span class='ocrx_word' id='word_1_299' title='bbox 1423 2498 1506 2536; x_wconf 88' lang='lat' dir='ltr'>Hic</span> <span class='ocrx_word' id='word_1_300' title='bbox 1536 2498 1615 2537; x_wconf 87' lang='lat' dir='ltr'>sibi</span> <span class='ocrx_word' id='word_1_301' title='bbox 1646 2511 1733 2549; x_wconf 89' lang='lat' dir='ltr'>per·</span> 
     </span>
    </p>
   </div>
   <div class='ocr_carea' id='block_1_8' title="bbox 404 2597 1473 2636">
    <p class='ocr_par' dir='ltr' id='par_1_9' title="bbox 404 2597 1473 2636">
     <span class='ocr_line' id='line_1_35' title="bbox 404 2597 1473 2636; baseline 0 -10"><span class='ocrx_word' id='word_1_302' title='bbox 404 2597 479 2627; x_wconf 79' lang='lat'>449.</span> <span class='ocrx_word' id='word_1_303' title='bbox 507 2607 536 2636; x_wconf 91' lang='lat'>9.</span> <span class='ocrx_word' id='word_1_304' title='bbox 562 2597 688 2636; x_wconf 85' lang='lat' dir='ltr'>quouis</span> <span class='ocrx_word' id='word_1_305' title='bbox 705 2599 751 2627; x_wconf 88' lang='lat' dir='ltr'>B:</span> <span class='ocrx_word' id='word_1_306' title='bbox 777 2606 988 2635; x_wconf 86' lang='lat' dir='ltr'>quocunque</span> <span class='ocrx_word' id='word_1_307' title='bbox 1005 2599 1046 2627; x_wconf 82' lang='lat' dir='ltr'>II.</span> <span class='ocrx_word' id='word_1_308' title='bbox 1179 2606 1225 2627; x_wconf 82' lang='lat'>12.</span> <span class='ocrx_word' id='word_1_309' title='bbox 1255 2597 1290 2626; x_wconf 91' lang='lat' dir='ltr'>et</span> <span class='ocrx_word' id='word_1_310' title='bbox 1306 2599 1353 2626; x_wconf 84' lang='lat' dir='ltr'>B:</span> <span class='ocrx_word' id='word_1_311' title='bbox 1378 2606 1416 2625; x_wconf 73' lang='lat' dir='ltr'>ac</span> <span class='ocrx_word' id='word_1_312' title='bbox 1434 2599 1473 2626; x_wconf 71' lang='lat' dir='ltr'>N.</span> 
     </span>
    </p>
   </div>
   <div class='ocr_carea' id='block_1_9' title="bbox 225 2664 489 2668">
    <p class='ocr_par' dir='ltr' id='par_1_10' title="bbox 225 2664 489 2668">
     <span class='ocr_line' id='line_1_36' title="bbox 225 2664 489 2668; baseline 0 0"><span class='ocrx_word' id='word_1_313' title='bbox 225 2664 489 2668; x_wconf 95' lang='lat' dir='ltr'> </span> 
     </span>
    </p>
   </div>
   <div class='ocr_carea' id='block_1_10' title="bbox 142 2694 1734 3037">
    <p class='ocr_par' dir='ltr' id='par_1_11' title="bbox 143 2694 1733 2912">
     <span class='ocr_line' id='line_1_37' title="bbox 189 2694 1732 2736; baseline -0.001 -9"><span class='ocrx_word' id='word_1_314' title='bbox 189 2698 264 2729; x_wconf 76' lang='lat'>449.</span> <span class='ocrx_word' id='word_1_315' title='bbox 292 2707 319 2727; x_wconf 90' lang='lat'>1.</span> <span class='ocrx_word' id='word_1_316' title='bbox 347 2695 547 2736; x_wconf 86' lang='lat' dir='ltr'>preceptor]</span> <span class='ocrx_word' id='word_1_317' title='bbox 575 2696 639 2726; x_wconf 87' lang='lat' dir='ltr'>Mr.</span> <span class='ocrx_word' id='word_1_318' title='bbox 660 2695 807 2726; x_wconf 87' lang='lat' dir='ltr'>Nichols</span> <span class='ocrx_word' id='word_1_319' title='bbox 823 2704 902 2734; x_wconf 85' lang='lat' dir='ltr'>sug·</span> <span class='ocrx_word' id='word_1_320' title='bbox 972 2694 1113 2734; x_wconf 80' lang='lat' dir='ltr'>college</span> <span class='ocrx_word' id='word_1_321' title='bbox 1130 2694 1282 2734; x_wconf 87' lang='lat' dir='ltr'>records,</span> <span class='ocrx_word' id='word_1_322' title='bbox 1297 2694 1419 2725; x_wconf 86' lang='lat' dir='ltr'>which</span> <span class='ocrx_word' id='word_1_323' title='bbox 1432 2703 1490 2724; x_wconf 87' lang='lat' dir='ltr'>are</span> <span class='ocrx_word' id='word_1_324' title='bbox 1504 2694 1732 2734; x_wconf 84' lang='lat' dir='ltr'>incomplete.</span> 
     </span>
     <span class='ocr_line' id='line_1_38' title="bbox 144 2737 1733 2779; baseline -0.003 -7"><span class='ocrx_word' id='word_1_325' title='bbox 144 2744 238 2779; x_wconf 73' lang='lat' dir='ltr'>gest-s</span> <span class='ocrx_word' id='word_1_326' title='bbox 285 2740 365 2770; x_wconf 84' lang='lat' dir='ltr'>that</span> <span class='ocrx_word' id='word_1_327' title='bbox 407 2739 569 2776; x_wconf 88' lang='lat' dir='ltr'>Bullock,</span> <span class='ocrx_word' id='word_1_328' title='bbox 612 2739 683 2769; x_wconf 85' lang='lat' dir='ltr'>and</span> <span class='ocrx_word' id='word_1_329' title='bbox 725 2738 904 2777; x_wconf 87' lang='lat' dir='ltr'>similarly</span> <span class='ocrx_word' id='word_1_330' title='bbox 972 2738 1037 2769; x_wconf 91' lang='lat' dir='ltr'>Mr.</span> <span class='ocrx_word' id='word_1_331' title='bbox 1072 2738 1217 2768; x_wconf 83' lang='lat' dir='ltr'>Nichols</span> <span class='ocrx_word' id='word_1_332' title='bbox 1248 2739 1406 2777; x_wconf 83' lang='lat' dir='ltr'>suggests</span> <span class='ocrx_word' id='word_1_333' title='bbox 1443 2737 1598 2768; x_wconf 87' lang='lat' dir='ltr'>Pollard.</span> <span class='ocrx_word' id='word_1_334' title='bbox 1660 2738 1733 2768; x_wconf 83' lang='lat' dir='ltr'>The</span> 
     </span>
     <span class='ocr_line' id='line_1_39' title="bbox 143 2781 1730 2823; baseline -0.002 -8"><span class='ocrx_word' id='word_1_335' title='bbox 143 2786 293 2816; x_wconf 77' lang='lat' dir='ltr'>Watson</span> <span class='ocrx_word' id='word_1_336' title='bbox 333 2783 412 2823; x_wconf 89' lang='lat' dir='ltr'>(Ep.</span> <span class='ocrx_word' id='word_1_337' title='bbox 445 2791 519 2821; x_wconf 87' lang='lat'>450.</span> <span class='ocrx_word' id='word_1_338' title='bbox 554 2782 600 2823; x_wconf 85' lang='lat'>2),</span> <span class='ocrx_word' id='word_1_339' title='bbox 633 2781 705 2812; x_wconf 85' lang='lat' dir='ltr'>had</span> <span class='ocrx_word' id='word_1_340' title='bbox 735 2782 827 2812; x_wconf 88' lang='lat' dir='ltr'>been</span> <span class='ocrx_word' id='word_1_341' title='bbox 864 2782 903 2811; x_wconf 91' lang='lat' dir='ltr'>in</span> <span class='ocrx_word' id='word_1_342' title='bbox 972 2781 1186 2820; x_wconf 83' lang='lat' dir='ltr'>University</span> <span class='ocrx_word' id='word_1_343' title='bbox 1213 2781 1325 2811; x_wconf 82' lang='lat' dir='ltr'>Grace</span> <span class='ocrx_word' id='word_1_344' title='bbox 1352 2781 1449 2811; x_wconf 88' lang='lat' dir='ltr'>Book</span> <span class='ocrx_word' id='word_1_345' title='bbox 1476 2781 1518 2818; x_wconf 91' lang='lat' dir='ltr'>B,</span> <span class='ocrx_word' id='word_1_346' title='bbox 1543 2782 1592 2820; x_wconf 88' lang='lat' dir='ltr'>pt.</span> <span class='ocrx_word' id='word_1_347' title='bbox 1619 2791 1648 2821; x_wconf 89' lang='lat'>2,</span> <span class='ocrx_word' id='word_1_348' title='bbox 1674 2781 1730 2812; x_wconf 87' lang='lat' dir='ltr'>ed.</span> 
     </span>
     <span class='ocr_line' id='line_1_40' title="bbox 146 2823 1733 2864; baseline -0.003 -5"><span class='ocrx_word' id='word_1_349' title='bbox 146 2825 324 2859; x_wconf 87' lang='lat' dir='ltr'>Erasmus&#39;</span> <span class='ocrx_word' id='word_1_350' title='bbox 364 2825 479 2856; x_wconf 84' lang='lat' dir='ltr'>Greek</span> <span class='ocrx_word' id='word_1_351' title='bbox 518 2825 609 2856; x_wconf 80' lang='lat' dir='ltr'>class</span> <span class='ocrx_word' id='word_1_352' title='bbox 646 2825 684 2855; x_wconf 86' lang='lat' dir='ltr'>in</span> <span class='ocrx_word' id='word_1_353' title='bbox 728 2834 807 2863; x_wconf 85' lang='lat'>1511</span> <span class='ocrx_word' id='word_1_354' title='bbox 843 2824 901 2863; x_wconf 86' lang='lat' dir='ltr'>(cf.</span> <span class='ocrx_word' id='word_1_355' title='bbox 972 2825 1018 2856; x_wconf 82' lang='lat' dir='ltr'>M.</span> <span class='ocrx_word' id='word_1_356' title='bbox 1052 2824 1218 2864; x_wconf 83' lang='lat' dir='ltr'>Bateson,</span> <span class='ocrx_word' id='word_1_357' title='bbox 1251 2824 1370 2854; x_wconf 81' lang='lat' dir='ltr'>shows</span> <span class='ocrx_word' id='word_1_358' title='bbox 1401 2824 1482 2855; x_wconf 82' lang='lat' dir='ltr'>that</span> <span class='ocrx_word' id='word_1_359' title='bbox 1513 2823 1554 2855; x_wconf 92' lang='lat' dir='ltr'>D.</span> <span class='ocrx_word' id='word_1_360' title='bbox 1589 2824 1733 2855; x_wconf 84' lang='lat' dir='ltr'>Pollard</span> 
     </span>
     <span class='ocr_line' id='line_1_41' title="bbox 146 2867 1731 2912; baseline -0.003 -11"><span class='ocrx_word' id='word_1_361' title='bbox 146 2873 209 2912; x_wconf 84' lang='lat' dir='ltr'>Ep.</span> <span class='ocrx_word' id='word_1_362' title='bbox 234 2880 308 2909; x_wconf 84' lang='lat'>233.</span> <span class='ocrx_word' id='word_1_363' title='bbox 332 2870 352 2899; x_wconf 91' lang='lat'>8</span> <span class='ocrx_word' id='word_1_364' title='bbox 376 2870 475 2908; x_wconf 86' lang='lat' dir='ltr'>seq.).</span> <span class='ocrx_word' id='word_1_365' title='bbox 973 2867 1202 2898; x_wconf 87' lang='lat' dir='ltr'>determined</span> <span class='ocrx_word' id='word_1_366' title='bbox 1220 2868 1258 2897; x_wconf 88' lang='lat' dir='ltr'>in</span> <span class='ocrx_word' id='word_1_367' title='bbox 1273 2877 1400 2906; x_wconf 84' lang='lat'><strong>1521—2</strong></span> <span class='ocrx_word' id='word_1_368' title='bbox 1413 2868 1460 2908; x_wconf 91' lang='lat' dir='ltr'>(p.</span> <span class='ocrx_word' id='word_1_369' title='bbox 1476 2868 1546 2908; x_wconf 85' lang='lat'>99),</span> <span class='ocrx_word' id='word_1_370' title='bbox 1560 2868 1633 2898; x_wconf 84' lang='lat' dir='ltr'>and</span> <span class='ocrx_word' id='word_1_371' title='bbox 1649 2867 1731 2898; x_wconf 87' lang='lat' dir='ltr'>that</span> 
     </span>
    </p>

    <p class='ocr_par' dir='ltr' id='par_1_12' title="bbox 142 2911 1734 3037">
     <span class='ocr_line' id='line_1_42' title="bbox 192 2911 1733 2954; baseline -0.003 -9"><span class='ocrx_word' id='word_1_372' title='bbox 192 2925 242 2954; x_wconf 85' lang='lat'>15.</span> <span class='ocrx_word' id='word_1_373' title='bbox 259 2913 365 2944; x_wconf 89' lang='lat' dir='ltr'>Polus</span> <span class='ocrx_word' id='word_1_374' title='bbox 384 2911 532 2952; x_wconf 87' lang='lat' dir='ltr'>arduus]</span> <span class='ocrx_word' id='word_1_375' title='bbox 557 2911 631 2942; x_wconf 88' lang='lat' dir='ltr'>The</span> <span class='ocrx_word' id='word_1_376' title='bbox 655 2912 846 2942; x_wconf 88' lang='lat' dir='ltr'>President</span> <span class='ocrx_word' id='word_1_377' title='bbox 869 2911 907 2942; x_wconf 85' lang='lat' dir='ltr'>of</span> <span class='ocrx_word' id='word_1_378' title='bbox 976 2911 1021 2942; x_wconf 92' lang='lat' dir='ltr'>M.</span> <span class='ocrx_word' id='word_1_379' title='bbox 1048 2911 1212 2941; x_wconf 88' lang='lat' dir='ltr'>Pollarde</span> <span class='ocrx_word' id='word_1_380' title='bbox 1236 2920 1309 2942; x_wconf 85' lang='lat' dir='ltr'>was</span> <span class='ocrx_word' id='word_1_381' title='bbox 1332 2911 1509 2942; x_wconf 85' lang='lat' dir='ltr'>admitted</span> <span class='ocrx_word' id='word_1_382' title='bbox 1537 2912 1576 2941; x_wconf 90' lang='lat' dir='ltr'>in</span> <span class='ocrx_word' id='word_1_383' title='bbox 1607 2921 1733 2950; x_wconf 86' lang='lat'>1524-5</span> 
     </span>
     <span class='ocr_line' id='line_1_43' title="bbox 142 2954 1734 2998; baseline -0.003 -9"><span class='ocrx_word' id='word_1_384' title='bbox 142 2957 295 2998; x_wconf 75' lang='lat' dir='ltr'>Queens&#39;</span> <span class='ocrx_word' id='word_1_385' title='bbox 311 2956 377 2987; x_wconf 88' lang='lat' dir='ltr'>has</span> <span class='ocrx_word' id='word_1_386' title='bbox 398 2955 528 2995; x_wconf 83' lang='lat' dir='ltr'>kindly</span> <span class='ocrx_word' id='word_1_387' title='bbox 543 2954 722 2986; x_wconf 83' lang='lat' dir='ltr'>informed</span> <span class='ocrx_word' id='word_1_388' title='bbox 746 2964 803 2985; x_wconf 90' lang='lat' dir='ltr'>me</span> <span class='ocrx_word' id='word_1_389' title='bbox 824 2954 906 2985; x_wconf 85' lang='lat' dir='ltr'>that</span> <span class='ocrx_word' id='word_1_390' title='bbox 976 2956 1024 2995; x_wconf 90' lang='lat' dir='ltr'>(p.</span> <span class='ocrx_word' id='word_1_391' title='bbox 1060 2954 1283 2995; x_wconf 79' lang='lat' dir='ltr'>122)—-dates</span> <span class='ocrx_word' id='word_1_392' title='bbox 1312 2954 1434 2985; x_wconf 84' lang='lat' dir='ltr'>which</span> <span class='ocrx_word' id='word_1_393' title='bbox 1469 2954 1551 2986; x_wconf 81' lang='lat' dir='ltr'>well</span> <span class='ocrx_word' id='word_1_394' title='bbox 1587 2957 1734 2994; x_wconf 82' lang='lat' dir='ltr'>support</span> 
     </span>
     <span class='ocr_line' id='line_1_44' title="bbox 143 2997 1522 3037; baseline -0.001 -6"><span class='ocrx_word' id='word_1_395' title='bbox 143 3011 191 3033; x_wconf 87' lang='lat' dir='ltr'>no</span> <span class='ocrx_word' id='word_1_396' title='bbox 215 3001 301 3033; x_wconf 88' lang='lat' dir='ltr'>such</span> <span class='ocrx_word' id='word_1_397' title='bbox 328 3009 433 3030; x_wconf 86' lang='lat' dir='ltr'>name</span> <span class='ocrx_word' id='word_1_398' title='bbox 457 3000 488 3030; x_wconf 82' lang='lat' dir='ltr'>is</span> <span class='ocrx_word' id='word_1_399' title='bbox 510 3002 546 3030; x_wconf 84' lang='lat' dir='ltr'>to</span> <span class='ocrx_word' id='word_1_400' title='bbox 570 2999 612 3029; x_wconf 90' lang='lat' dir='ltr'>be</span> <span class='ocrx_word' id='word_1_401' title='bbox 639 2997 750 3029; x_wconf 87' lang='lat' dir='ltr'>found</span> <span class='ocrx_word' id='word_1_402' title='bbox 779 2998 818 3029; x_wconf 90' lang='lat' dir='ltr'>in</span> <span class='ocrx_word' id='word_1_403' title='bbox 843 2998 906 3029; x_wconf 83' lang='lat' dir='ltr'>the</span> <span class='ocrx_word' id='word_1_404' title='bbox 976 2998 1051 3029; x_wconf 85' lang='lat' dir='ltr'>this</span> <span class='ocrx_word' id='word_1_405' title='bbox 1073 2998 1288 3037; x_wconf 84' lang='lat' dir='ltr'>interesting</span> <span class='ocrx_word' id='word_1_406' title='bbox 1310 2997 1522 3037; x_wconf 86' lang='lat' dir='ltr'>conjecture.</span> 
     </span>
    </p>
   </div>
  </div>
 </body>
</html>
