2010 3417
314 158 391 196 160
775 152 1022 192 LETTERS
1059 151 1128 190 OF
1165 150 1429 190 ERASMUS
1771 150 1809 205 [1
1821 164 1842 201 5
1852 163 1896 200 15

311 266 390 305 Ille
411 278 505 303 vero
527 264 614 312 cogi
633 275 674 300 se
694 261 842 311 inquit,
859 261 904 299 ni
923 260 1090 309 penitus
1111 272 1132 297 e
1158 258 1351 298 manibus
1370 258 1474 308 eripi
1492 258 1572 297 sibi
1590 258 1691 298 velit
1706 260 1899 309 opuscula

311 331 362 369 ab
382 329 448 368 his
468 328 540 378 qui
558 327 689 366 veluti
709 326 852 364 simiae
876 324 1097 362 imitantur
1120 323 1271 362 omnia.
1332 322 1450 361 Nihil
1468 336 1511 361 se
1529 335 1648 372 posse
1667 323 1802 362 maius
1821 324 1898 363 hoc

311 397 493 444 tempore
526 405 549 430 a
579 394 619 430 te
653 390 830 440 recipere
864 389 973 438 dicit,
1016 402 1140 439 quam
1173 388 1210 427 si
1237 387 1402 427 libellus
1430 401 1454 426 a
1480 390 1520 426 te
1543 387 1704 427 renisus
1730 388 1900 438 prodeat

310 457 569 508 castigatior3
607 468 763 504 verum,
791 455 826 494 si
859 454 951 494 fieri
977 454 1134 505 nequit,
1171 454 1342 493 omnino
1374 452 1607 493 aedendum
1636 466 1724 492 esse
1756 453 1807 492 ad
1838 467 1900 493 ex·

253 544 290 565 10
310 522 468 573 emplar
496 522 601 561 illud
628 521 737 571 quod
763 520 815 560 ad
844 520 981 571 ipsum
1000 519 1216 558 mensibus
1241 519 1522 570 superioribus
1550 518 1714 558 misisti.
1775 519 1836 558 Ea
1857 519 1901 558 in

311 602 353 627 re
383 587 481 638 quid
509 587 641 625 facere
670 585 803 637 possis
833 587 904 625 aut
933 585 1031 636 quid
1060 585 1150 623 fieri
1178 584 1294 634 velis,
1327 584 1377 623 ad
1414 597 1490 623 nos
1523 583 1708 623 rescribe.
1783 584 1900 623 Nihil

312 653 470 703 vspiam
498 652 690 702 cupimus
717 650 927 690 ardentius
955 663 1080 701 quam
1108 663 1267 689 morem
1298 652 1392 689 tuae
1419 663 1556 700 gerere
1580 649 1798 689 voluntati.
1858 650 1903 689 Si

310 720 428 768 potes
447 718 670 765 commode,
689 715 855 756 consule
870 715 1152 755 studiosorum
1172 714 1386 765 desyderio
1406 716 1492 754 tam
1519 715 1749 754 constantis
1767 715 1899 754 amici.

311 784 488 834 Operam
508 795 654 830 meam,
672 781 966 832 qualiscunque
985 780 1041 819 sit
1061 793 1116 829 ea,
1139 792 1338 830 perquam
1356 780 1536 820 libenter
1554 779 1880 820 accommodabo.

256 871 291 902 15
363 849 471 888 Viue
491 848 603 896 felix,
627 850 748 898 atque
768 847 818 886 de
843 846 1079 887 valetudine
1099 847 1171 885 tua
1191 846 1253 884 fac
1272 859 1339 884 me
1363 846 1588 885 certiorem.
1647 845 1905 887 Commenda

310 927 376 954 me
404 914 719 954 humanissimis
738 913 866 953 simul
885 914 925 951 et
944 911 1237 951 eruditissimis
1256 911 1342 950 tuis
1362 911 1560 950 conuiuis.
1630 911 1902 952 Commendat

311 992 354 1019 se
382 979 462 1019 tibi
489 982 629 1018 noster
658 978 992 1029 Rudolphingius
1018 990 1101 1016 vna
1129 989 1224 1016 cum
1252 976 1422 1027 reliquis
1449 976 1604 1025 amicis,
1628 977 1699 1027 qui
1728 976 1902 1017 subinde

312 1059 361 1084 ex
387 1058 453 1084 me
480 1045 620 1084 audire
647 1044 821 1095 cupiunt
848 1057 927 1094 qua
952 1043 1009 1082 sis
1031 1042 1278 1090 valetudine,
1302 1042 1451 1093 quibus
1479 1042 1652 1082 desudes
1679 1042 1899 1082 laboribus.

313 1110 437 1159 Spem
456 1109 681 1146 maximam
700 1107 784 1145 illis
809 1107 860 1145 de
878 1106 1142 1144 Testamento
1172 1104 1293 1143 Nouo
1312 1105 1443 1155 deque
1463 1104 1722 1155 Hieronymo
1749 1105 1900 1149 adiiffio,

256 1197 295 1219 20
314 1187 437 1225 quem
465 1173 584 1212 auide
612 1185 756 1211 omnes
783 1173 1009 1222 expectant.
1070 1170 1231 1209 Iterum
1250 1170 1351 1209 vale.

597 1323 691 1364 370.
753 1321 884 1362 FROM
916 1320 1042 1362 JOHN
1073 1321 1229 1363 BEcAR
1257 1332 1312 1361 or
1345 1320 1619 1361 BORSSELEN.

362 1419 547 1454 Deventer
565 1417 641 1452 MS.
662 1428 716 1463 91,
737 1417 761 1452 f.
783 1427 860 1452 121.
1598 1415 1726 1451 Arlon.

362 1477 434 1512 LB.
453 1477 549 1522 App.
569 1476 623 1520 36.
1469 1484 1512 1509 22
1530 1473 1738 1510 November
1758 1481 1857 1518 1515.

417 1556 580 1598 [Plainly
597 1556 814 1594 subsequent
832 1556 868 1586 to
885 1555 948 1594 Ep.
967 1564 1032 1594 320
1048 1565 1055 1593 ;
1079 1553 1150 1585 and
1167 1553 1344 1585 therefore
1361 1554 1446 1593 only
1464 1563 1546 1594 1515
1564 1554 1594 1585 is
1610 1552 1793 1594 possible.]

441 1653 637 1684 IOANNES
670 1652 896 1683 BORSALVS
928 1651 1108 1682 ERASMO
1139 1651 1444 1683 ROTERODAMO
1475 1652 1711 1683 THEOLOGO
1743 1652 1777 1682 S.

371 1734 485 1783 QVAs
509 1733 699 1773 Calendis
726 1732 972 1772 Octobribus
997 1732 1156 1771 litteras
1181 1732 1232 1772 ad
1262 1746 1327 1771 me
1355 1732 1583 1783 scripseras,
1605 1733 1742 1783 accepi
1767 1731 1905 1782 paucis

314 1801 411 1838 ante
445 1798 589 1837 diebus
619 1811 744 1849 quam
772 1798 848 1837 has
877 1797 1108 1845 scriberem,
1141 1810 1224 1836 non
1254 1798 1304 1836 ab
1333 1811 1380 1836 eo
1411 1798 1581 1848 quidem
1618 1798 1684 1836 cui
1717 1797 1907 1836 serendas

314 1866 388 1904 hac
412 1865 643 1915 profecturo
668 1864 945 1911 commiseras,
976 1863 1046 1902 sed
1075 1876 1099 1902 a
1123 1862 1305 1902 Louanio
1329 1876 1469 1914 vsque,
1496 1876 1625 1914 quum
1645 1862 1744 1901 illuc
1770 1864 1907 1901 essent

314 1929 504 1979 perlatae,
539 1930 588 1968 ad
613 1943 679 1967 me
711 1929 867 1968 missas.
941 1928 1087 1979 Itaque
1120 1941 1252 1979 neque
1284 1928 1498 1967 hominem
1526 1928 1661 1968 vllum
1687 1927 1907 1967 conuenire

280 2017 296 2047 5
316 1996 459 2034 datum
491 1996 562 2041 est,
593 1996 639 2033 vt
666 1995 715 2033 de
743 1996 784 2033 te
815 2007 916 2044 quae
945 1993 1100 2032 vellem
1128 1993 1362 2044 percontari
1389 1994 1606 2044 potuerim,
1634 1996 1675 2032 et
1710 1993 1908 2043 temporis

316 2059 506 2109 angustia
533 2062 672 2097 metuo
702 2072 753 2097 ne
774 2059 881 2097 mihi
907 2058 1206 2109 impedimento
1232 2058 1297 2106 sit,
1316 2072 1397 2109 quo
1423 2059 1562 2097 minus
1587 2058 1665 2097 tibi
1685 2058 1760 2096 hae
1781 2071 1905 2106 meae,

315 2125 556 2174 priusquam
587 2123 747 2163 Basilea
776 2124 969 2171 discedas,
1002 2123 1253 2172 reddantur3
1287 2126 1406 2174 atque
1445 2124 1496 2161 ob
1525 2136 1617 2162 eam
1645 2136 1734 2162 rem
1761 2123 1908 2172 scripsi

315 2190 482 2229 breuius
520 2202 644 2239 quam
683 2189 955 2238 institueram,
991 2189 1155 2238 quando
1203 2188 1368 2227 nullum
1414 2189 1547 2227 adhuc
1599 2187 1700 2227 satis
1748 2189 1907 2226 certum

315 2257 461 2294 nactus
497 2255 547 2293 ad
575 2256 615 2293 te
645 2255 857 2292 nuncium.

260 2341 297 2363 10
369 2319 513 2358 Habeo
539 2319 724 2370 primum
755 2319 978 2358 maximam
1004 2320 1097 2357 tuae
1125 2318 1324 2368 singulari
1354 2318 1605 2357 humanitati
1631 2317 1814 2368 gratiam,
1838 2318 1908 2368 qui

316 2385 579 2435 negociorum
617 2385 737 2423 turba
774 2384 946 2423 obrutus
976 2386 1091 2423 tanto
1120 2386 1260 2422 tamen
1290 2383 1476 2422 locorum
1509 2382 1728 2421 interuallo
1762 2383 1814 2421 ad
1843 2396 1909 2421 me

316 2450 537 2501 scripseris,
561 2451 601 2488 et
622 2449 789 2500 quidem
809 2448 1117 2489 humanissime.
1177 2448 1334 2488 Deinde
1362 2450 1402 2486 te
1432 2461 1512 2496 oro,
1535 2447 1572 2486 si
1593 2461 1696 2499 quae
1715 2448 1911 2486 offeretur

317 2516 534 2566 aliquando
565 2516 615 2554 ad
649 2528 717 2553 me
748 2515 879 2553 denuo
917 2513 1123 2553 scribendi
1161 2513 1325 2561 occasio,
1358 2514 1481 2552 facias
1518 2526 1585 2552 me
1623 2512 1827 2563 copiosius
1860 2514 1910 2552 de

319 2595 456 2620 rerum
490 2584 656 2619 tuarum
689 2581 810 2627 statu,
849 2580 898 2618 de
947 2578 1183 2630 compositis
1219 2580 1292 2618 aut
1330 2592 1352 2617 e
1390 2579 1520 2617 Greco
1554 2578 1760 2617 conuersis
1789 2581 1910 2629 atque

264 2666 299 2697 15
319 2646 523 2696 castigatis
562 2646 754 2685 omnibus
792 2645 911 2684 libris
941 2645 1168 2693 certiorem,
1201 2646 1241 2683 et
1280 2657 1463 2694 quonam
1493 2644 1548 2682 sis
1586 2643 1743 2683 isthinc
1780 2644 1907 2695 profe·
1959 2671 1962 2674 -

772 2742 846 2773 369.
869 2743 900 2773 6.
923 2742 1088 2784 opuscula
1101 2744 1173 2773 LB:
1199 2741 1376 2782 opusculis
1393 2744 1460 2773 MS.

364 2830 437 2861 369.
464 2831 494 2861 8.
528 2829 682 2872 reuisus]
708 2830 743 2860 It
767 2830 797 2861 is
820 2829 967 2861 evident
989 2830 1081 2861 from
1149 2830 1240 2867 him,
1272 2839 1309 2860 as
1339 2829 1384 2860 he
1415 2829 1487 2860 had
1520 2829 1610 2860 been
1644 2826 1804 2867 recently
1833 2836 1908 2866 per-

322 2871 384 2910 Ep.
404 2873 467 2911 383
482 2873 563 2903 that
579 2873 641 2904 the
658 2873 838 2912 February
855 2873 992 2904 edition
1008 2883 1081 2904 was
1149 2873 1303 2912 suading
1329 2872 1463 2903 Badius
1489 2874 1526 2903 to
1552 2871 1750 2902 undertake
1778 2879 1799 2900 a
1828 2879 1908 2900 new

323 2917 386 2945 not
397 2916 534 2946 revised
546 2916 777 2956 byErasmus.
799 2917 873 2947 The
883 2916 1083 2947 November
1150 2917 1255 2947 issue.
1303 2916 1367 2947 See
1391 2916 1453 2955 Ep.
1480 2925 1543 2954 312
1567 2913 1697 2945 int-rod.

324 2957 460 2988 edition
475 2959 575 2989 bears
592 2969 638 2989 no
655 2961 732 2999 sign
749 2960 788 2990 of
800 2960 955 2991 revision
972 2970 1017 2990 on
1035 2961 1082 2990 its
1185 2970 1216 2999 9.
1238 2958 1434 2999 exemplar]
1443 2957 1618 2996 Probably
1626 2955 1904 2995 Martens’ed.,ss.

323 3000 405 3031 title
419 3011 427 3039 ;
447 3001 517 3032 and
531 3003 699 3042 probably
710 3003 873 3034 received
885 3012 977 3034 none
990 3002 1081 3034 from
1186 3013 1235 3042 17.
1263 3000 1566 3042 Rudolphingius]
1583 3001 1647 3032 See
1658 3000 1719 3039 Ep.
1733 3008 1806 3038 302.
1825 3009 1861 3037 14
1872 3009 1907 3030 n.
