2010 3417
197 418 258 450 340

197 747 256 777 340

194 1402 254 1433 301·

193 2049 254 2090 365

278 167 359 205 400
746 161 998 200 LETTERS
1037 161 1106 200 OF
1143 160 1410 199 ERASMUS
1752 160 1876 214 [1516

279 275 415 326 primo
444 272 610 320 aspectu
639 282 725 308 non
753 269 813 307 ita
840 269 985 308 lectori
1018 269 1304 318 obsequuntur
1331 271 1373 307 et
1401 270 1650 319 asseruiunt,
1681 271 1727 309 vt
1754 270 1874 309 celeri

278 337 454 377 lectione
472 336 715 386 perfunctus
734 335 786 373 ad
805 334 1002 374 vlteriora
1020 335 1261 385 deproperet
1277 349 1287 382 ς
1316 347 1413 373 cum
1433 334 1626 373 aculeum
1646 335 1814 374 nullum
1831 337 1877 375 in

278 404 469 441 futurum
501 400 751 450 relinquant,
783 400 854 439 sed
886 399 932 439 in
964 412 1159 451 praesens
1186 400 1354 438 tantum
1383 399 1605 439 mulceant.
1664 400 1727 438 Tu
1757 401 1870 448 mire,

278 467 380 506 scite
405 468 447 505 et
479 465 656 504 feliciter
684 465 1014 504 mediocritatem
1045 464 1165 502 illam
1190 465 1308 503 tuam
1343 464 1506 512 retines,
1539 477 1668 515 quam
1700 464 1875 506 lectores

276 536 429 579 tamen,
452 533 500 570 vt
519 530 638 569 auide
662 531 873 578 deuorant,
896 531 954 569 sic
974 530 1046 568 diu
1065 530 1242 569 fortasse
1266 543 1351 568 non
1371 531 1597 580 regustant,
1621 543 1696 568 nec
1721 530 1869 572 iterata

276 597 439 648 saepius
453 596 628 635 lectione
642 597 947 646 persequuntur
962 610 971 643 3
993 595 1111 646 quasi
1125 597 1173 634 tu
1187 595 1345 634 sentias
1364 608 1468 646 quae
1488 595 1656 634 facilius
1669 596 1872 636 mandun-

276 667 348 702 tur
370 662 522 700 melius
540 661 591 700 ad
611 661 875 700 stomachum
895 661 1037 700 facere.
1099 661 1180 700 Sed
1206 674 1281 711 ego
1306 674 1392 699 non
1418 663 1680 711 praesentem
1705 662 1873 701 tantum

243 746 255 752 -
276 728 534 778 voluptatem
553 726 734 765 attendo.
794 726 847 765 In
873 728 1089 777 posterum
1116 727 1242 765 etiam
1265 726 1482 777 prospicio,
1510 728 1551 765 et
1575 726 1626 765 ad
1652 727 1870 766 fastidium

277 794 415 844 copiae
430 792 702 831 eximendum
717 792 990 830 acrimoniam
1010 806 1083 842 pro
1099 792 1182 831 sale
1196 804 1285 830 esse
1304 794 1416 842 puto.
1462 792 1651 843 Denique
1665 805 1761 832 cum
1780 792 1877 844 plus

275 873 343 898 me
369 858 515 897 debere
544 857 773 896 industriae
799 871 923 907 quam
944 860 1114 897 naturae
1132 870 1332 904 censeam,
1356 857 1491 895 sentio
1518 859 1660 896 tamen
1680 860 1875 897 naturam

276 924 431 974 priores
450 923 530 962 sibi
548 923 592 961 in
612 923 962 961 commentatione
987 923 1216 971 vendicare,
1241 922 1360 961 cuius
1386 923 1591 972 impetum
1611 923 1875 963 liberalitatis

275 989 334 1028 sic
355 1002 516 1039 quoque
536 989 719 1027 scribens
738 1002 824 1026 non
843 988 1021 1026 minima
1045 988 1217 1027 inhibeo
1243 1001 1294 1026 ex
1320 990 1435 1038 parte
1456 989 1497 1026 et
1516 988 1733 1029 imminuo.
1794 990 1876 1038 Qui

220 1075 231 1082 -
276 1055 311 1093 si
329 1055 533 1094 seueriore
552 1054 614 1092 vti
634 1067 806 1093 censura
825 1053 1062 1101 institerim,
1087 1054 1181 1103 quis
1201 1054 1280 1092 scit
1306 1067 1361 1092 an
1380 1053 1616 1093 vbertatem
1635 1055 1876 1104 copiamque

275 1120 526 1159 excindam‘?
592 1120 651 1158 At
691 1119 805 1157 enim
845 1121 891 1158 tu
930 1120 1089 1169 copiam
1128 1119 1298 1167 retines,
1335 1132 1432 1157 cum
1469 1119 1643 1158 modum
1681 1121 1876 1159 adhibeas

276 1185 536 1233 exultantiae,
559 1186 731 1224 naturae
756 1184 799 1224 id
826 1186 889 1224 est
915 1185 1165 1234 compositae
1193 1187 1317 1235 atque
1343 1186 1650 1234 attemperatae.
1711 1185 1877 1225 Scilicet

274 1254 321 1291 tu
350 1251 582 1290 rationibus
606 1251 693 1290 tuis
718 1252 850 1290 seruis
878 1254 920 1290 et
948 1251 1065 1291 vides
1090 1251 1190 1301 quid
1219 1251 1331 1290 istud
1359 1253 1490 1302 σχῆμα
1516 1252 1666 1291 deceat.
1727 1252 1873 1303 Itaque

274 1318 392 1356 extra
418 1317 720 1367 praescriptum
747 1317 973 1366 palaestrae
1000 1319 1094 1355 tuae
1121 1330 1207 1355 non
1236 1317 1424 1366 prosilis:
1465 1330 1538 1367 ego
1567 1318 1646 1355 ista
1673 1316 1877 1366 religione

220 1402 252 1409 --
275 1383 436 1422 solutus
455 1383 496 1420 et
517 1381 815 1428 obseruatione,
837 1382 936 1432 quid
958 1381 1003 1420 ni
1025 1382 1150 1420 latius
1169 1382 1511 1432 exultantiusque
1531 1382 1748 1432 expatier‘?
1790 1382 1876 1421 Nec

276 1450 417 1487 tamen
428 1459 614 1496 vnquam
625 1446 685 1485 ita
699 1447 862 1485 adnitor
875 1450 920 1485 vt
935 1449 1027 1497 ὑπὲρ
1041 1449 1088 1485 τὰ
1103 1446 1319 1497 ἐσκαμμένα
1339 1448 1515 1486 emicare
1535 1449 1704 1498 cupiens
1719 1447 1874 1487 virium

275 1513 481 1551 rationem
500 1525 585 1550 non
604 1512 780 1551 habeam
800 1513 1007 1562 impetum
1027 1513 1239 1563 capiendo.
1289 1513 1520 1552 Gestientis
1539 1515 1602 1552 est
1617 1513 1697 1552 ista
1716 1513 1873 1563 ingenii

276 1578 406 1627 culpa,
431 1576 526 1616 stilo
553 1577 735 1616 nimium
761 1578 1019 1627 indulgentis
1047 1591 1218 1628 seseque
1241 1578 1447 1628 pascentis
1473 1592 1605 1628 opere,
1630 1592 1715 1617 non
1741 1578 1874 1617 animi

274 1643 428 1681 vicium
449 1642 528 1681 sibi
547 1643 657 1682 vltra
676 1643 785 1681 vires
806 1643 1049 1693 imperantis
1069 1646 1111 1682 et
1130 1643 1354 1694 exigentis:
1383 1643 1426 1682 id
1454 1645 1564 1694 quod
1590 1646 1684 1683 tum
1704 1644 1873 1682 demum

275 1708 420 1756 sentio,
438 1721 534 1746 cum
554 1708 694 1746 feruor
714 1708 847 1746 animi
866 1709 1063 1758 consedit,
1086 1710 1128 1748 id
1149 1711 1211 1748 est
1231 1709 1356 1759 longo
1376 1711 1470 1759 post
1490 1711 1688 1759 tempore.
1731 1708 1875 1759 Neque

274 1793 370 1818 vero
397 1781 443 1818 tu
466 1779 635 1829 'semper
665 1780 825 1818 alienus
853 1779 904 1818 ab
930 1780 1007 1818 hac
1035 1779 1165 1818 animi
1194 1779 1410 1819 affectione
1437 1780 1566 1829 fuisti,
1588 1793 1664 1819 nec
1688 1793 1762 1830 ego
1788 1793 1873 1818 non

275 1846 432 1896 possim
451 1846 496 1883 in
516 1844 596 1883 alio
616 1858 764 1894 genere
782 1857 806 1883 a
824 1858 892 1883 me
911 1858 1053 1895 operas
1073 1846 1243 1894 exigere,
1269 1845 1305 1884 si
1332 1846 1375 1884 id
1402 1845 1483 1884 alia
1503 1844 1724 1895 postula-rit
1744 1845 1873 1892 rati0;

275 1911 317 1949 id
338 1910 446 1961 quod
462 1924 511 1949 ex
526 1910 688 1960 dialogo
709 1913 853 1949 nostro
868 1924 964 1949 cum
981 1910 1156 1949 Deloino
1171 1911 1215 1949 in
1226 1911 1311 1949 fine
1326 1910 1511 1950 eiusdem
1528 1911 1628 1949 libri
1642 1910 1873 1960 intelligere

274 1975 440 2026 poteris.
500 1975 633 2014 Porro
671 1977 810 2014 autem
847 1976 1071 2025 aliquando
1109 1977 1462 2016 commonefactus
1500 1990 1524 2015 a
1561 1978 1603 2015 te
1635 1977 1705 2016 vel
1742 1977 1874 2014 aetate

274 2041 425 2079 melior
456 2040 600 2089 factus,
635 2041 700 2078 tui
731 2040 892 2080 similes
924 2041 1122 2080 imitabor
1157 2043 1452 2092 κεκολασμένους
1489 2043 1648 2092 ῥήτορας
1686 2042 1745 2080 καὶ
1782 2042 1874 2091 πρὸς

275 2107 468 2156 ἀκρίβειαν
486 2108 551 2155 τῆς
571 2107 743 2155 φράσεως
762 2105 1060 2156 ε’σμιλευμένους.
1122 2110 1204 2146 Νῦν
1229 2107 1268 2146 δὲ
1292 2109 1335 2146 τὸ
1363 2106 1639 2160 ἐγκατάσκευον
1665 2110 1731 2146 τοῦ
1756 2107 1873 2159 λόγου

276 2173 336 2209 καὶ
354 2173 396 2210 τὸ
415 2172 468 2221 μὴ
489 2173 631 2209 ἁπλοῦν
650 2172 888 2218 ἀσπάζεσθαι
906 2173 998 2222 πρὸς
1016 2173 1163 2223 ἡλικίας
1183 2173 1272 2211 εἶναι
1291 2175 1357 2222 τῆς
1375 2175 1539 2223 νεανικῆς
1553 2175 1725 2225 ἡγοῦμαι,
1746 2172 1872 2211 etiam

274 2237 311 2276 si
342 2250 451 2275 anno
484 2236 964 2287 duodequinquagesimo
994 2238 1210 2287 proximus
1241 2251 1329 2277 esse
1361 2238 1472 2289 cepig
1513 2238 1595 2276 οὐδὲ
1627 2238 1671 2286 δὴ
1702 2239 1873 2278 ἀπεοικὸς

274 2305 384 2340 τοῦτο
409 2302 469 2339 καὶ
497 2303 710 2351 ἀφεστηκὸς
736 2303 829 2354 σύγε
859 2302 949 2340 εἶναι
977 2304 1139 2353 φήσειας
1168 2305 1222 2349 ἅν,
1249 2304 1297 2342 ὧν
1324 2305 1466 2356 γράψαι
1493 2304 1734 2353 προειλόμην.
1791 2307 1872 2341 Τῶν

275 2371 365 2421 γοῦν
383 2365 678 2418 Ἑρμολαοειδῶν
695 2384 736 2405 τε
755 2368 815 2405 καὶ
834 2371 905 2406 τῶν
929 2369 1236 2407 Πολιτιανοειὸὣν
1256 2371 1321 2407 οὐκ
1348 2368 1428 2408 ἔσθ’
1453 2369 1556 2409 ὅστις
1579 2371 1645 2406 οὐκ
1664 2368 1708 2407 ἂν
1729 2368 1873 2420 θηρῷτο

274 2436 398 2482 ταῦτα,
423 2434 485 2471 ε’άν
509 2450 549 2471 τε
575 2434 780 2483 φλήναφον
806 2434 869 2472 ἐάν
886 2450 927 2472 τε
951 2435 1197 2472 πολυτέλειάν
1221 2451 1303 2473 τινα
1329 2435 1632 2480 ἐπιπολάζουσαν
1657 2435 1874 2483 ἀποκαλῆτε

273 2501 375 2549 ὑμεῖς
401 2501 435 2537 οἱ
461 2498 634 2551 θεολόγοι
655 2515 695 2536 τε
722 2500 782 2537 καὶ
811 2502 1221 2549 σεμνοπροσωποῧντες.
1281 2501 1440 2541 Τούτους
1466 2501 1588 2538 τοίνυν
1617 2499 1783 2551 ἄγασθαι
1807 2501 1873 2548 τῆς

273 2564 527 2614 πολυμαθείας
547 2565 607 2602 καὶ
625 2567 698 2604 τῶν
716 2565 840 2616 λόγων
860 2564 988 2605 εἵωθάς
1007 2583 1068 2604 συ.

317 2681 394 2720 338.
429 2681 676 2720 obsequuntur
699 2681 739 2711 C:
771 2690 806 2711 se
831 2681 1049 2711 submittunt
1073 2681 1106 2714 β.
1283 2690 1355 2720 341.
1391 2681 1478 2712 scite
1502 2683 1538 2712 et
1561 2680 1715 2711 feliciter
1739 2681 1813 2711 add.
1836 2679 1870 2713 β.
1918 2689 1921 2691 ·

275 2734 349 2763 342.
374 2726 495 2754 tamen
522 2727 595 2754 add.
625 2725 658 2758 β.
791 2733 867 2763 344.
892 2724 960 2755 Sed
984 2734 1046 2764 ego
1071 2727 1093 2754 C
1107 2735 1113 2754 ε
1149 2733 1211 2764 ego
1236 2734 1317 2755 vero
1340 2725 1373 2758 β.
1505 2733 1578 2764 345.
1605 2725 1715 2754 etiam
1738 2725 1812 2753 add.
1836 2723 1871 2756 β.

275 2769 351 2805 346.
377 2767 541 2806 Denique
557 2791 565 2798 .
585 2791 592 2797 .
611 2790 619 2798 .
639 2776 712 2807 352.
737 2768 992 2808 attemperatae
1020 2770 1093 2799 add.
1119 2769 1153 2802 β.
1284 2777 1359 2807 359.
1394 2768 1463 2799 sibi
1487 2771 1526 2799 C:
1556 2768 1702 2798 sibimet
1725 2767 1758 2801 β.
1835 2767 1870 2795 et

276 2811 452 2850 exigentis
475 2813 546 2841 add.
573 2812 607 2845 β.
766 2811 841 2850 366.
866 2809 1008 2851 φράσεως
1027 2810 1079 2842 0²:
1103 2809 1228 2851 φάσεως
1246 2810 1287 2842 0¹.
1403 2813 1504 2842 GLB:
1531 2809 1814 2852 ἐγκατάσκευστον
1830 2811 1866 2840 Ρ.

275 2864 350 2892 370.
378 2854 436 2884 οὐκ
451 2853 518 2885 ἔσθ’
535 2853 623 2884 ὅστις
640 2864 697 2885 om.
718 2855 753 2888 β.
887 2864 962 2893 371.
988 2853 1045 2885 ἐάν
1061 2866 1097 2885 τε
1113 2853 1284 2895 φλήναφον
1301 2856 1353 2890 ΟΒ
1371 2866 1378 2886 :
1409 2865 1467 2886 om.
1486 2857 1529 2886 H.

319 2978 391 3015 368.
409 2979 606 3020 proximus]
624 2980 709 3010 This
722 2979 840 3010 would
855 2979 1037 3019 naturally
1106 2980 1170 3010 but
1193 2980 1232 3010 in
1256 2979 1327 3010 fact
1351 2979 1396 3010 he
1420 2989 1494 3010 was
1518 2979 1669 3018 nearing
1691 2977 1754 3008 the
1777 2986 1868 3008 com·

273 3029 380 3051 mean
408 3022 489 3052 that
520 3022 685 3053 Budaeus
715 3032 787 3054 was
818 3023 944 3063 nearly
973 3033 1037 3062 473
1104 3022 1242 3063 pletion
1258 3022 1296 3053 of
1307 3023 1365 3053 his
1380 3023 1465 3061 48th
1481 3032 1576 3062 year.
