2010 3417
261 168 339 206 552
728 166 976 204 LETTERS
1014 165 1085 204 OF
1121 166 1386 205 ERASMUs
1725 166 1848 220 [1517

263 278 533 315 lacessentem
552 287 704 325 magno
724 275 864 314 animo
884 277 924 313 et
945 288 1040 313 vere
1062 275 1299 314 Christiano
1319 276 1580 325 contempsit.
1639 277 1855 316 Aedentur

203 354 242 385 55
263 342 405 381 statim
427 340 599 379 Fabritii
619 340 750 379 nostri
769 340 980 390 Capitonis
999 341 1044 378 in
1067 341 1255 391 linguam
1276 341 1528 379 Hebraicam
1547 340 1852 381 Institutiones.

263 406 324 457 <Si
352 407 415 445 vis
449 404 768 457 lucubrationes>
795 406 864 445 vel
890 405 1112 445 Lucianica
1139 408 1211 444 tua
1239 406 1307 444 hic
1335 406 1438 455 aedi,
1463 406 1596 445 scribe
1624 407 1715 446 istis
1743 409 1784 446 te
1813 407 1855 446 id

264 485 422 522 cupere.
480 472 615 510 Berus
647 471 763 510 adest
796 472 965 510 Tannis.
1026 471 1282 511 commenda
1316 485 1382 510 me
1409 471 1496 510 tuis
1523 473 1680 512 amicis.
1741 474 1855 512 Bene

264 538 364 585 vale,
389 537 449 575 mi
482 539 596 587 pater
628 537 804 575 amande
832 550 878 575 ac
907 537 1161 576 obseruande
1189 539 1437 588 praeceptor.

317 604 379 641 Ex
401 602 566 641 Basilea
584 602 660 641 viii
679 603 763 642 Cal.
788 602 917 641 Maias
943 611 1053 651 1517.

205 669 244 697 60
319 668 471 707 Saluus
491 668 546 707 sit
566 668 744 707 Ioannes
765 668 928 718 Smyth.

715 791 811 831 576.
874 789 1005 831 FROM
1037 789 1163 831 JOHN
1194 789 1405 830 WATSON.

311 881 496 917 Deventer
513 881 590 917 MS.
610 892 666 927 91,
685 881 711 916 f.
733 891 809 917 101.
1322 880 1556 923 Petestmuse,
1575 879 1810 927 Cambridge.

312 941 383 976 LB.
402 941 497 985 App.
517 950 595 986 500.
1435 937 1568 984 <April
1590 936 1715 984 1517.)

310 1010 520 1051 [Evidently
535 1010 683 1041 written
706 1010 838 1050 during
858 1009 1037 1040 Erasmus’
1053 1009 1139 1040 visit
1161 1010 1197 1039 to
1219 1006 1387 1047 England
1408 1010 1448 1039 in
1477 1018 1570 1052 1517,
1590 1008 1662 1040 and
1683 1007 1858 1049 probably

270 1064 287 1084 a
306 1056 371 1085 few
388 1054 473 1095 days
489 1054 609 1085 before
623 1053 687 1094 Ep.
707 1053 800 1094 579.]

588 1153 646 1183 10.
673 1151 913 1182 WATSONVS
944 1152 1122 1183 DOMINO
1154 1151 1334 1183 ERASMO
1366 1152 1399 1181 S.
1427 1152 1469 1181 D.
1497 1152 1535 1183 P.

327 1234 520 1272 BENIGNE
549 1234 650 1272 facis
678 1235 719 1272 et
747 1233 891 1282 amice,
911 1233 1213 1272 humanissime
1240 1235 1488 1284 praeceptor,
1512 1232 1584 1282 qui
1611 1233 1663 1271 ad
1684 1244 1751 1270 me
1778 1244 1861 1269 non

275 1299 506 1350 dedignaris
539 1299 698 1350 aliquid
731 1299 965 1338 litterarum
1000 1299 1105 1347 dare,
1127 1300 1343 1338 hominem
1377 1299 1449 1348 qui
1482 1298 1560 1336 tibi
1594 1311 1669 1348 pro
1701 1296 1864 1335 meritis

272 1378 366 1414 erga
386 1378 452 1403 me
472 1365 555 1403 tuis
575 1378 647 1403 nec
675 1364 807 1403 officio
835 1365 944 1414 quod
974 1364 1148 1403 delectet
1174 1378 1249 1402 nec
1277 1364 1476 1403 beneficio
1497 1377 1578 1414 quo
1598 1375 1863 1413 compensem

268 1430 514 1480 respondere
532 1443 701 1479 possum
717 1444 727 1477 3
755 1430 895 1468 animo
915 1432 1054 1468 autem
1073 1429 1209 1468 solum
1228 1432 1270 1468 et
1290 1430 1458 1479 paribus
1477 1429 1586 1468 votis
1605 1427 1861 1466 contendere.

231 1501 248 1531 5
274 1496 468 1545 Magnam
497 1495 627 1534 habeo
657 1495 832 1545 gratiam
862 1496 970 1545 quod
999 1495 1161 1534 litteras
1188 1508 1302 1534 meas
1329 1508 1415 1533 non
1447 1494 1689 1533 modovnon
1717 1493 1861 1542 carpis,

268 1574 319 1599 ne
358 1561 563 1599 deterreas
601 1574 624 1599 a
669 1560 897 1608 scribendo,
939 1562 1009 1599 sed
1048 1560 1190 1599 laudas
1227 1562 1274 1598 vt
1317 1560 1482 1608 inuites,
1530 1560 1587 1598 ita
1631 1560 1772 1597 tamen
1819 1562 1864 1596 vt

270 1626 507 1675 colaphises,
543 1640 596 1664 ne
634 1626 881 1676 superbiam.
943 1626 1050 1664 Nam
1089 1639 1183 1664 cum
1221 1638 1288 1663 me
1331 1625 1552 1664 Scotistam
1599 1624 1790 1675 appellas,
1831 1624 1865 1661 si

272 1694 377 1730 recte
412 1705 569 1741 censeo,
592 1705 659 1729 me
692 1690 888 1743 σκοτ<ί>ως
914 1694 955 1730 et
984 1692 1155 1730 obscure
1188 1691 1408 1729 insimulas
1436 1690 1545 1729 male
1573 1690 1697 1728 locati
1725 1689 1866 1729 studii.

277 1758 461 1808 Ingenue
483 1757 631 1805 fateor,
656 1770 740 1795 non
767 1770 862 1795 sum
887 1759 975 1795 tam
1005 1756 1182 1795 Scotista
1208 1769 1334 1806 quam
1357 1755 1485 1794 velim
1510 1768 1608 1803 esse,
1632 1767 1867 1805 quanquam

214 1834 251 1855 10
275 1823 485 1861 decretum
514 1825 576 1861 est
605 1836 689 1861 non
718 1822 813 1872 plus
833 1823 918 1861 fore
938 1835 1061 1873 quam
1086 1836 1179 1861 sum
1208 1822 1252 1860 in
1276 1821 1630 1872 praesentiarum3
1659 1820 1867 1870 siquidem

277 1889 534 1927 sanctissime
572 1890 776 1926 statutum
807 1901 830 1926 a
862 1901 928 1926 me
961 1890 1023 1927 est
1053 1887 1250 1938 quicquid
1288 1889 1475 1937 superest
1518 1886 1626 1925 vitae
1663 1886 1790 1925 sacris
1826 1889 1867 1925 et

274 1953 464 1992 archanis
483 1953 636 1992 litteris
655 1953 774 1992 vnice
798 1953 1046 2004 impendere.
1104 1954 1162 1992 Vt
1187 1954 1327 1991 autem
1347 1952 1456 2003 quod
1481 1964 1597 1990 meae
1615 1951 1868 1990 humilitatis

271 2022 333 2057 est
357 2019 435 2057 tibi
461 2019 634 2069 prodam
663 2019 793 2058 amico
822 2031 868 2058 30
897 2020 1083 2069 paterno,
1104 2031 1179 2057 nec
1207 2018 1427 2057 Thomista
1454 2031 1548 2056 sum
1577 2030 1652 2055 nec
1675 2017 1863 2065 Scotista,

274 2098 347 2123 nec
377 2098 487 2123 vnus
520 2088 591 2123 aut
624 2085 739 2134 alter,
776 2086 846 2124 sed
880 2098 1049 2135 prorsus
1082 2084 1226 2123 nullus
1268 2097 1313 2123 ac
1346 2084 1474 2134 stipes
1507 2084 1631 2122 iners.
1690 2082 1867 2121 Vtinam

213 2162 250 2193 15
274 2152 479 2200 praestare
497 2163 661 2200 possem
681 2163 776 2189 vere
796 2163 1049 2201 syncereque
1069 2149 1379 2189 Christianum!

327 2216 523 2254 Gratulor
556 2215 745 2254 fortunae
778 2218 884 2264 tuae,
915 2216 1048 2266 magis
1079 2215 1294 2266 gauisurus
1327 2228 1421 2253 cum
1452 2227 1546 2264 spes
1582 2226 1694 2251 nunc
1728 2212 1864 2255 dilata,

277 2295 379 2331 quae
409 2281 597 2320 animum
626 2281 779 2331 affligit,
802 2282 847 2319 in
875 2295 964 2320 rem
992 2282 1254 2332 praesentem
1282 2281 1456 2319 deducta
1481 2279 1614 2318 fuerit.
1677 2278 1794 2327 Quod
1823 2281 1869 2316 vt

278 2347 359 2395 fiat,
383 2347 504 2385 orabo
523 2346 697 2396 assidue,
723 2349 765 2385 et
783 2346 1029 2397 praesertim
1047 2349 1094 2386 vt
1119 2346 1199 2385 tibi
1224 2346 1292 2384 hic
1316 2345 1529 2395 contingat
1546 2344 1713 2383 fortuna
1732 2343 1870 2394 aliqua

275 2414 315 2449 te
351 2411 488 2462 digna,
520 2425 602 2461 quo
630 2412 766 2462 possis
804 2425 981 2462 regnum
1020 2413 1097 2451 hoc
1139 2424 1281 2450 ornare
1313 2413 1355 2450 et
1384 2410 1529 2449 amicis
1561 2409 1662 2458 tuis,
1696 2409 1768 2459 qui
1801 2409 1869 2447 hic

216 2489 257 2510 20
276 2477 448 2526 plurimi
483 2480 591 2526 sunt,
627 2478 721 2516 vsui
761 2490 861 2516 esse.
919 2477 1075 2516 Nactus
1116 2490 1210 2516 sum
1247 2476 1523 2516 sacerdotium
1560 2475 1672 2514 intra
1709 2476 1868 2525 septem

277 2543 393 2581 milia
412 2556 435 2581 a
455 2543 729 2592 Cantabrigia.
781 2543 920 2581 Aedes
940 2543 1064 2582 habet
1083 2543 1280 2593 pulchras
1298 2544 1339 2580 et
1359 2541 1622 2580 mediocriter
1641 2541 1692 2580 ad
1708 2541 1868 2579 victum

276 2608 376 2646 vtile
405 2610 492 2655 est3
535 2622 656 2658 porro
685 2608 796 2647 valet
824 2608 979 2658 viginti
1012 2610 1219 2647 nostrates
1245 2606 1374 2646 libras
1399 2619 1524 2656 supra
1549 2605 1691 2645 omnia
1719 2618 1865 2653 annua,

280 2673 349 2710 sed
370 2674 446 2712 hoc
466 2687 576 2712 anno
597 2687 709 2712 nunc
728 2673 863 2724 primo
882 2674 966 2712 fere
985 2673 1199 2712 dimidiata
1222 2673 1356 2723 portio
1374 2672 1573 2710 fundetur
1591 2671 1637 2710 in
1655 2671 1869 2721 reparatio-

318 2754 391 2784 575.
410 2755 462 2793 56.
488 2755 526 2784 Si
539 2754 867 2785 vislucubrationes
880 2757 992 2786 addidi
1004 2757 1110 2791 infima
1122 2757 1229 2786 lineae.
1313 2754 1388 2785 576.
1406 2763 1458 2784 22.
1484 2762 1606 2784 annua
1615 2755 1679 2784 LB.
1695 2764 1701 2783 :
1720 2754 1788 2784 afia
1798 2756 1864 2783 MS.

321 2854 392 2884 575.
406 2863 456 2892 55.
478 2852 748 2894 Institutiones]
759 2854 809 2885 Os.
825 2855 889 2894 Ep.
902 2855 976 2894 556.
989 2855 1040 2884 26.
1147 2864 1198 2885 20.
1224 2852 1480 2894 sacerdotium]
1503 2853 1576 2884 The
1591 2853 1730 2892 rectory
1742 2851 1780 2882 of
1793 2851 1868 2882 Els-

323 2898 372 2934 56.
399 2896 605 2938 Lucianica]
630 2897 680 2929 Of.
697 2908 729 2937 p.
748 2907 823 2936 502.
1104 2897 1230 2937 worth,
1257 2907 1284 2928 c.
1311 2907 1332 2936 9
1356 2897 1461 2928 miles
1485 2906 1551 2927 nw.
1572 2896 1610 2926 of
1635 2895 1869 2934 Cambridge3

323 2940 394 2970 576.
424 2942 471 2971 16.
508 2940 687 2981 fortunae]
734 2942 892 2981 Perhaps
935 2942 1041 2973 about
1103 2943 1139 2971 to
1170 2941 1291 2971 which
1321 2941 1367 2971 he
1401 2950 1473 2971 was
1503 2939 1678 2970 inducted
1707 2949 1750 2978 30
1781 2939 1867 2969 Nov.

281 2982 340 3011 the
358 2982 558 3022 bishopric;
582 2985 624 3015 cf.
641 2984 702 3023 Ep.
724 2994 796 3023 475.
816 2996 835 3023 4
853 2995 888 3017 n.
1109 2985 1200 3023 1516.
1250 2985 1313 3015 See
1329 2984 1365 3015 T.
1383 2984 1528 3015 Baker's
1549 2986 1632 3014 Hist.
1652 2984 1740 3020 ofst.
1759 2981 1869 3013 John’s

368 3025 462 3065 spes]
488 3026 538 3056 Cf.
559 3027 661 3057 Prou.
686 3036 733 3065 13.
756 3038 805 3058 12.
1106 3031 1178 3059 Coll.
1191 3027 1434 3068 Gambridye,ed.
1449 3027 1482 3059 J.
1496 3027 1535 3058 E.
1549 3027 1590 3058 B.
1604 3026 1736 3065 Mayor,
1746 3035 1779 3065 p.
1791 3024 1864 3055 281.

2006 1039 2010 1045 1
2000 736 2010 976 -μᾳ-...κ--ιι-,ι
2007 719 2010 721 .
