2010 3417
186 151 285 208 456]
671 157 743 196 TO
781 157 985 196 HENRY
1022 156 1286 198 BULLOCK
1688 158 1769 196 327

183 265 283 316 quid
312 265 571 304 venerandus
589 265 660 305 ille
679 265 799 305 Prior
828 266 1102 306 Gartusiensis
1125 267 1234 317 apud
1261 266 1522 316 Friburgum,
1547 266 1769 316 Gregorius
1794 267 1854 298 180

183 328 410 377 mischius,
447 331 563 369 cuius
594 331 800 371 sententia
828 332 936 382 apud
980 332 1209 371 Germanos
1252 331 1406 370 oraculi
1435 331 1599 381 pondus
1633 331 1770 380 habet,

184 395 283 444 quid
316 395 492 434 eximius
524 396 596 435 ille
624 396 843 447 theologus
863 396 1037 436 Iacobus
1055 396 1405 447 Vuimphelingus
1433 396 1483 435 de
1514 397 1654 435 nostra
1681 410 1770 436 sen-

182 460 283 499 serit
320 460 535 500 aeditione.
592 461 781 500 Proferre
818 464 1005 512 poteram
1044 462 1283 501 innumeras
1316 461 1508 512 epistolas
1539 462 1770 512 insignium

184 525 381 573 virorum,
406 525 556 575 quibus
584 526 690 565 mihi
717 527 869 577 gratias
898 529 1027 577 agunt
1057 528 1166 578 quod
1199 540 1249 566 ex
1271 528 1375 566 meis
1403 527 1768 575 lucubrationibus,

181 590 370 640 precipue
397 603 497 640 quas
524 591 569 629 in
589 590 757 630 Nouum
785 591 921 631 aedidi
945 592 1270 640 Testamentum,
1296 594 1335 631 et
1354 592 1546 631 meliores
1564 592 1771 631 euaserint
1794 594 1852 635 185

180 656 224 693 et
253 655 498 694 eruditiores
514 671 523 703 ;
552 656 597 694 ni
616 669 780 695 vererer
799 670 852 695 ne
876 657 969 706 quis
997 657 1096 696 haec
1124 670 1147 696 a
1174 670 1241 696 me
1269 657 1489 708 gloriosius
1518 657 1597 695 dici
1625 659 1769 707 putare

181 722 322 769 posset
355 733 480 770 quam
514 721 666 759 verius.
724 721 778 759 Et
813 722 953 760 tamen
983 723 1054 772 qui
1082 722 1126 760 in
1151 721 1374 761 Germania
1405 734 1568 760 mecum
1597 724 1771 772 egerunt

179 785 523 824 consuetudinem
544 787 584 824 et
605 786 756 836 quibus
777 785 822 824 in
845 786 1000 836 Anglia
1026 800 1093 826 res
1113 799 1257 825 omnes
1276 799 1390 825 meae
1409 787 1579 836 perinde
1598 789 1644 825 vt
1663 787 1771 825 mihi

180 851 304 889 notae
336 851 446 899 sunt,
483 852 638 890 norunt
668 865 792 901 quam
824 865 945 902 parce
978 851 1076 890 haec
1107 851 1328 901 attigerim,
1352 851 1553 889 nimirum
1584 852 1743 890 inuitus
1760 866 1768 890 :

178 915 331 965 partim
362 915 471 965 quod
499 929 523 954 a
550 916 668 955 nulla
697 929 740 955 re
763 918 897 966 magis
922 916 1165 956 abhorream
1186 929 1310 966 quam
1329 929 1352 955 a
1370 917 1588 964 iactantia;
1616 917 1770 965 partim
1790 930 1851 964 190

178 981 289 1031 quod
310 981 442 1019 nolim
470 981 696 1020 amicorum
724 982 919 1032 cuiquam
945 981 1164 1032 quicquam
1188 995 1238 1020 ex
1268 995 1336 1020 me
1364 981 1547 1020 inuidiae
1575 980 1765 1019 accidere.

177 1045 286 1085 Nam
304 1049 351 1085 vt
363 1046 413 1084 de
425 1046 518 1085 aliis
533 1048 698 1095 taceam,
714 1047 794 1086 scis
809 1047 908 1098 ipse,
922 1047 982 1085 mi
997 1047 1170 1094 Bouille,
1189 1047 1418 1085 cuiusmodi
1430 1046 1495 1085 vir
1514 1046 1568 1084 sit
1583 1047 1769 1097 egregius

177 1109 249 1149 ille
270 1111 434 1160 praesu]
460 1110 678 1160 Roffensis,
709 1113 868 1151 vestrae
893 1111 1124 1151 academiae
1144 1112 1433 1158 Cancellarius‚
1461 1112 1548 1149 siue
1567 1111 1768 1150 virtutem

175 1188 223 1215 ac
248 1175 444 1225 pietatem
473 1178 628 1226 spectes
643 1177 732 1216 siue
751 1177 993 1217 doctrinam.

231 1241 286 1280 Et
304 1254 389 1280 non
407 1242 534 1292 pudet
559 1242 661 1281 istos
681 1243 941 1282 tenebriones
960 1243 1156 1282 conuiciis
1185 1242 1378 1281 insectari
1400 1255 1502 1291 quos
1527 1241 1598 1280 ille
1624 1243 1768 1280 tantus
1789 1257 1846 1290 195

177 1307 299 1346 heros
318 1306 518 1357 approbat
538 1321 583 1346 ac
603 1308 737 1358 legit?
806 1309 900 1347 Imo
919 1322 1003 1347 non
1023 1309 1147 1358 pudet
1166 1309 1388 1358 τριοβόλους
1400 1308 1676 1357 ἀνθρωπίσκους
1693 1320 1768 1346 suo

177 1372 377 1411 arbitratu
393 1372 569 1411 lacerare
583 1373 691 1423 quod
703 1373 790 1424 ipse
804 1387 995 1413 summus
1014 1373 1213 1424 approbat
1234 1373 1431 1411 Pontifex
1445 1374 1465 1411 ?
1493 1373 1600 1411 Nam
1620 1373 1665 1411 ni
1676 1385 1766 1411 mea

176 1437 377 1488 probaret,
401 1450 486 1476 non
514 1438 655 1488 vtique
680 1439 910 1489 scripsisset
929 1453 971 1478 se
998 1438 1171 1477 maximi
1198 1437 1383 1477 muneris
1410 1437 1499 1476 loco
1527 1437 1766 1476 habiturum

175 1503 212 1542 si
235 1502 468 1541 studiorum
488 1516 679 1542 meorum
696 1506 949 1555 prouentum
968 1517 1137 1543 omnem
1152 1517 1226 1542 suo
1245 1503 1423 1542 dicarem
1445 1502 1616 1542 nomini.
1650 1502 1767 1541 Plus·

173 1581 300 1619 quam
315 1568 513 1619 approbat
531 1570 604 1619 qui
620 1570 828 1620 premium
849 1571 973 1609 etiam
994 1569 1221 1620 pollicetur.
1264 1569 1533 1608 Ostenderam
1552 1568 1616 1606 illi
1634 1567 1767 1606 literis
1785 1584 1845 1607 200

174 1634 280 1673 meis
300 1634 397 1684 quid
418 1634 595 1683 molirer,
618 1635 835 1685 explorans
855 1649 959 1674 num
979 1635 1059 1674 sibi
1078 1636 1243 1685 cuperet
1261 1634 1443 1672 inscribi.
1477 1633 1557 1672 Ille
1576 1634 1766 1683 protinus

173 1699 338 1738 vnicam
354 1699 571 1749 epistolam
587 1700 746 1740 duabus
760 1701 952 1751 pensauit
969 1716 978 1739 ε
1008 1700 1135 1739 altera
1147 1712 1260 1738 meae
1280 1700 1498 1749 respondet
1517 1700 1557 1736 et
1577 1700 1765 1736 amanter

172 1765 215 1803 et
233 1764 457 1803 honorifice
475 1767 517 1804 et
534 1765 695 1805 erudite
711 1781 721 1814 ;
748 1767 878 1805 altera
896 1779 964 1805 me
983 1778 1153 1815 meaque
1173 1765 1308 1803 studia
1326 1763 1590 1802 serenissimo
1609 1763 1762 1812 Anglo-

174 1842 269 1868 rum
282 1829 385 1879 Regi
398 1831 669 1869 commendat.
700 1832 834 1879 Quam
850 1831 1071 1880 diligenter
1082 1843 1287 1880 quamque
1300 1829 1436 1876 effuse,
1454 1828 1646 1879 probabis
1661 1828 1762 1877 ipse;

174 1907 273 1933 nam
302 1894 511 1944 exemplar
538 1896 755 1946 Vtriusque
779 1910 863 1935 vna
882 1909 977 1935 cum
1005 1895 1115 1934 hisce
1134 1895 1266 1933 literis
1284 1895 1335 1933 ad
1353 1896 1395 1932 te
1413 1893 1521 1932 misi.
1584 1893 1763 1942 Respon-
1782 1907 1842 1940 ²05

172 1959 288 1999 derat
310 1961 481 2009 vterque
500 1960 738 2013 Cardinalis,
761 1961 962 2000 nimirum
983 1961 1219 2010 Grymanus
1247 1961 1288 1998 et
1308 1959 1588 2009 Georgianus:
1617 1971 1762 1996 verum

174 2037 241 2063 eas
260 2024 401 2063 literas
419 2025 608 2064 Andreas
627 2026 891 2075 Ammonius,
912 2026 1178 2077 praecipuum
1198 2024 1404 2074 quoddam
1423 2026 1582 2062 vestrae
1600 2023 1762 2061 Britan·

173 2089 264 2129 niae
285 2092 587 2139 ornamentum,
611 2092 662 2130 ad
682 2092 903 2130 Ricardum
923 2092 1102 2130 Paceum
1122 2090 1248 2138 misit,
1273 2089 1344 2139 qui
1363 2089 1428 2128 sui
1449 2089 1574 2139 Regis
1593 2088 1761 2126 nomine

172 2155 283 2206 apud
302 2154 490 2194 Eluetios
509 2158 550 2194 et
570 2156 907 2196 Maximilianum
935 2156 1138 2207 legatione
1156 2156 1355 2206 fungitur,
1377 2156 1425 2194 vt
1449 2168 1522 2205 per
1539 2167 1635 2192 eum
1655 2153 1758 2192 mihi

173 2221 442 2260 redderentur
459 2221 501 2259 id
531 2221 730 2272 temporis
749 2222 934 2261 Basileae
953 2221 1092 2272 agenti
1111 2235 1120 2268 3
1158 2233 1260 2270 quas
1284 2219 1486 2258 hactenus
1514 2221 1655 2257 tamen
1674 2232 1760 2257 non
1781 2233 1842 2256 210

173 2286 317 2335 recepi.
377 2285 569 2326 Misimus
588 2287 739 2337 hyeme
758 2288 947 2338 proxima
965 2286 1162 2326 volumen
1180 2298 1311 2324 vnum
1332 2284 1470 2331 Leoni,
1493 2284 1559 2322 cui
1578 2284 1761 2322 dicatum

172 2353 236 2389 est
254 2367 263 2390 :
294 2351 401 2400 quod
430 2351 466 2390 si
485 2352 693 2391 redditum
714 2355 791 2402 est,
811 2353 918 2392 nihil
936 2352 1134 2392 addubito
1154 2350 1255 2401 quin
1276 2350 1345 2388 ille
1363 2350 1541 2389 summis
1564 2349 1763 2399 praemiis

174 2417 228 2455 sit
245 2415 410 2465 vigilias
428 2418 592 2455 nostras
609 2420 911 2468 prosecuturus.

226 2479 334 2530 Quid
355 2484 538 2530 superest
557 2482 685 2532 igitur
704 2484 814 2533 quod
833 2483 905 2522 isti
919 2482 964 2521 in
983 2495 1050 2520 me
1070 2482 1314 2531 desyderent
1328 2482 1349 2518 ἰ)
1405 2480 1488 2518 Nec
1507 2479 1667 2529 primus
1686 2491 1762 2516 nec

172 2548 325 2585 temere
343 2546 559 2595 negocium
579 2548 657 2586 hoc
677 2561 894 2598 aggressus
913 2561 1017 2586 sum.
1088 2546 1260 2585 Secutus
1279 2559 1372 2584 sum
1394 2544 1543 2594 synodi
1561 2542 1760 2582 constitu·
1782 2556 1840 2590 ²15

174 2611 340 2649 tionem.
373 2610 618 2660 Approbant
640 2613 674 2651 si
694 2626 778 2651 non
799 2625 953 2661 01111165,
976 2613 1084 2650 certe
1103 2611 1241 2660 primi.
1289 2610 1333 2649 Si
1357 2609 1455 2660 quid
1475 2609 1562 2646 illic
1582 2608 1761 2658 impium

176 2677 295 2723 esset,
333 2674 567 2724 displiceret
595 2677 697 2727 piis:
739 2678 774 2716 si
805 2677 910 2715 nihil
943 2676 1198 2723 eruditionis,
1234 2674 1450 2713 reiicerent
1482 2672 1643 2712 eruditi.
1702 2674 1761 2712 At

219 2781 291 2812 180.
310 2781 502 2820 Gregorius
519 2781 704 2813 Reischius
721 2785 793 2813 add.
811 2781 857 2814 δ’.
948 2781 1018 2812 182.
1034 2779 1351 2820 Vuimphelingius
1365 2782 1401 2810 F.
1494 2787 1564 2819 193.
1585 2778 1762 2810 Roffensis

175 2827 248 2856 add.
265 2827 307 2856 H.
443 2833 513 2863 195.
538 2834 624 2864 quos
640 2828 686 2856 B:
713 2825 807 2864 quod
822 2828 860 2856 F.
993 2834 1066 2864 209.
1090 2824 1281 2855 Heluetios
1297 2825 1334 2853 F.

222 2924 292 2964 198.
315 2924 465 2955 maximi
490 2923 667 2965 muneris]
692 2923 746 2955 Cf.
768 2924 831 2963 Ep.
856 2924 929 2963 338.
1045 2931 1118 2954 202.
1143 2920 1295 2962 duabus]
1313 2922 1400 2961 Epp.
1417 2921 1490 2960 338,
1508 2931 1537 2960 9.

177 2970 230 3009 26,
249 2979 278 3007 7.
1045 2967 1119 2997 206.
1144 2964 1310 3006 vterque]
1336 2965 1387 2995 Cf.
1412 2965 1475 2996 the
1499 2964 1762 2996 introductions

220 3022 293 3043 200.
318 3011 450 3052 literis]
476 3007 540 3051 Ep.
558 3020 633 3051 335.
1002 3012 1039 3041 to
1056 3010 1144 3049 Epp.
1160 3018 1223 3048 334
1240 3009 1311 3039 and
1327 3017 1402 3047 340.
