2010 3417
167 147 267 202 509]
411 191 416 195 .
666 148 818 189 FROM
855 148 1082 188 MARTIN
1121 149 1274 188 DORP
1684 147 1764 186 427

165 261 482 310 prosequuntur.
542 258 640 298 Emi
678 258 837 307 dudum
875 270 997 309 opera
1030 258 1279 307 Hieronymi
1317 257 1610 308 compaginata,
1647 256 1764 307 quin-

168 323 302 363 decim
322 338 418 364 cum
439 324 611 364 dimidio
627 323 959 374 Renen(sibus>‚
979 325 1019 362 et
1039 337 1182 362 eorum
1203 323 1324 362 lectio
1344 336 1411 361 me
1429 323 1598 362 detinet.
1650 323 1765 362 Bene

168 389 260 429 vale
281 391 322 428 et
340 403 530 440 me„ama.
587 389 650 428 Ex
672 389 843 440 collegio
862 388 1176 438 Theologorum.

578 571 672 611 510.
738 568 869 610 FROM
902 569 1089 610 ADRIAN
1122 570 1358 611 BARLAND.

213 660 403 697 Deventer
421 659 498 696 Ms.
517 671 576 706 91,
593 660 619 696 f.
641 669 708 704 170
724 663 776 695 v0.
1142 705 1149 713 .
1432 660 1656 708 <Low-ain.)

213 718 287 754 LB.
304 718 401 764 App.
423 729 502 756 100.
1371 718 1564 766 (January
1587 718 1713 766 1517.)

211 798 314 840 [This
345 799 454 830 letter
489 802 586 831 must
615 800 706 831 have
742 800 833 831 been
862 799 1009 830 written
1045 798 1178 839 during
1208 800 1389 831 Erasmus’
1422 800 1509 830 visit
1540 801 1575 830 to
1608 799 1767 831 Louvain

164 841 512 927 glipgffgffiintrodffi
531 845 630 876 since
652 845 681 876 it
697 844 780 875 falls
794 843 955 875 between
977 843 1037 874 the
1059 843 1296 883 composition
1317 843 1356 874 of
1369 843 1432 883 Ep.
1450 853 1513 882 492
1531 843 1569 884 (1.
1589 852 1609 882 5
1627 844 1678 883 n.)
1697 843 1767 874 and

404 963 673 996 HADRIANVS
709 962 978 994 BARLANDVS
1010 962 1189 994 DOMINO
1222 962 1401 993 ERASMO
1432 963 1466 993 S.
1494 963 1532 993 Ρ.

222 1045 346 1094 vim
366 1045 467 1093 heri,
486 1044 721 1084 doctissime
736 1045 907 1084 domine
923 1045 1106 1093 Erasme,
1125 1047 1166 1083 te
1182 1044 1335 1083 isthinc
1350 1057 1478 1095 vsque
1498 1045 1543 1082 in
1563 1043 1768 1094 templum

167 1109 255 1150 diui
286 1110 403 1150 Petri
432 1111 653 1150 comitatus
690 1123 832 1159 essem,
865 1112 1006 1162 postea
1043 1109 1150 1149 mihi
1179 1112 1319 1149 tecum
1350 1110 1533 1160 cupienti
1566 1109 1769 1160 prolixius

169 1176 442 1216 commentari
471 1177 611 1216 nescio
640 1190 720 1227 quo
748 1176 873 1215 modo
901 1175 1066 1226 elapsus
1099 1188 1172 1223 es3
1199 1176 1338 1226 itaque
1367 1189 1480 1214 nunc
1508 1188 1580 1226 per
1607 1174 1769 1213 litteras

168 1255 286 1293 agam
321 1242 431 1292 quod
468 1243 561 1281 tum
594 1254 786 1292 praesens
818 1240 1019 1280 volebam.
1072 1240 1229 1291 Scripsi
1262 1254 1394 1291 nuper
1427 1240 1646 1279 exercendi
1681 1239 1770 1278 stili

167 1308 300 1357 gratia
328 1307 429 1346 duas
457 1307 650 1357 epistolas
677 1306 985 1357 longiusculas;
1024 1319 1152 1345 vnam
1180 1306 1231 1345 ad
1259 1306 1431 1345 fratrem
1459 1318 1613 1353 meum,
1644 1317 1768 1356 quem

168 1372 298 1412 habeo
313 1372 435 1412 bonis
455 1372 644 1412 deditum
663 1372 826 1421 litteris,
847 1371 897 1411 de
911 1371 997 1411 tuis
1015 1371 1382 1419 lucubrationibus,
1402 1384 1504 1421 quas
1518 1370 1591 1409 ille
1605 1382 1769 1408 mecum

167 1438 288 1477 vnice
307 1451 469 1489 semper
487 1440 550 1477 est
568 1439 615 1477 vt
634 1438 962 1488 elegantissimas
982 1437 1237 1485 admiratus3
1265 1437 1441 1476 alteram
1461 1436 1513 1474 ad
1534 1435 1765 1483 Borsalum,

168 1505 484 1543 conterraneum
531 1516 673 1543 meum
711 1504 856 1554 tuique
903 1503 1087 1542 nominis
1133 1502 1490 1542 studiosissimum
1528 1501 1679 1550 virum,
1722 1501 1771 1539 de

169 1567 431 1621 clariss<ima>
458 1568 709 1620 Hieronymi
740 1568 921 1608 Buslidii
950 1581 1045 1619 erga
1080 1581 1148 1606 me
1181 1567 1481 1607 beneuolentia.
1549 1566 1639 1605 Has
1669 1566 1772 1605 duas

170 1633 376 1684 epistolas,
400 1634 480 1673 etsi
506 1635 591 1674 scio
621 1635 798 1673 minime
822 1634 969 1684 dignas
993 1646 1096 1684 quae
1121 1646 1145 1671 a
1169 1635 1221 1681 te,
1249 1633 1328 1671 hoc
1356 1634 1420 1671 est
1451 1631 1569 1682 quasi
1597 1631 1770 1682 phenice

170 1698 400 1747 doctorum,
417 1699 621 1750 legantur,
639 1701 779 1738 tamen
799 1700 924 1737 mitto
942 1698 1034 1746 tibi,
1050 1700 1098 1736 vt
1116 1698 1182 1736 vel
1201 1697 1372 1737 tandem
1391 1709 1610 1747 cognoscas
1629 1709 1770 1735 meum

170 1763 217 1802 in
242 1765 283 1803 te
309 1766 507 1815 tuamque
534 1764 901 1815 incomparabilem
929 1763 1208 1802 eruditionem
1237 1762 1424 1801 studium
1452 1762 1562 1800 haud
1586 1761 1768 1811 vulgare.

171 1829 268 1867 Non
287 1842 382 1876 sum
396 1843 471 1880 ego
487 1830 641 1877 doctus,
660 1830 730 1868 sed
747 1843 840 1868 amo
854 1830 896 1867 et
910 1829 1092 1868 admiror
1112 1829 1253 1867 doctos
1270 1842 1280 1876 3
1309 1828 1419 1866 inter
1435 1840 1538 1877 quos
1553 1828 1600 1865 tu
1615 1827 1772 1877 primas

171 1896 300 1942 tenes,
323 1896 390 1934 cui
412 1909 480 1934 me
497 1897 635 1934 totum
657 1895 773 1934 dedo.
831 1894 1042 1945 Epistolae
1067 1896 1234 1933 nostrae
1252 1896 1325 1933 tuo
1346 1893 1497 1932 iudicio
1515 1892 1584 1932 vel
1604 1892 1770 1943 ignibus

171 1961 397 2009 tradentur,
434 1962 470 2000 si
507 1961 648 2008 malae,
681 1960 758 2008 vel,
795 1960 832 1999 si
868 1960 999 1999 bonae
1036 1960 1078 1998 et
1117 1959 1361 2007 tolerabiles,
1396 1959 1447 1997 ad
1484 1957 1635 1997 scrinia
1662 1957 1772 1997 vnde

173 2027 377 2065 extractae
392 2026 443 2064 ad
458 2028 499 2065 te
513 2026 701 2073 veniunt,
719 2025 1023 2065 reuocabuntur
1038 2039 1048 2073 3
1077 2037 1175 2063 nam
1195 2024 1385 2074 praelum
1404 2025 1445 2062 et
1465 2023 1603 2062 lucem
1617 2022 1773 2062 vultus-

173 2104 254 2142 que
272 2091 495 2130 hominum
515 2091 649 2130 adhuc
670 2090 951 2130 reformidant.
1008 2089 1120 2139 Vale,
1143 2089 1267 2128 decus
1288 2088 1544 2137 Germaniae,
1565 2091 1605 2126 et
1630 2101 1717 2136 nos⁷
1738 2088 1774 2126 si

172 2157 414 2205 meruimus,
435 2170 540 2195 ama.

590 2300 685 2340 511.
749 2297 880 2340 FROM
912 2298 1183 2340 Arcrsrmss
1214 2297 1355 2338 AGGE.

224 2387 411 2423 Deventer
428 2386 504 2422 MS.
523 2397 579 2432 91,
599 2387 623 2422 f.
645 2397 720 2430 142.
1453 2381 1570 2417 Paris.

225 2445 298 2480 LB.
316 2445 412 2490 App.
431 2455 488 2490 45.
1291 2452 1334 2477 10
1350 2442 1518 2485 January
1538 2438 1654 2485 <1517
1669 2437 1727 2484 ⁶3).

226 2525 330 2568 [This
351 2525 461 2556 letter
483 2526 516 2556 is
540 2524 721 2564 certainly
741 2524 832 2556 later
852 2524 943 2555 than
968 2533 1051 2563 1513
1075 2523 1114 2564 (1.
1133 2523 1153 2553 8
1171 2522 1224 2562 n.)
1249 2521 1321 2552 and
1341 2519 1514 2561 probably
1530 2518 1660 2549 earlier
1683 2518 1774 2549 than

180 2570 277 2610 1518,
294 2569 392 2600 since
409 2569 438 2599 it
454 2569 484 2599 is
500 2569 649 2600 written
665 2569 713 2607 by
730 2568 839 2599 Hand
854 2569 887 2598 A
905 2568 1009 2608 gApp.
1029 2568 1076 2607 8).
1147 2565 1222 2596 The
1238 2574 1300 2595 use
1316 2566 1355 2595 of
1375 2566 1447 2594 olim
1463 2564 1501 2593 in
1526 2562 1548 2592 l.
1573 2562 1593 2591 8
1618 2563 1774 2601 suggests

177 2623 198 2644 a
221 2612 293 2643 late
318 2612 423 2649 date;
459 2612 531 2643 and
557 2613 576 2642 Ι
603 2612 694 2642 have
720 2611 898 2642 therefore
925 2610 1077 2650 adopted
1109 2619 1190 2648 1517
1219 2606 1487 2648 conjecturally.
1549 2605 1620 2636 But
1648 2606 1775 2643 1516—-

179 2656 302 2687 which
329 2656 389 2686 Dr.
417 2654 529 2686 Reich
557 2654 629 2686 and
657 2655 722 2686 Mr.
751 2654 899 2685 Nichols
926 2655 1046 2692 accept
1072 2653 1164 2683 from
1192 2652 1272 2688 LB„
1301 2650 1488 2688 evidently
1514 2649 1577 2679 not
1605 2648 1775 2688 knowing

178 2699 259 2731 that
280 2699 312 2730 it
335 2699 366 2730 is
389 2699 452 2730 not
475 2699 516 2729 in
539 2698 601 2728 the
624 2696 965 2738 manuscript—and
986 2705 1076 2727 even
1102 2704 1185 2734 1515
1210 2705 1267 2725 are
1290 2693 1420 2725 almost
1444 2692 1589 2732 equally
1608 2691 1772 2731 possible.

660 2783 734 2815 510.
755 2793 784 2814 1.
811 2782 926 2822 Quum
943 2792 1017 2813 corr.
1037 2784 1108 2812 LB:
1133 2781 1200 2821 Qui
1216 2783 1287 2813 MS.

224 2876 300 2906 509.
325 2885 358 2914 9.
383 2871 624 2913 Renensibus]
649 2882 688 2903 sc.
707 2870 862 2902 florenis.
1057 2878 1088 2908 5.
1106 2867 1231 2909 vnam]
1245 2867 1307 2906 Ep.
1324 2876 1407 2906 4923
1426 2866 1469 2897 cf.
1487 2865 1553 2905 Ep.
1568 2873 1640 2904 512.
1655 2874 1708 2904 29,
1721 2874 1774 2903 30.

224 2919 300 2950 510.
334 2928 360 2949 1.
399 2915 593 2956 templum]
631 2915 681 2946 St.
710 2914 842 2945 Peter’s
872 2922 944 2943 was
1057 2922 1086 2950 7.
1117 2909 1320 2951 Bomalum]
1359 2910 1421 2941 See
1453 2909 1517 2948 Ep.
1548 2917 1609 2948 291
1643 2908 1773 2939 introd.

181 2962 244 2996 the
260 2962 474 3000 University
486 2959 629 2990 Church
645 2958 683 2989 of
694 2957 875 2996 Louvain3
899 2957 941 2987 cf.
1012 2956 1031 2987 Ι
1056 2957 1188 2986 cannot
1213 2953 1290 2985 find
1313 2963 1384 2993 any
1407 2954 1501 2984 trace
1524 2952 1562 2984 of
1585 2952 1647 2983 the
1671 2951 1777 2982 letter

180 3007 249 3039 vol.
267 3007 290 3047 i,
307 3015 366 3045 pp.
382 3005 447 3043 380
462 3002 532 3034 and
548 3012 626 3042 390.
1014 2997 1221 3031 mentioned
1238 2998 1334 3028 here.

1788 400 1824 421 [Ο

1793 1640 1830 1662 10
