2010 3417
130 148 152 187 3
158 133 228 188 52]
543 134 696 175 FROM
735 135 1024 176 NIGHOLAS
1054 136 1312 176 GERBELL
1641 141 1714 178 141

126 244 271 292 forma,
295 243 446 295 quibus
465 245 587 296 typis,
609 257 690 295 quo
712 243 857 283 ordine
882 245 1169 284 excudendum
1191 246 1464 296 putaueritis;
1501 247 1655 287 scilicet
1673 251 1719 288 vt

127 307 322 348 columna
359 308 576 349 columnae
619 309 874 360 respondeat,
914 309 1078 361 sintque
1117 310 1355 350 intermixta
1398 313 1552 362 omnia,
1590 314 1719 353 Greca

127 373 288 413 Latinis
307 376 348 414 et
367 387 534 414 rursum
553 374 705 414 Latina
726 374 900 414 Graecis.
952 374 1106 415 Vereor
1125 375 1366 426 plurimum,
1388 377 1558 417 Erasme
1576 378 1719 418 doctis-

127 435 241 484 sime,
282 449 335 475 ne
370 436 489 476 vobis
527 436 695 487 quidem
732 437 833 476 haec
870 437 1002 487 figura
1039 438 1283 488 procedente
1321 441 1506 490 tempore
1543 453 1628 480 non
1665 442 1719 480 sit
1741 456 1779 478 10

126 501 337 551 placitura,
359 504 482 552 atque
511 502 554 541 id
582 502 634 541 ob
661 501 816 540 multas
844 515 996 551 causas,
1025 516 1126 553 quas
1154 504 1204 543 ad
1232 505 1273 542 te
1301 505 1484 545 amicum
1513 506 1720 558 optimum

126 566 282 616 placuit
307 567 508 615 scribere;
537 567 646 618 quod
674 566 772 605 huic
795 568 1008 618 proposito
1027 570 1100 607 tuo
1120 570 1233 619 operi
1259 570 1537 622 maximopere
1559 585 1720 623 semper

126 631 314 681 fauerim,
335 634 458 682 atque
477 644 564 670 non
583 643 756 682 possum
781 644 868 670 non
895 631 1125 681 plurimum
1150 633 1333 673 exultare
1353 635 1463 685 quod
1482 649 1575 675 eam
1595 637 1715 686 diem,

127 709 210 746 qua
236 695 301 735 sol
332 695 402 734 ille
431 695 590 735 mundo
619 695 845 745 effulgebit,
879 696 1116 747 attigerim3
1164 697 1311 738 deinde
1341 700 1449 749 quod
1477 701 1606 741 sciam
1634 715 1718 742 non

127 760 300 800 molesto
324 762 366 799 te
392 760 532 799 animo
558 761 833 811 accepturum,
858 761 1025 800 etiamsi
1052 761 1174 812 paulo
1199 763 1474 804 inconsultius
1499 768 1622 817 atque
1646 769 1720 807 im·
1741 783 1776 814 15

127 827 375 878 prudentius
422 826 670 877 scripserim,
711 839 807 866 cum
849 826 1024 866 minime
1066 827 1230 878 ignores
1272 841 1352 878 quo
1393 829 1435 868 id
1476 831 1549 870 fiat
1589 845 1612 870 a
1653 845 1719 872 me

127 892 279 933 animo.

181 957 275 997 Erit
300 956 429 1008 igitur
447 956 524 996 hoc
550 957 595 996 in
621 956 782 1007 primis,
804 958 850 996 vt
873 956 1060 1006 arbitror,
1084 958 1295 1009 ingratum
1321 959 1387 998 his
1408 959 1478 1010 qui
1501 960 1544 1000 in
1570 960 1721 1000 litteris

129 1021 365 1062 Grecanicis
383 1021 577 1061 nonnihil
590 1021 865 1073 profecerunt,
884 1023 1025 1073 vtpote
1040 1022 1111 1073 qui
1126 1023 1289 1063 Latinis
1308 1024 1360 1063 ad
1379 1024 1422 1063 id
1442 1025 1602 1075 negocii
1616 1026 1721 1065 nihil

128 1090 284 1138 egeant.
345 1087 408 1127 Sit
434 1089 593 1138 praeter
618 1086 717 1126 haec
741 1100 788 1126 ea
814 1088 956 1136 forma,
979 1087 1050 1127 vbi
1075 1089 1245 1128 omnino
1274 1090 1426 1129 Graeca
1452 1093 1552 1130 sunt
1571 1092 1720 1140 omnia,
1744 1109 1781 1130 20

128 1155 221 1192 tum
248 1151 459 1204 pulchrior
487 1153 579 1191 tum
606 1152 819 1203 acceptior.
896 1153 1087 1193 Preterea
1117 1153 1152 1192 si
1179 1154 1247 1193 ‘vel
1273 1155 1453 1195 indoctis
1481 1158 1522 1194 et
1550 1156 1723 1196 rudibus

128 1218 311 1258 laborem
335 1217 446 1257 hunc
478 1216 614 1256 deberi
640 1230 788 1266 censes,
811 1219 851 1256 et
870 1218 1067 1258 nonnihil
1086 1219 1286 1270 accipient
1313 1220 1377 1260 illi
1403 1221 1664 1269 incommodi,
1687 1222 1722 1261 si

128 1296 153 1322 a
186 1283 328 1322 dextra
361 1295 524 1334 semper
552 1282 790 1333 impendeat
817 1283 968 1322 Latina
996 1283 1171 1324 tralatio.
1233 1285 1340 1324 Nam
1373 1285 1444 1325 ille
1474 1287 1545 1338 qui
1573 1300 1722 1337 parum

129 1348 273 1388 doctus
293 1350 364 1397 est,
386 1348 481 1399 plus
507 1347 648 1387 oculos
666 1349 712 1387 in
731 1347 774 1387 id
794 1348 902 1399 quod
921 1348 1051 1397 nouit,
1074 1351 1182 1400 quod
1203 1351 1356 1399 didicit,
1379 1352 1487 1402 quod
1507 1352 1717 1402 intelligit,

126 1414 291 1453 coniicit
320 1426 445 1464 quam
474 1414 519 1452 in
549 1427 596 1453 ea
624 1426 728 1464 quae
751 1413 820 1453 vel
849 1413 1032 1453 difficilia
1060 1418 1158 1454 sunt
1185 1416 1250 1455 vel
1278 1430 1471 1467 prorsum
1498 1417 1718 1467 incognita.
1744 1436 1757 1456 2

125 1477 193 1517 Ad
219 1477 298 1516 hoc
324 1479 496 1517 omnino
525 1478 616 1518 fieri
640 1478 840 1527 videmus,
863 1480 909 1518 vt
930 1483 1114 1530 separata
1142 1494 1165 1519 a
1192 1481 1354 1521 Latinis
1380 1483 1535 1522 Graeca
1561 1483 1723 1523 facilius

126 1543 408 1594 percipiantur
435 1545 476 1583 et
504 1543 702 1584 haereant
728 1544 923 1595 tenacius,
946 1545 1142 1585 videlicet
1169 1547 1215 1586 in
1239 1560 1321 1586 vno
1351 1547 1439 1587 solo
1468 1547 1632 1598 ingenio
1661 1563 1720 1588 oc·

125 1611 284 1660 cupato.
344 1609 430 1649 Nec
452 1609 676 1649 admodum
702 1609 840 1661 grauis
863 1612 926 1649 est
954 1609 1081 1659 labor,
1110 1612 1146 1650 si
1173 1612 1268 1663 quis
1293 1612 1441 1652 Latina
1467 1613 1608 1653 Grecis
1633 1627 1724 1653 con-

126 1675 233 1713 ferre
243 1674 358 1725 velit,
375 1675 441 1714 vel
460 1675 676 1714 tantillum
690 1676 849 1714 vertere
863 1675 1069 1724 foliorum,
1089 1690 1185 1717 cum
1200 1691 1318 1729 saepe
1332 1679 1488 1718 accidat
1501 1679 1722 1730 gratiorem

127 1752 215 1779 esse
241 1739 506 1779 collationem
532 1752 636 1790 quae
665 1739 803 1779 labore
831 1740 939 1780 facta
963 1740 1127 1780 felicius
1157 1742 1382 1782 obuenerit.
1443 1743 1536 1782 Iam
1565 1756 1661 1783 vero
1687 1744 1723 1783 si
1743 1762 1782 1792 30

128 1818 174 1843 ea
201 1804 334 1844 forma
361 1805 586 1844 excudatur
614 1818 695 1855 qua
722 1805 774 1843 ab
801 1804 912 1844 Aldo
942 1805 1168 1856 Gregorius
1197 1806 1490 1857 Nasiansenus,
1524 1808 1617 1860 quis
1645 1810 1722 1848 erit

128 1870 290 1920 vspiam
310 1870 568 1909 eruditorum
587 1870 846 1920 profecturus
864 1870 909 1909 in
929 1870 1108 1920 Italiam,
1128 1872 1174 1910 in
1196 1872 1361 1920 Gallias,
1379 1873 1423 1912 in
1444 1873 1719 1923 Britanniam,

130 1936 201 1985 qui
225 1948 311 1974 non
340 1948 480 1974 secum
498 1935 603 1974 ferat
622 1934 791 1974 Nouum
810 1934 1123 1975 Testamentum
1144 1937 1298 1977 Graece
1316 1937 1394 1986 vel,
1416 1938 1453 1977 si
1478 1938 1566 1978 fieri
1588 1941 1724 1990 potest

129 2000 217 2039 siue
236 2000 472 2050 comperiet,
495 2000 607 2039 idem
626 2000 765 2050 ipsum
786 1999 933 2039 Latine
952 2000 998 2039 in
1018 2001 1161 2041 eodem
1175 2001 1389 2041 volumine
1402 2004 1422 2042 ‘?
1451 2003 1559 2053 quod
1578 2005 1724 2055 nequit

129 2065 229 2113 fieri,
262 2065 299 2104 si
327 2065 453 2104 codex
481 2077 757 2116 praemagnus
785 2064 913 2104 fuerit
940 2065 1152 2118 formaque
1182 2069 1371 2117 augusta.
1427 2067 1570 2118 Neque
1596 2069 1722 2109 etiam
1743 2088 1781 2120 35

130 2132 296 2169 tantum
321 2130 484 2170 afferret
502 2130 670 2181 graciae,
696 2132 901 2181 quantum
920 2131 1245 2183 vnumquodque
1271 2145 1344 2171 suo
1369 2133 1597 2183 repositum
1621 2134 1721 2184 1000,

132 2208 207 2234 sua
234 2195 443 2246 refulgens
476 2195 686 2246 dignitate,
724 2208 798 2234 sua
828 2195 1042 2235 maiestate
1078 2196 1284 2237 decorum.
1340 2197 1448 2246 Quid
1476 2200 1618 2238 autem
1647 2201 1724 2239 erit

132 2260 205 2299 illo
224 2261 558 2310 magnificentius
576 2273 701 2312 quam
722 2261 831 2312 quod
856 2261 1007 2300 eruditi
1031 2275 1117 2300 non
1140 2262 1402 2301 offendantur
1421 2263 1722 2304 ineruditorum

132 2325 394 2374 adminiculo,
416 2327 458 2365 et
483 2326 682 2365 ineruditi
707 2326 923 2376 gaudeant,
946 2326 983 2365 si
1001 2326 1252 2366 adminiculo
1282 2327 1384 2367 olim
1406 2341 1490 2368 non
1513 2329 1568 2368 sit
1591 2332 1724 2380 opus‘?

133 2391 307 2429 Possem
342 2390 477 2430 multa
505 2390 692 2439 obiicere,
725 2404 857 2431 vnum
886 2394 1051 2432 tantum
1081 2391 1251 2443 dispicio
1285 2393 1392 2444 quod
1421 2395 1469 2434 tu
1496 2395 1630 2444 possis
1658 2395 1725 2433 ob-
1742 2415 1783 2445 40

134 2455 309 2504 trudere,
335 2456 492 2495 scilicet
518 2458 565 2495 vt
593 2456 754 2496 facilius
781 2456 932 2495 Latina
961 2457 1128 2496 Graecis
1155 2457 1445 2507 conferantur;
1484 2459 1591 2509 quod
1621 2459 1725 2497 mihi

134 2519 287 2559 melius
313 2520 562 2572 probiusque
588 2521 680 2561 fieri
707 2534 826 2573 posse
854 2522 1028 2570 videtur,
1059 2522 1095 2561 si
1123 2523 1307 2573 primum
1336 2524 1489 2562 Graeca
1516 2524 1651 2575 (atque
1680 2538 1726 2563 ea

179 2623 209 2654 8.
237 2622 401 2653 columna
416 2625 469 2654 ΕΒ
482 2633 490 2654 :
514 2623 679 2655 collinam
694 2626 764 2656 MS.
897 2633 948 2664 15.
974 2624 1201 2656 incolsultius
1216 2627 1285 2657 MS.
1416 2634 1468 2664 35.
1495 2627 1645 2665 angusta
1659 2628 1713 2657 LB

130 2676 306 2704 perperam.

181 2765 214 2796 8.
231 2764 460 2805 intermixta]
483 2764 558 2795 The
573 2765 666 2795 form
683 2764 720 2795 of
732 2764 795 2795 the
813 2765 900 2796 New
1012 2773 1064 2803 31.
1091 2765 1297 2806 Gregorius]
1323 2768 1479 2806 Carmina,
1506 2765 1600 2797 June
1630 2775 1724 2808 1504,

140 2809 346 2841 Testament
362 2808 433 2839 had
450 2807 596 2848 already
612 2808 701 2838 been
717 2807 846 2839 settled
858 2808 898 2839 in
966 2809 1011 2846 4⁰.
1053 2807 1099 2838 In
1116 2809 1220 2839 order
1234 2810 1270 2840 to
1287 2809 1329 2840 be
1346 2809 1424 2840 able
1441 2811 1477 2840 to
1493 2809 1584 2840 bind
1599 2819 1647 2849 up
1662 2810 1725 2842 the

142 2861 247 2892 1514;
264 2852 306 2883 cf.
320 2852 383 2892 Ep.
397 2860 472 2891 305.
486 2860 605 2889 222-4.
632 2851 805 2882 Gerbell's
820 2860 898 2891 pro·
966 2850 1082 2882 Greek
1099 2851 1171 2882 and
1194 2851 1257 2883 the
1273 2852 1380 2883 Latin
1396 2852 1513 2883 either
1528 2854 1728 2894 separately

141 2897 214 2927 test
230 2896 407 2926 indicates
423 2895 504 2926 that
522 2894 584 2925 the
600 2894 763 2934 printing
778 2894 816 2925 of
835 2894 898 2925 the
968 2904 1006 2925 or
1034 2894 1205 2935 together,
1232 2895 1349 2927 Aldus
1380 2895 1523 2936 printed
1552 2896 1652 2928 them
1679 2907 1724 2929 on

142 2939 232 2970 book
243 2940 375 2970 cannot
385 2940 446 2978 yet
461 2938 551 2970 have
563 2937 744 2970 advaneed
759 2937 812 2969 far
821 2948 829 2974 3
854 2937 897 2970 cf.
967 2939 1126 2977 separate
1143 2938 1271 2970 sheets.
1308 2939 1376 2970 For
1391 2939 1452 2971 the
1468 2939 1629 2980 singular
1644 2950 1725 2972 con-

143 2982 209 3023 Ep.
227 2984 303 3022 356.
323 2992 372 3023 11,
392 2993 424 3014 2.
967 2990 1158 3021 sequences
1175 2982 1333 3014 entailed
1350 2992 1405 3015 see
1421 2983 1620 3015 Renouard.
