2010 3417
164 475 205 505 ยน10

168 1781 209 1813 90

170 2110 210 2141 95

224 157 303 194 446
688 153 940 192 LETTERS
977 153 1048 191 OF
1087 152 1354 192 ERASMUS

1695 150 1817 205 [1517

222 268 394 313 tumque
431 264 600 312 paginas
633 263 765 312 Reges
797 261 931 301 nostri
966 262 1150 312 profanis
1187 261 1431 301 nominibus
1468 264 1555 300 tam
1592 262 1823 302 luculenter

224 329 395 378 implere
434 341 559 377 quam
599 327 724 366 sacris
761 340 806 366 ac
847 327 1136 377 spiritualibus
1181 328 1360 376 possent,
1401 340 1478 376 ego
1516 327 1624 366 mihi
1663 341 1824 378 quoque

223 391 385 429 homini
404 391 570 441 coniugi
584 389 784 429 nonnihil
796 389 842 428 in
856 390 1108 428 aduenticiis
1126 389 1212 439 spei
1231 389 1516 439 reponendum
1529 390 1819 429 existimarem.

224 456 344 493 Nunc
375 458 518 494 autem
551 456 610 494 ita
641 456 721 493 fert
754 455 859 494 ratio
891 458 933 493 et
964 455 1185 494 institutae
1219 455 1328 493 mihi
1359 454 1470 494 vitae
1508 457 1547 494 et
1585 454 1823 494 studiorum

223 535 422 570 meorum,
446 524 492 560 vt
521 521 628 559 mihi
655 520 801 559 aulicis
829 521 873 558 in
901 520 1026 559 rebus
1049 533 1095 559 ac
1124 534 1177 559 ne
1205 521 1252 558 in
1280 520 1459 570 publicis
1485 519 1656 570 quidem
1683 533 1826 570 prope-

224 587 394 626 modum
422 586 531 624 nihil
558 588 630 624 aut
657 587 815 624 seratur
837 588 909 624 aut
935 587 1129 624 metatur.
1189 586 1310 624 Vnde
1336 585 1385 623 fit
1403 587 1450 624 vt
1476 585 1670 624 homines
1697 585 1825 624 multi

223 652 386 691 consilii
413 651 497 690 mei
525 651 662 701 ignari
691 664 737 690 ea
766 664 833 689 me
862 651 990 690 colere
1009 651 1147 691 studia
1165 650 1410 690 existiment
1434 652 1475 689 et
1500 651 1694 689 dictitent
1722 664 1826 701 quae

222 717 399 756 facunda
430 717 566 755 multo
596 717 729 767 magis
758 729 885 766 quam
918 716 1121 755 foecunda
1154 729 1242 755 esse
1274 716 1466 766 possint:
1508 729 1583 754 nec
1611 729 1658 755 eo
1683 717 1828 756 minus

163 798 180 809 *
221 786 362 822 tamen
382 782 479 821 inde
500 781 668 821 vberem
693 781 802 820 mihi
826 782 989 831 frugem
1014 781 1227 832 promitto,
1250 795 1346 820 cum
1373 781 1579 820 senectuti
1604 795 1720 820 meae
1746 782 1827 821 suf-

221 849 436 896 fecturam,
456 850 549 886 tum
571 848 696 886 etiam
717 847 940 897 nepotibus
966 848 1070 886 meis
1098 860 1144 886 ac
1167 846 1347 897 posteris
1366 846 1543 885 subsidii
1562 847 1756 885 nonnihil
1776 847 1828 886 ad

222 914 354 952 vitam
382 916 454 952 aut
482 913 835 952 existimationem
865 913 1096 952 allaturam.
1166 913 1246 951 Sed
1275 925 1400 962 super
1433 912 1577 951 omnia
1605 926 1693 951 esse
1721 913 1827 951 duco

224 980 331 1030 quod
357 980 400 1017 in
430 979 562 1018 animi
588 979 841 1018 alimentum
869 979 1235 1028 suppeditaturum
1261 980 1325 1017 est
1354 980 1395 1017 et
1423 979 1474 1016 ad
1498 978 1609 1017 vitae
1635 980 1827 1017 aeternae

223 1059 268 1083 ac
288 1045 444 1083 summi
460 1045 557 1083 boni
575 1044 837 1094 adeptionem
858 1044 1175 1083 conducturum.

279 1111 455 1159 Quaeres
493 1110 561 1148 hic
597 1110 769 1148 fortasse
804 1110 902 1160 quid
936 1109 1015 1148 tibi
1046 1112 1188 1148 auctor
1225 1109 1317 1147 sim.
1392 1109 1499 1158 Quid
1538 1109 1654 1148 aliud
1687 1109 1829 1159 potius

225 1189 349 1226 quam
363 1179 409 1214 vt
430 1176 536 1214 hanc
557 1175 841 1214 conditionem
856 1176 1048 1225 protinus
1066 1176 1244 1224 accipias
1263 1177 1304 1214 et
1320 1174 1614 1224 amplectaris?
1642 1175 1828 1224 primum

226 1242 333 1292 quod
352 1243 411 1280 ita
434 1244 475 1280 te
500 1254 588 1280 esse
611 1241 846 1280 animatum
865 1241 994 1279 velim
1013 1241 1081 1279 vel
1108 1254 1202 1280 mea
1221 1241 1347 1279 vnius
1367 1253 1515 1280 causa:
1546 1240 1696 1279 deinde
1720 1240 1829 1291 quod

226 1308 260 1345 si
279 1320 371 1345 eam
390 1307 605 1357 acceperis,
626 1319 711 1345 non
725 1307 858 1356 magis
876 1307 1058 1345 fortunis
1077 1307 1161 1345 tuis
1181 1319 1307 1356 quam
1325 1306 1479 1345 honori
1499 1307 1621 1356 atque
1641 1305 1830 1356 opinioni

226 1373 492 1411 consulueris.
552 1372 664 1410 Proh
688 1372 776 1410 diui
802 1372 1071 1418 immortales,
1100 1385 1227 1421 quam
1253 1373 1295 1411 id
1323 1372 1401 1410 tibi
1429 1372 1708 1410 honorificum
1734 1371 1825 1419 erit,

190 1451 352 1488 [quam
380 1438 431 1476 ad
465 1437 655 1476 omnium
690 1437 904 1475 doctorum
939 1437 1292 1476 existimationem
1326 1436 1593 1486 splendidum
1627 1438 1669 1475 et
1701 1436 1829 1474 fortu-

227 1505 385 1551 natum,
408 1503 531 1541 istius
554 1505 595 1541 te
620 1502 830 1541 doctrinae
850 1503 1207 1541 commendatione
1227 1516 1251 1541 a
1271 1502 1455 1541 maximo
1477 1504 1518 1541 et
1542 1501 1830 1540 illustrissimo

227 1581 374 1618 regum
402 1568 447 1605 in
476 1568 750 1618 longinquam
778 1568 991 1618 regionem
1020 1568 1202 1618 petitum
1232 1581 1318 1606 esse
1346 1570 1388 1606 et
1416 1567 1683 1606 accersitum!
1740 1567 1829 1605 Rex

227 1634 294 1672 hic
312 1636 374 1671 est
395 1647 480 1671 non
500 1633 622 1671 modo
643 1633 838 1680 Francus,
861 1634 969 1683 quod
990 1634 1130 1683 ipsum
1150 1647 1223 1682 per
1242 1647 1286 1672 se
1307 1633 1494 1683 amplum
1514 1635 1587 1682 est,
1610 1633 1680 1672 sed
1701 1633 1829 1671 etiam

229 1699 502 1746 Franciscus3
541 1698 712 1737 nomine
741 1698 819 1736 hoc
847 1699 1034 1748 primum
1064 1699 1115 1737 ab
1145 1698 1235 1749 ipso
1263 1699 1373 1737 inter
1401 1698 1513 1748 regia
1541 1698 1670 1737 relato
1700 1700 1751 1746 et,
1782 1700 1829 1736 vt

227 1764 421 1814 augurari
458 1764 564 1812 licet,
605 1764 656 1802 ad
696 1777 760 1802 res
798 1777 973 1814 magnas
1010 1763 1212 1802 ominoso.
1289 1764 1409 1802 Idem
1445 1763 1666 1802 literarum
1706 1760 1828 1815 [non]

227 1830 403 1875 nescius,
427 1829 536 1879 quod
564 1832 704 1868 tamen
735 1842 848 1868 more
878 1842 1026 1878 parum
1054 1829 1161 1867 mihi
1189 1828 1362 1879 probato
1386 1828 1556 1868 solenne
1585 1830 1648 1867 est
1676 1828 1832 1867 nostris

228 1895 403 1945 regibus,
441 1896 511 1933 sed
547 1894 744 1933 idiomate
777 1895 1007 1943 facundus3
1047 1894 1298 1944 ingeniosus,
1335 1894 1497 1943 decens,
1531 1894 1674 1933 mollis
1707 1895 1829 1944 atque

229 1960 341 1999 obuii
375 1973 559 1999 accessus
592 1962 635 1998 et
667 1960 850 2009 gratuiti,
881 1960 986 1998 raris
1014 1960 1195 2009 corporis
1227 1960 1440 2010 animique
1471 1960 1640 1999 dotibus
1668 1960 1781 2010 large
1807 1973 1832 1999 a

229 2027 377 2064 natura
401 2025 622 2075 praeditus,
645 2025 874 2075 priscorum
899 2026 1135 2075 principum
1164 2025 1391 2064 admirator
1408 2027 1451 2064 et
1471 2025 1734 2076 praedicator,
1759 2026 1832 2075 qui

229 2090 397 2140 quidem
431 2104 616 2140 vnquam
649 2091 783 2129 animi
821 2091 1112 2140 magnitudine
1146 2104 1192 2130 ac
1230 2091 1354 2130 rebus
1388 2092 1514 2141 gestis
1545 2090 1827 2130 inclaruerint.

229 2155 311 2193 His
334 2156 488 2194 accedit
513 2156 622 2205 quod
648 2156 772 2194 habet
799 2156 969 2194 omnino
996 2156 1105 2206 quod
1126 2156 1205 2205 det,
1227 2158 1273 2195 vt
1293 2156 1328 2194 si
1352 2157 1445 2206 quis
1465 2170 1651 2207 vnquam
1669 2169 1827 2206 regum,

228 2222 373 2270 vtpote
400 2221 472 2270 qui
500 2234 632 2271 nuper
660 2220 854 2270 opimam,
877 2221 1189 2270 amplissimam,
1213 2221 1329 2260 omni
1347 2235 1438 2260 aere
1466 2221 1612 2269 alieno,
1635 2221 1831 2260 omnibus

228 2285 351 2325 noxis
388 2286 566 2325 solutam
601 2287 775 2324 creuerit
812 2286 1112 2325 haereditatem
1151 2286 1234 2326 Cal.
1272 2286 1484 2334 Ianuarii3
1525 2288 1567 2325 et
1599 2287 1670 2326 dat
1707 2300 1830 2326 nemo

271 2392 326 2422 68.
351 2391 602 2431 spiritualibus
619 2393 660 2422 C:
685 2392 859 2422 dedicatis
875 2393 908 2426 ฮฒ.

228 2445 282 2473 90.
307 2445 363 2465 res
379 2445 527 2474 magnas
544 2435 609 2469 CโB
624 2447 631 2466 :
655 2445 803 2475 magnas
820 2446 875 2466 res
890 2435 935 2467 0ยฒ.

229 2482 375 2509 Forsitan
391 2481 546 2509 ffllcliclerit
562 2481 583 2509 C
597 2482 732 2516 obsequii
747 2482 865 2517 qratia.

229 2522 378 2560 gratuiti
396 2525 469 2553 ยซdd.
487 2524 520 2556 ฮฒ.

1049 2401 1098 2431 72.
1124 2391 1224 2422 nihil
1240 2394 1302 2423 aut
1318 2416 1327 2424 .
1347 2416 1355 2424 .
1376 2391 1463 2424 faut
1481 2396 1523 2423 C:
1548 2402 1613 2423 nec
1630 2417 1637 2424 .
1657 2415 1666 2424 .
1684 2416 1692 2423 .
1711 2402 1779 2423 nec
1794 2393 1829 2426 ฮฒ.

1061 2445 1137 2466 non
1154 2446 1211 2466 om.
1230 2437 1263 2475 ฮฒ,
1283 2438 1332 2466 rbi
1346 2446 1394 2467 res
1408 2439 1519 2467 deinde
1535 2439 1632 2467 latius
1646 2439 1829 2473 explicatur.

1001 2489 1053 2518 91.
1080 2481 1203 2510 tamen
1219 2503 1226 2510 .
1246 2503 1254 2510 .
1274 2502 1281 2510 .
1300 2480 1446 2519 probato
1462 2483 1536 2511 add.
1553 2481 1587 2514 ฮฒ.
1714 2489 1767 2520 93.
1794 2480 1830 2510 et

655 2533 708 2562 97.
734 2525 857 2562 vtpote
875 2546 883 2553 .
901 2546 909 2554 .
929 2546 936 2553 .
955 2524 1007 2562 98.
1034 2523 1197 2554 Ianuarii
1215 2525 1290 2554 add.
1307 2524 1340 2557 ฮฒ.

272 2619 324 2658 98.
351 2618 627 2659 haereditatem]
668 2620 687 2650 I
725 2621 858 2650 cannot
895 2619 996 2650 satis-

231 2662 396 2702 factorily
415 2663 560 2702 explain
582 2663 643 2693 the
665 2663 842 2694 insertion
866 2662 904 2692 of
921 2662 996 2693 this

230 2715 373 2746 passage
397 2706 437 2735 in
461 2715 553 2745 1531.
602 2707 638 2737 It
662 2715 729 2737 can
750 2706 880 2745 hardly
902 2706 996 2737 refer

231 2752 267 2779 to
304 2750 460 2780 Francisโ
495 2750 695 2781 suceession
730 2751 766 2781 to
803 2750 909 2780 Louis
939 2758 996 2780 ฮงฮ

232 2792 295 2830 (โ1
314 2793 394 2823 Jan.
418 2794 529 2833 1515).
577 2794 622 2824 In
646 2794 737 2833 spite
762 2793 800 2824 of
819 2793 881 2823 the
905 2792 994 2823 diffi-

231 2835 330 2875 culty
343 2836 381 2865 of
390 2836 481 2875 date,
496 2838 514 2867 I
527 2846 584 2867 am
598 2836 760 2876 tempted
772 2839 808 2867 to
820 2836 994 2867 attribute

232 2879 259 2907 it
276 2880 312 2908 to
334 2879 491 2910 Francisโ
506 2881 736 2911 inheritance
758 2880 851 2910 from
868 2880 994 2910 Louise

233 2921 270 2950 of
298 2921 410 2962 Savoy
438 2924 578 2963 โนPi-Sept.
615 2924 713 2962 1531)
742 2923 814 2954 and
844 2925 880 2954 to
911 2933 993 2962 sup-

231 2972 313 3002 pose
335 2966 415 2995 that
438 2967 613 3006 Budaeus,
634 2968 673 2997 in
695 2967 853 2997 defiance
875 2967 913 2997 of
931 2967 995 2997 the

231 3007 493 3050 anachronism,
528 3010 687 3040 inserted
718 3011 747 3040 it
779 3020 817 3040 as
848 3012 927 3049 part
959 3010 999 3040 of

1064 2619 1123 2649 his
1143 2618 1264 2649 efforts
1278 2618 1371 2649 from
1390 2628 1473 2658 1529
1489 2619 1654 2650 onwards
1669 2620 1707 2650 to
1727 2618 1830 2649 instiฮ

1063 2663 1142 2701 gate
1169 2661 1316 2693 Francis
1341 2664 1377 2693 to
1404 2662 1498 2693 fulfil
1524 2663 1587 2693 the
1616 2662 1830 2702 obligations

1063 2705 1219 2736 towards
1239 2705 1301 2736 the
1323 2705 1464 2745 College
1486 2706 1529 2736 de
1551 2706 1686 2736 France
1707 2705 1830 2736 which

1064 2749 1110 2779 he
1126 2748 1199 2780 had
1214 2749 1422 2780 contracted
1434 2750 1475 2779 in
1490 2758 1569 2788 1517
1583 2760 1590 2787 อพ
1611 2759 1667 2780 see
1681 2749 1831 2780 Lefranc

1063 2792 1118 2824 ch.
1136 2802 1167 2832 3.
1216 2792 1344 2823 Louise
1360 2793 1444 2823 died
1460 2793 1554 2823 after
1569 2802 1588 2823 a
1605 2793 1688 2832 long
1704 2792 1830 2823 illness

1063 2836 1102 2866 in
1123 2846 1143 2866 a
1159 2835 1291 2875 village
1314 2838 1350 2866 at
1366 2846 1461 2867 some
1481 2836 1643 2867 distance
1659 2836 1752 2866 from
1767 2836 1829 2866 the

1061 2879 1204 2920 capital,
1232 2878 1304 2910 and
1328 2879 1496 2910 Budaeus
1519 2889 1602 2919 may
1624 2880 1715 2910 have
1738 2879 1830 2910 been

1062 2922 1192 2953 misled
1210 2923 1256 2962 by
1271 2932 1291 2952 a
1305 2922 1392 2953 false
1413 2924 1533 2962 report
1555 2924 1594 2953 of
1611 2923 1678 2953 her
1699 2922 1829 2959 deathอพ

1063 2966 1116 2997 for
1137 2966 1276 2997 similar
1296 2965 1383 2997 false
1405 2976 1573 2996 rumours
1594 2966 1635 2996 cf.
1655 2966 1742 3006 Epp.
1763 2974 1830 3003 270

1063 3009 1212 3049 inti-odโ
1230 3019 1302 3048 479.
1321 3019 1341 3048 3
1358 3010 1429 3041 and
1447 3019 1520 3048 541.
1540 3019 1582 3048 55
1599 3019 1635 3040 n.
