2010 3417
143 145 244 199 534]
594 147 665 186 rro
701 149 966 188 WILLIAM
1004 147 1277 188 BUDAEUS
1656 148 1735 185 479

139 257 415 298 Gulielmum.
474 257 657 296 Rursum
680 257 918 308 quindecim
937 270 1068 296 annos
1088 260 1210 296 natus
1223 258 1282 296 sic
1294 258 1506 308 aequalem
1526 257 1734 308 quendam
1755 271 1793 301 55

139 322 271 361 dilexi
298 323 346 362 vt
373 321 479 360 mihi
514 324 620 361 esset
647 336 715 361 me
742 323 833 373 ipso
870 322 1041 361 charior.
1117 323 1229 362 Huic
1265 323 1463 362 successit
1499 323 1736 363 Gulielmus

141 387 391 435 Hermanus,
413 386 537 426 homo
557 387 711 435 doctus,
733 387 850 426 cuius
869 388 1048 436 hymnos
1077 389 1222 437 opinor
1241 389 1396 427 vidisse
1414 390 1454 427 te
1471 403 1479 427 :
1509 390 1604 438 post
1622 388 1734 427 hunc

139 452 377 490 Gulielmus
404 452 640 500 Montioius‚
662 455 883 502 perpetuus
907 454 947 490 et
973 453 1336 492 constantissimus
1363 453 1578 492 Moecenas
1602 466 1731 493 meus.

139 516 300 556 Deinde
319 517 553 556 Gulielmus
573 518 825 565 Latamerus,
848 517 914 555 vir
932 517 975 555 in
996 517 1210 568 vtriusque
1229 518 1467 557 literaturae
1487 519 1734 568 praest-antia

139 581 315 620 Linacro
348 595 432 620 non
466 581 647 630 inferior,
684 583 809 621 homo
842 595 939 621 vere
971 582 1199 632 theologus,
1234 584 1312 621 hoc
1347 585 1411 622 est
1441 584 1734 634 integerrimus
1751 595 1793 625 40

137 647 268 686 simul
296 649 338 685 et
366 646 692 694 eruditissimus,
721 647 933 697 nostrique
962 660 1056 686 cum
1085 647 1231 697 primis
1260 648 1482 686 studiosus.
1538 648 1606 686 Ad
1635 648 1734 687 haec

137 711 376 750 Gulielmus
396 712 612 759 Grocinus,
636 712 751 750 cuius
778 711 994 761 epistolam
1014 711 1140 750 habes
1159 712 1328 762 spherae
1349 713 1517 751 Proculi
1536 713 1729 752 additam.

137 776 229 816 Iam
249 778 350 826 quot
376 776 608 816 Gulielmos
633 779 777 827 aequat
796 790 903 815 vnus
928 776 999 814 ille
1026 776 1260 816 Gulielmus
1283 777 1613 827 archiepiscopus
1632 778 1732 817 Can-

137 841 385 880 tuariensis!
441 842 509 879 Ad
539 842 614 880 hec
640 841 899 880 Gulielmum
926 842 1086 891 Copum
1109 843 1168 880 sic
1187 844 1324 881 totum
1349 844 1463 880 totus
1488 855 1583 881 amo
1608 845 1654 882 vt
1681 843 1731 882 ad

135 907 277 956 ipsum
304 907 431 945 etiam
458 907 642 945 hominis
669 919 823 945 nomen
849 919 1013 945 recreer.
1073 907 1135 945 De
1159 908 1200 945 te
1220 920 1317 946 vero
1342 907 1505 957 parcius
1531 908 1665 946 dicam
1685 908 1730 946 in
1750 921 1789 950 45

134 984 193 1010 os.
231 971 311 1010 Sed
333 971 458 1009 ditior
472 985 565 1009 sum
581 984 703 1021 quam
725 971 1017 1010 existimaram.
1058 971 1301 1010 Nesciebam
1322 972 1532 1022 insignem
1553 972 1675 1011 illum
1690 976 1730 1011 et

133 1037 326 1075 omnium
346 1050 413 1075 ore
433 1037 686 1075 celebratum
701 1037 941 1087 theologum
963 1036 1222 1075 Gulielmum
1238 1040 1510 1087 cognomento
1525 1037 1730 1085 Paruum,

134 1101 341 1141 virtutum
360 1102 587 1140 eminentia
605 1103 847 1149 maximum,
869 1102 1100 1151 vsqueadeo
1125 1115 1267 1140 meum
1287 1115 1387 1141 esse.
1472 1102 1605 1151 Mane,
1630 1116 1728 1141 non-

136 1167 236 1205 dum
275 1166 437 1205 omneis
476 1167 706 1205 Gulielmos
743 1179 857 1205 meos
893 1167 1092 1206 recensui.
1151 1168 1226 1205 Est
1264 1167 1451 1206 Basileae
1491 1167 1729 1207 Gulielmus

135 1231 334 1280 Nesenus,
365 1232 619 1281 optimarum
647 1231 864 1270 literarum
892 1231 1208 1270 ardentissimus
1241 1234 1504 1279 consectator,
1536 1232 1644 1271 mihi
1671 1233 1729 1272 sic
1748 1247 1789 1278 50

133 1297 253 1335 vnice
281 1296 446 1335 deditus
464 1299 510 1335 vt
529 1296 730 1346 Pyladem
749 1309 890 1334 meum
919 1295 1125 1346 appellare
1154 1297 1241 1335 iure
1271 1297 1428 1348 optimo
1456 1299 1626 1347 possim.
1683 1299 1729 1337 Is

134 1361 244 1400 nihil
263 1363 455 1400 coutetur
474 1361 649 1411 quoduis
668 1361 795 1399 etiam
811 1360 957 1410 capitis
973 1361 1204 1410 periculum
1225 1362 1338 1400 adire
1356 1375 1430 1412 pro
1450 1375 1523 1401 suo
1542 1362 1725 1402 Erasmo.

187 1427 252 1465 Ex
279 1428 440 1465 oratore
467 1428 604 1465 vestro
637 1427 812 1476 cognoui
846 1425 1030 1465 Paulum
1063 1426 1296 1466 Aemilium
1330 1427 1502 1466 tandem
1536 1428 1728 1478 euulgare

133 1506 272 1531 rerum
304 1492 557 1531 Gallicarum
586 1491 805 1530 historiam
825 1506 834 1530 :
864 1504 946 1529 non
967 1492 1080 1530 enim
1100 1492 1250 1542 poterit
1269 1505 1354 1531 non
1373 1506 1460 1531 esse
1480 1492 1728 1532 absolutissi-

132 1571 252 1596 mum
277 1570 390 1607 opus,
414 1558 522 1607 quod
543 1570 567 1595 a
585 1557 674 1595 viro
701 1570 786 1595 non
811 1557 954 1595 minus
979 1556 1096 1595 docto
1123 1570 1248 1607 quam
1275 1556 1468 1607 diligenti
1494 1557 1588 1607 plus
1607 1559 1729 1598 annis
1746 1573 1785 1603 55

131 1623 286 1673 viginti
319 1623 372 1661 sit
405 1623 671 1661 elaboratum.
730 1622 925 1673 Vtopiam
954 1622 1137 1661 'rhomae
1166 1622 1273 1661 Mori
1300 1623 1335 1660 si
1365 1623 1554 1661 nondum
1583 1623 1723 1662 videre

132 1688 325 1738 contigit,
353 1688 417 1726 fac
446 1700 564 1726 cures
590 1687 826 1736 emendam,
859 1700 991 1737 neque
1020 1687 1154 1738 pigeat
1182 1701 1255 1737 per
1284 1688 1421 1727 ocium
1449 1688 1611 1739 legere3
1643 1702 1727 1728 non

133 1753 363 1804 poenitebit
412 1766 532 1802 opere
580 1753 830 1803 insumptae.
906 1753 1091 1792 'rhomae
1129 1753 1296 1791 Linacri
1333 1753 1641 1792 lucubrationes
1677 1767 1726 1792 ex

132 1818 297 1857 officina
317 1818 503 1857 Badiana
528 1817 766 1868 propediem
792 1817 975 1856 exituras
999 1817 1080 1855 dici
1095 1831 1179 1856 non
1202 1820 1340 1868 potest
1367 1832 1491 1868 quam
1511 1819 1721 1868 gaudeam.

134 1884 252 1922 Nihil
289 1883 341 1922 ab
377 1896 425 1921 eo
457 1883 547 1921 viro
583 1884 751 1932 expecto
789 1895 874 1920 non
911 1882 1269 1921 absolutissimum
1303 1883 1498 1922 omnibus
1528 1884 1724 1924 numeris.
1744 1888 1786 1920 60

133 1949 270 1987 Deum
307 1947 600 1997 immortalem,
630 1948 740 1997 quod
770 1947 979 1985 saeculum
1011 1947 1129 1986 video
1163 1949 1280 1986 breui
1314 1949 1526 1988 futurum!
1564 1950 1726 1989 vtinam

132 2014 351 2064 contingat
370 2013 675 2052 reiuuenescere
691 2014 700 2052 Σ

186 2079 337 2117 Petrus
357 2078 557 2128 Aegidius
582 2078 730 2127 hospes
757 2089 884 2125 meus,
906 2080 952 2116 vt
978 2077 1181 2117 bonarum
1206 2079 1422 2118 literarum
1442 2081 1483 2118 et
1502 2079 1729 2119 admirator

129 2147 172 2183 et
189 2143 353 2195 egregie
371 2143 539 2193 peritus,
561 2143 621 2181 ita
639 2143 702 2181 tui
720 2156 815 2181 cum
833 2143 980 2192 primis
1000 2143 1224 2192 studiosus,
1243 2144 1406 2195 rogauit
1420 2146 1468 2183 vt
1485 2145 1572 2183 suis
1586 2145 1726 2185 verbis

131 2209 208 2248 tibi
238 2209 413 2248 salutem
449 2208 704 2246 ascriberem.
764 2207 809 2245 Is
841 2207 927 2245 suis
956 2207 1096 2257 digitis
1126 2209 1326 2258 prolixam
1359 2209 1477 2248 illam
1508 2211 1724 2260 scripserat
1742 2215 1782 2254 65

130 2275 362 2325 epistolam⁷
394 2287 630 2324 quanquam
662 2273 763 2312 alias
793 2272 1145 2321 occupatissimus,
1181 2287 1277 2313 cum
1307 2274 1413 2313 mihi
1447 2288 1530 2314 non
1563 2279 1724 2314 vacaret

131 2339 360 2386 rescribere,
395 2341 437 2377 et
466 2339 642 2377 alterum
674 2351 696 2376 e
729 2337 936 2376 ministris
969 2338 1206 2376 Louanium
1238 2340 1503 2390 ablegassem,
1538 2341 1641 2379 alter
1673 2342 1724 2380 ab

131 2404 263 2443 oculis
282 2404 497 2443 laboraret.
556 2405 670 2442 Bene
689 2404 794 2442 vale.

185 2469 440 2518 Antuerpiae
463 2482 573 2507 nono
594 2468 678 2507 Cal.
703 2467 884 2506 Martias.
943 2468 1203 2507 An.M.n.XV1.

186 2534 234 2572 D.
253 2532 501 2572 Cutbertum
514 2533 780 2572 Tunstallum
797 2545 821 2570 a
834 2531 955 2570 nobis
970 2532 1124 2572 auulsit
1141 2534 1370 2583 Imperat-or
1383 2533 1694 2574 Maximilianus
1712 2550 1720 2583 3
1743 2548 1782 2580 :0

176 2630 228 2659 39.
254 2620 293 2650 in
312 2618 370 2650 0²:
397 2620 435 2649 ni
455 2618 498 2650 0¹.
574 2630 626 2657 41.
653 2619 710 2650 Ad
728 2618 791 2648 6²:
814 2618 865 2648 At
883 2616 930 2648 Cl.
949 2619 992 2654 Cf.
1010 2621 1090 2655 Epp.
1112 2620 1185 2657 480,
1206 2628 1282 2658 255,
1303 2629 1377 2659 492.
1408 2620 1478 2650 108.
1556 2629 1606 2658 43.
1635 2624 1722 2660 quot

131 2662 194 2693 (522
217 2663 311 2702 quod
331 2661 376 2694 0¹.
397 2665 439 2700 Cf.
459 2666 517 2700 Ep.
537 2673 611 2702 531.
634 2665 704 2694 181.
785 2671 839 2701 50.
868 2660 929 2691 C²z
953 2661 1117 2693 Necenus
1134 2662 1179 2695 0¹.

174 2786 226 2815 37.
242 2775 414 2816 hymnos]
432 2774 623 2806 Herman’s
633 2777 731 2813 Sylua
743 2777 894 2810 Oclarzcm3
963 2772 1097 2804 Badius
1112 2774 1202 2805 after
1217 2774 1265 2805 all
1281 2784 1353 2805 was
1370 2775 1432 2804 not
1448 2774 1510 2805 the
1526 2776 1679 2815 printcr.

130 2820 173 2850 cf.
192 2820 253 2859 Ep.
271 2829 324 2858 49.
1005 2818 1060 2848 66.
1082 2817 1286 2858 epistolam]
1310 2818 1374 2858 Ep.
1392 2827 1468 2856 531.

175 2873 227 2901 42.
251 2861 455 2902 epistolam]
480 2862 531 2893 Cf.
549 2862 612 2902 Ep.
632 2863 701 2893 106.
723 2871 736 2892 1
756 2871 790 2892 n.
1006 2862 1060 2899 67.
1084 2860 1292 2902 rescribere]
1317 2862 1368 2892 Cf.
1385 2870 1418 2900 p.
1439 2871 1510 2901 177.

174 2916 226 2945 53.
251 2905 405 2946 oratore]
430 2906 600 2937 Poncher.
1050 2903 1245 2945 ministris]
1285 2904 1414 2935 Hands
1441 2904 1475 2935 A
1511 2905 1583 2937 and
1620 2905 1650 2937 B
1686 2907 1724 2937 of

219 2948 437 2990 Aemilium]
462 2949 514 2980 Cf.
531 2949 592 2988 Ep.
614 2950 688 2988 136.
707 2958 721 2978 1
741 2958 775 2980 n.
963 2948 1026 2978 the
1041 2947 1220 2979 Deventer
1235 2947 1306 2979 MS.
1322 2959 1331 2987 ;
1353 2957 1419 2979 one
1434 2948 1473 2979 of
1487 2949 1609 2980 whom
1625 2953 1723 2981 must

175 2993 228 3031 58.
255 2991 415 3033 Linacri]
468 2992 520 3024 Cf.
566 2993 631 3032 Ep.
674 3001 749 3031 502.
791 3001 828 3030 15
861 3001 893 3021 n.
964 2992 1053 3021 have
1066 2991 1151 3022 been
1164 2991 1262 3022 John
1273 2991 1393 3023 Smith
1407 2991 1468 3033 (cf.
1488 2992 1551 3033 Ep.
1565 2994 1720 3034 532.34).
