2010 3417
186 163 267 201 590
657 157 907 196 LETTERS
945 157 1015 196 OF
1052 157 1321 196 ERASMUS
1663 158 1784 212 [1517

130 286 168 308 10
186 271 453 310 vehementer
481 268 564 306 tuis
591 267 635 305 in
667 267 734 304 his
753 266 1009 314 virtutibus;
1038 268 1132 305 tum
1158 266 1238 305 tibi
1266 267 1512 316 persuadeas
1531 267 1660 307 velim
1680 269 1791 308 nihil

185 350 274 375 esse
301 334 409 384 quod
439 346 512 383 ego
540 332 672 382 magis
692 334 834 382 optem
863 345 989 382 quam
1022 346 1141 382 posse
1170 346 1244 382 pro
1274 332 1475 383 dignitate
1504 335 1576 371 tua
1595 334 1792 373 nonnihil

186 400 407 440 honorifice
428 398 494 437 vel
526 397 658 436 facere
684 397 751 436 vel
782 397 924 436 dicere.
986 397 1071 435 Nec
1101 398 1217 436 enim
1248 398 1356 436 clam
1384 400 1425 436 te
1453 399 1517 437 est
1545 399 1654 448 quod
1684 399 1791 439 nihil

184 465 432 517 praeclarius
451 476 618 501 mecum
644 463 711 513 agi
741 476 958 513 nunquam
989 462 1181 501 duxerim
1200 463 1384 510 antehac,
1408 465 1502 501 tum
1522 476 1617 502 cum
1636 465 1791 504 muniti

184 543 344 570 eramus
364 529 515 568 vestris
535 528 697 577 studiis,
719 541 844 578 quam
869 529 1019 566 mereri
1051 529 1101 567 de
1120 528 1240 567 vobis
1262 528 1459 567 omnibus
1476 529 1655 568 summis
1673 529 1786 568 viris.

126 613 162 643 15
183 597 275 635 Hoc
294 597 433 634 autem
453 596 637 644 tempore
659 594 766 632 nihil
792 596 856 632 est
885 595 993 644 quod
1024 608 1151 645 aeque
1174 594 1328 634 laboro.
1389 595 1533 644 quue
1551 595 1709 634 factum
1729 598 1791 635 est

181 664 228 701 vt
258 663 397 700 tecum
425 674 498 710 per
525 660 686 698 litteras
706 673 795 698 rem
815 673 935 709 agere
954 660 1173 709 voluerim7
1195 673 1321 710 quam
1351 659 1430 698 tibi
1458 660 1545 698 fore
1565 673 1684 709 spero
1704 674 1790 700 non

182 727 464 774 immundam,
496 739 590 764 cum
629 725 708 763 tibi
740 739 830 763 esse
864 738 950 764 non
988 725 1121 775 possit
1156 738 1242 764 non
1280 725 1523 765 honorifica.
1579 725 1712 775 Nosti,
1742 729 1789 766 vt

182 793 326 843 opinor
354 794 476 842 atque
503 792 615 829 certo
642 791 727 829 scio
755 793 797 829 te
823 791 929 829 scire
955 793 1079 841 atque
1105 791 1206 829 adeo
1232 790 1590 840 animaduertisse,
1614 805 1709 830 cum
1738 806 1789 831 ex

181 858 413 897 multorum
432 857 586 896 litteris
612 859 704 895 tum
724 869 773 894 ex
794 869 985 895 sermone
1016 857 1070 895 M.
1100 856 1322 895 Musurum
1343 858 1584 906 cooptatum
1603 856 1649 895 in
1669 857 1787 896 colle-

123 942 162 963 20
181 924 297 974 gium
325 922 597 973 pontificum;
627 922 801 972 proinde
830 923 970 960 locum
999 922 1129 961 istum
1147 935 1325 961 vacuum
1351 935 1439 960 esse
1462 922 1514 960 ab
1541 922 1611 961 his
1639 923 1713 973 qui
1742 936 1787 962 se

180 988 439 1027 exercuerint
465 989 510 1026 in
540 988 617 1026 hoc
648 987 812 1026 dicendi
839 1000 999 1037 genere.
1060 988 1149 1038 Ego
1169 988 1282 1026 enim
1302 989 1349 1026 vt
1375 987 1497 1026 audio
1517 987 1569 1026 ab
1599 988 1666 1026 his
1685 988 1788 1028 viris

181 1055 252 1105 qui
271 1056 447 1105 possunt
466 1053 688 1103 quicquam
708 1053 889 1091 iudicare
910 1053 960 1091 de
979 1053 1169 1103 ingeniis,
1185 1066 1309 1092 nemo
1325 1054 1388 1091 est
1408 1052 1559 1091 melius
1580 1066 1705 1103 quam
1726 1056 1786 1093 tu-

179 1120 265 1170 ipse
286 1119 359 1170 qui
377 1119 509 1169 possit
529 1119 597 1157 vel
616 1119 723 1157 hanc
744 1119 994 1169 dignitatem
1013 1118 1221 1158 sustinere
1236 1117 1303 1157 vel
1323 1119 1402 1157 hoc
1422 1132 1577 1158 munus
1596 1119 1782 1170 implere.

181 1187 337 1225 Omnes
361 1184 461 1223 boni
481 1184 749 1223 consentiunt
775 1184 854 1223 hos
883 1185 1062 1223 honores
1080 1184 1160 1223 tibi
1183 1184 1348 1223 decerni
1374 1184 1530 1224 debere.
1591 1184 1714 1224 Hanc
1735 1185 1787 1225 ob

123 1269 159 1300 25
179 1265 267 1289 rem
288 1251 386 1289 haec
401 1251 451 1289 ad
474 1252 515 1288 te
531 1250 677 1300 scripsi
693 1265 702 1298 ;
724 1250 875 1299 quibus
891 1249 1106 1300 exquirere
1119 1249 1277 1301 possim
1292 1249 1357 1288 tui
1371 1249 1504 1288 animi
1517 1251 1781 1290 sententiam.

180 1317 224 1356 Si
250 1317 308 1355 ita
333 1316 462 1355 sentis
481 1329 589 1364 vero,
614 1316 664 1354 de
689 1318 730 1354 te
757 1316 933 1364 rhetore,
957 1317 1143 1366 inquam,
1165 1315 1430 1354 conducendo
1450 1315 1518 1353 vel
1547 1315 1699 1355 Graeco
1717 1316 1785 1356 vel

179 1382 339 1429 Latino,
372 1382 596 1420 referemus
624 1382 675 1420 ad
710 1394 780 1420 ccc
814 1382 928 1421 viros
967 1382 1017 1432 (is
1047 1382 1162 1420 enim
1196 1381 1296 1420 ordo
1325 1383 1389 1420 est
1422 1380 1494 1431 qui
1527 1384 1685 1431 praeest
1717 1382 1786 1422 his

179 1447 360 1498 negociis
380 1447 599 1496 curandis).
659 1447 711 1485 In
733 1447 881 1496 primis
899 1447 978 1486 hoc
998 1446 1249 1485 beneficium
1267 1448 1309 1485 te
1323 1459 1433 1496 roge,
1449 1448 1495 1485 vt
1515 1447 1623 1486 istuc
1643 1447 1782 1497 ipsum

179 1512 284 1551 mihi
303 1512 502 1559 remittas,
517 1512 761 1562 praesertim
778 1525 874 1550 cum
894 1512 1005 1550 nihil
1023 1514 1085 1551 est
1106 1512 1216 1562 quod
1236 1511 1369 1550 nolim
1390 1514 1462 1550 tua
1475 1524 1595 1550 causa
1610 1512 1778 1561 efficere,

120 1594 159 1624 30
179 1578 287 1628 quod
306 1577 438 1628 possit
457 1590 545 1616 esse
565 1577 616 1616 ad
643 1579 759 1616 tuam
779 1577 1029 1627 dignitatem
1050 1577 1403 1627 amplificandam.
1462 1576 1522 1615 De
1543 1576 1782 1616 Prouerbiis

179 1643 287 1693 quod
317 1642 463 1681 scribis
493 1644 658 1692 gratum
688 1645 762 1691 est,
783 1645 877 1681 tum
908 1643 957 1681 de
985 1642 1079 1682 aliis
1109 1642 1196 1680 tuis
1228 1643 1526 1690 monumentis,
1551 1642 1661 1692 quod
1695 1642 1782 1681 sint

178 1711 391 1758 tantopere
419 1707 612 1757 expolita.
664 1709 741 1747 Est
771 1710 812 1746 et
845 1708 924 1747 hoc
952 1707 1324 1746 vehementissime
1361 1709 1554 1758 gratum3
1594 1720 1703 1756 nam,
1733 1710 1781 1747 vt

178 1775 376 1813 Erasmus
413 1775 476 1812 ait
510 1774 554 1812 in
602 1774 854 1823 Prouerbiis,
897 1775 1068 1823 Semper
1108 1773 1268 1812 Affriea
1304 1773 1461 1823 aliquid
1509 1773 1610 1812 noui
1648 1774 1777 1813 affert.

178 1839 334 1878 Mittito
354 1840 405 1878 ad
433 1853 508 1878 nos
530 1839 601 1878 vbi
626 1839 813 1890 primum
840 1839 1035 1878 habueris
1061 1839 1128 1877 cui
1155 1840 1265 1877 recte
1292 1838 1388 1877 dare
1417 1838 1561 1889 possis.
1620 1838 1781 1878 Curabo

118 1923 157 1955 35
177 1908 221 1942 vt
243 1905 301 1943 ita
320 1905 496 1943 edantur
514 1907 559 1944 vt
587 1918 672 1944 non
702 1906 911 1944 minorem
937 1905 1142 1943 rationem
1161 1904 1303 1943 videar
1332 1904 1524 1943 habuisse
1544 1904 1782 1944 autoritatis

178 1970 341 2007 nostrae
372 1968 556 2007 officinae
594 1981 719 2019 quam
758 1968 912 2018 gloriae
947 1981 1110 2017 semper
1140 1966 1391 2016 amplissimi
1428 1967 1605 2008 Erasmi.
1663 1967 1778 2012 Vale,

178 2033 361 2072 Erasme.
422 2034 512 2084 Ego
533 2035 673 2072 omnia
692 2047 784 2073 mea
804 2033 941 2072 studia
959 2033 1039 2071 tibi
1060 2033 1209 2071 defero.
1269 2031 1385 2071 Vale.

231 2099 394 2148 Scripta
429 2100 513 2138 iam
548 2100 722 2149 epistola
761 2100 806 2137 in
845 2100 1032 2137 mentem
1063 2098 1181 2136 venit
1219 2110 1284 2135 res
1323 2110 1448 2147 quam
1483 2098 1699 2148 cupiebam
1737 2099 1780 2136 te

176 2163 280 2202 scire
293 2165 529 2215 z—proinde
559 2179 651 2204 eam
681 2179 770 2203 rem
797 2164 1008 2215 adscripsi.
1069 2163 1190 2202 Nosti
1218 2163 1330 2201 enim
1360 2165 1474 2212 (nam
1502 2165 1595 2201 tum
1621 2163 1779 2212 aderas)

118 2248 159 2278 40
177 2231 379 2278 quantum
398 2231 598 2280 temporis
614 2231 874 2280 consumpsit
894 2231 939 2268 in
959 2228 1220 2268 emendando
1241 2228 1465 2267 Therentio
1484 2228 1631 2277 Aldus,
1654 2241 1781 2279 gener

481 2356 533 2385 23.
558 2347 758 2377 substinere
776 2349 845 2378 MS.
985 2356 1036 2384 24.
1062 2345 1184 2376 deberi
1201 2348 1270 2377 MS.
1287 2356 1294 2375 z
1316 2355 1391 2376 corr.
1410 2347 1473 2376 LB.

222 2467 270 2496 13.
298 2458 394 2498 tum]
419 2459 470 2488 of.
493 2458 551 2497 Ep.
573 2467 634 2488 211
653 2456 786 2488 introd.

220 2512 271 2531 ρο.
295 2500 524 2541 pontificum]
541 2501 606 2532 Mr.
622 2501 768 2531 Nichols
781 2500 944 2541 explains

176 2545 250 2574 this
264 2545 301 2574 of
311 2544 487 2576 Musurus'
499 2544 650 2575 elec-tion
665 2547 700 2575 to
713 2554 733 2574 a
745 2544 943 2583 bishopric3

177 2587 353 2627 referring
369 2591 405 2619 to
430 2589 491 2627 Ep.
515 2589 589 2627 582.
608 2589 639 2627 8,
658 2598 679 2627 9
699 2587 754 2617 for
771 2597 790 2617 a
806 2588 945 2618 similar

176 2640 236 2661 use
260 2632 297 2662 of
317 2632 379 2662 the
401 2631 510 2662 word.
558 2632 605 2662 Or
621 2634 820 2668 ponifficz'wm
842 2631 873 2662 is
897 2641 944 2662 an

176 2684 261 2713 easy
284 2675 503 2714 correction3
534 2675 626 2705 with
653 2685 673 2705 a
702 2674 879 2705 reference
907 2676 944 2705 to

176 2717 243 2748 Leo
266 2718 318 2748 x's
342 2718 482 2758 College
506 2719 545 2749 of
564 2718 690 2756 Greek,
718 2719 760 2749 cf.
784 2719 846 2759 Ep.
867 2728 942 2757 223.

176 2771 195 2798 4
214 2771 249 2791 n.

220 2813 271 2842 30.
300 2805 520 2845 Prouerbiis]
562 2805 732 2836 Erasmus
762 2814 876 2836 seems
906 2806 943 2835 to

177 2847 266 2877 have
294 2849 469 2888 proposed
495 2849 576 2879 that
603 2848 785 2879 Asulanus
813 2848 943 2879 should

177 2890 376 2922 undertake
392 2902 413 2922 a
426 2901 505 2922 new
518 2892 655 2922 edition
673 2893 711 2922 of
720 2892 782 2922 the
794 2894 944 2930 Adayz'a3

178 2934 316 2964 instead
340 2934 377 2964 of
389 2935 539 2973 Froben,
557 2936 647 2965 with
664 2935 784 2966 whom
801 2936 846 2965 he
870 2944 944 2965 was

178 2978 239 3006 not
268 2977 356 3007 then
389 2988 435 3008 on
459 2978 697 3017 particularly
720 2978 809 3018 good
832 2980 944 3009 terms

177 3020 238 3058 χοῖ.
262 3019 331 3050 LB.
350 3021 440 3060 App.
464 3022 549 3060 164).
597 3021 631 3052 It
656 3031 740 3061 was,
766 3023 941 3061 however,

1002 2456 1210 2495 ultimately
1233 2456 1340 2495 given
1363 2456 1400 2486 to
1424 2455 1563 2486 Froben
1586 2455 1659 2485 and
1682 2465 1776 2486 com-

1001 2500 1124 2540 pleted
1156 2500 1196 2530 in
1227 2500 1314 2530 Nov.
1346 2508 1446 2538 1517:
1488 2509 1508 2529 a
1539 2498 1621 2529 date
1652 2499 1774 2530 which

1002 2543 1132 2574 affords
1162 2543 1363 2574 additional
1393 2552 1519 2573 reason
1547 2542 1602 2572 for
1632 2542 1777 2582 placing

1002 2587 1183 2618 Erasmus'
1199 2586 1308 2617 letter
1329 2588 1366 2617 to
1391 2586 1567 2625 Egnatius
1590 2585 1690 2626 early
1714 2587 1774 2626 (cf.

1002 2631 1066 2670 Ep.
1086 2631 1160 2669 588.
1180 2641 1223 2669 29
1239 2629 1306 2669 11.).

1044 2674 1119 2704 The
1142 2674 1278 2704 Aldine
1301 2674 1431 2711 Adaqia
1455 2672 1492 2704 of
1513 2673 1608 2713 Sept.
1638 2681 1722 2712 1520
1744 2674 1776 2704 is

1001 2727 1021 2748 a
1038 2718 1177 2757 reprint
1194 2719 1232 2748 of
1244 2717 1320 2748 this
1336 2717 1475 2747 Froben
1492 2716 1640 2748 edition.

1043 2771 1095 2800 33.
1121 2760 1273 2801 Affrica]
1297 2763 1400 2798 Aday.
1419 2761 1515 2791 2610.

1046 2815 1100 2843 40.
1140 2803 1349 2844 Therentio]
1396 2804 1471 2834 The
1517 2803 1596 2834 first
1638 2802 1772 2833 Aldine

1000 2848 1152 2879 Terence
1176 2847 1207 2878 is
1230 2847 1337 2878 dated
1358 2847 1445 2878 Nov.
1466 2856 1558 2886 1517.
1606 2846 1662 2877 Fr.
1681 2846 1771 2877 Asu-

1002 2891 1106 2922 lanus
1123 2892 1162 2922 in
1184 2892 1242 2922 his
1263 2890 1405 2931 preface
1427 2892 1538 2921 states
1559 2890 1642 2921 that
1657 2890 1774 2921 Aldus

1001 2934 1183 2974 promised
1213 2944 1260 2965 an
1292 2934 1442 2965 edition.
1493 2934 1562 2964 For
1592 2931 1771 2964 Erasmus’

1001 2978 1101 3010 work
1129 2980 1165 3009 at
1194 2978 1350 3008 Terence
1380 2978 1453 3008 and
1482 2977 1634 3009 Plautus
1663 2986 1721 3008 see
1745 2985 1772 3007 1.

1002 3032 1035 3062 p.
1063 3031 1112 3061 13.
1134 3022 1190 3062 5,6
1206 3021 1278 3052 and
1293 3031 1341 3052 IV.
1362 3022 1470 3061 164,5.
