2010 3417
115 142 214 198 413]
657 148 727 188 To
763 148 916 188 JOHN
955 147 1167 188 FisHER
1623 144 1702 183 245

113 254 247 306 logica
273 257 477 307 palaest-ra
503 258 896 305 exercitatissimus;
926 260 1099 308 vterque
1119 256 1282 296 Graecis
1307 255 1438 295 literis
1466 254 1608 294 sedulo
1634 254 1704 293 dat
1725 265 1761 298 15

113 333 293 370 operam.
353 322 465 360 Huic
494 323 760 362 simillimum
792 323 952 373 repperi
981 322 1216 372 Maguntiae
1245 321 1486 371 theologum
1516 321 1558 358 et
1591 319 1704 358 Colo·

115 386 303 426 niensem
323 388 641 438 suffraganeum.

168 452 226 491 Vt
255 452 434 504 reliquos
462 453 666 502 omittam,
689 454 918 504 Episcopus
938 452 1193 499 BasiliensiS,
1215 453 1279 490 vir
1306 451 1574 501 grandaeuus,
1595 449 1705 488 vitae

113 515 401 566 integerrimae
416 520 458 555 et
471 518 657 568 impense
672 519 827 567 doctus,
846 519 944 568 quid
965 531 1050 556 non
1069 517 1339 556 humanitatis
1354 517 1398 554 in
1413 529 1481 554 me
1494 513 1674 554 contulit
1685 515 1706 552 ἱ)

112 581 212 631 quid
242 595 326 620 non
355 582 538 622 obtulit?
594 583 700 621 Cum
729 584 869 622 omnia
896 596 1136 627 recusarem,
1160 582 1291 632 coegit
1317 584 1458 620 tamen
1477 582 1524 619 vt
1552 592 1704 630 equum
1725 591 1765 613 20

112 646 350 695 acciperem,
382 660 505 697 quem
533 661 631 686 mox
658 649 805 687 vrbem
837 661 1024 698 egressus
1052 647 1350 697 quinquaginta
1378 646 1545 684 florenis
1574 646 1707 684 aureis

115 712 338 750 reuendere
376 712 616 762 potuissem.
690 713 785 751 Dux
823 713 1022 751 Bauariae
1055 711 1286 750 Hernestus
1323 711 1449 749 misso
1486 711 1611 748 huius
1647 711 1707 748 rei

114 775 245 825 gratia
262 776 472 815 Basileam
492 790 622 827 vsque
646 778 799 816 nuncio
819 778 1018 816 ducentos
1037 776 1190 816 obtulit
1215 789 1360 814 aureos
1387 788 1523 814 annue
1548 776 1707 825 praeter

112 840 438 879 sacerdotiorum
455 855 583 892 spem,
600 845 760 892 praeter
773 855 948 881 munera
966 841 1196 892 magnifica,
1213 842 1382 879 tantum
1396 842 1443 879 vt
1456 839 1706 889 Angelopoli

114 905 175 954 (ea
193 908 255 944 est
275 906 473 946 Bauariae
493 907 644 958 schola)
663 907 858 947 viuerem.
918 907 1037 945 Idem
1065 907 1162 945 fecit
1191 906 1404 956 episcopus
1423 905 1591 955 quidam
1611 904 1707 943 Ger·
1725 917 1764 950 ²5

113 983 272 1018 manus,
308 972 426 1010 cuius
459 985 687 1022 cognomen
717 972 762 1011 in
791 971 1021 1022 praesentia
1057 985 1141 1010 non
1178 971 1394 1009 succurrit.
1454 969 1533 1008 Sed
1564 969 1706 1007 desino

111 1035 295 1085 gloriari,
319 1050 413 1075 cum
433 1037 673 1077 huiusmodi
691 1038 899 1088 permulta
915 1037 1132 1076 verissime
1152 1049 1301 1086 queam
1320 1035 1481 1074 referre.
1527 1034 1620 1074 Scio
1639 1047 1707 1072 me

114 1101 224 1139 nihil
238 1101 392 1140 horum
406 1103 644 1152 promereri,
662 1105 704 1142 et
717 1103 858 1141 tamen
877 1103 1034 1152 gaudeo
1048 1104 1212 1141 nostras
1226 1100 1531 1152 qualescunque
1545 1099 1708 1149 vigilias

115 1178 200 1205 non
233 1166 448 1217 displicere
482 1168 613 1207 bonis.
671 1168 797 1207 Multi
827 1168 972 1217 legunt
1008 1167 1085 1206 hac
1115 1167 1329 1206 occasione
1362 1166 1525 1204 diuinas
1554 1165 1704 1212 literas,

113 1244 328 1282 nunquam
348 1233 450 1271 alias
467 1233 624 1282 lecturi,
648 1234 754 1284 quod
774 1233 856 1283 ipsi
873 1233 1059 1272 fatentur
1076 1247 1085 1280 ;
1115 1232 1346 1282 complures
1371 1230 1551 1281 graecari
1573 1243 1707 1280 coepe-
1725 1243 1766 1273 30

111 1299 220 1345 runt,
243 1297 329 1336 imo
347 1298 514 1348 passim.

166 1362 300 1401 Diuus
318 1362 603 1413 Hieronymus
620 1364 809 1413 proximo
828 1366 1010 1403 mercatu
1027 1362 1359 1402 Francfordiensi
1377 1363 1490 1399 totus
1509 1360 1703 1410 prodibit.

115 1426 237 1466 Nunc
255 1441 328 1478 per
345 1428 458 1467 hunc
477 1428 653 1467 Petrum
672 1429 896 1468 vnoquum
915 1430 990 1468 hac
1009 1429 1058 1468 de
1084 1441 1208 1467 causa
1232 1441 1325 1466 meo
1344 1428 1514 1476 sumptu
1534 1439 1707 1477 meoque

111 1492 294 1542 periculo
322 1493 499 1532 missum
528 1494 652 1533 mitto
680 1494 1005 1545 Archiepiscopo
1029 1493 1317 1533 Cantuariensi
1343 1493 1519 1543 quatuor
1546 1492 1707 1542 Episto-

110 1557 249 1597 larum
266 1558 481 1598 volumina
496 1573 505 1606 ;
534 1572 712 1609 quorum
732 1560 891 1610 copiam
910 1560 982 1598 ille
1000 1560 1080 1599 tibi
1094 1559 1243 1598 lubens
1262 1558 1414 1596 fecerit.
1474 1558 1542 1596 Ad
1561 1557 1706 1596 diuum
1725 1569 1763 1600 35

111 1624 400 1662 Audomarum
414 1637 544 1674 vsque
558 1637 839 1674 perueneram,
853 1626 898 1664 in
910 1625 1109 1675 Angliam
1123 1625 1370 1663 traiecturus
1386 1637 1395 1671 ;
1424 1623 1494 1661 sed
1509 1622 1707 1661 febricula

113 1688 257 1727 oborta
281 1688 378 1728 fecit
397 1702 475 1739 quo
501 1690 644 1728 minus
672 1703 738 1728 me
768 1691 1071 1729 committerem
1094 1689 1364 1739 nauigationi.
1421 1687 1527 1726 Cum
1551 1687 1701 1735 licebit,

112 1753 252 1803 aliqua
270 1754 484 1793 declarabo
504 1768 572 1792 me
591 1768 676 1793 non
696 1756 869 1794 omnino
888 1755 1177 1793 immemorem
1204 1755 1344 1792 tantae
1369 1755 1536 1802 tamque
1555 1752 1706 1790 effusae

111 1818 158 1856 in
176 1832 244 1857 me
262 1819 565 1873 beneficentiae.
626 1820 827 1869 Princeps
847 1820 1018 1859 Carolus
1040 1820 1091 1858 ad
1112 1832 1238 1868 regna
1257 1831 1407 1857 nouem
1427 1820 1468 1856 et
1486 1818 1624 1856 decem
1645 1817 1707 1866 (vt

111 1883 266 1933 ferunt)
295 1885 524 1923 accersitur.
584 1884 689 1923 Mira
717 1885 917 1933 felicitas3
958 1887 1000 1924 at
1028 1898 1170 1934 precor
1201 1886 1249 1922 vt
1279 1897 1324 1922 ea
1351 1885 1515 1921 nostrae
1543 1895 1705 1933 quoque
1722 1893 1765 1925 40

111 1950 265 1999 patriae
286 1950 340 1988 sit
359 1949 468 1995 felix,
491 1963 575 1988 non
594 1950 731 1988 solum
750 1950 947 2000 Principi.
995 1950 1100 1989 Cum
1120 1949 1285 1988 Basilea
1305 1948 1448 1987 relicta
1466 1961 1539 1998 per
1557 1948 1705 1987 Lotha-

111 2015 293 2065 ringiam
308 2015 388 2053 iter
401 2015 531 2053 facere
550 2028 748 2065 pararem,
768 2016 920 2065 passim
936 2015 1079 2054 obuios
1097 2014 1224 2053 habui
1243 2013 1410 2061 milites,
1427 2013 1517 2052 vidi
1531 2013 1705 2051 rusticos

109 2079 412 2130 supellectilem
439 2079 483 2118 in
512 2080 701 2130 proxima
723 2080 917 2130 oppidula
945 2082 1206 2130 comportare.
1255 2079 1414 2117 Rumor
1441 2079 1530 2117 erat
1557 2076 1704 2116 Lotha-

111 2146 252 2195 ringos
285 2144 441 2185 adoriri
470 2145 588 2193 velle,
625 2145 696 2183 sed
732 2146 939 2184 incertum
976 2148 1063 2183 erat
1094 2159 1118 2183 a
1151 2158 1231 2194 quo
1265 2143 1544 2182 mitterentur.
1599 2142 1704 2181 Mihi

110 2210 271 2250 subolet
290 2224 314 2249 a
333 2210 504 2249 Caesare
524 2210 716 2249 dimissos
731 2223 925 2261 quaerere
940 2211 1012 2260 qui
1031 2209 1227 2248 salarium
1246 2208 1362 2247 illius
1379 2209 1469 2247 vice
1489 2207 1703 2258 dependat.
1721 2218 1764 2251 45

111 2275 146 2313 O
178 2274 307 2313 miros
344 2275 678 2314 Christianorum
716 2276 951 2326 principum
987 2276 1127 2315 lusus!
1185 2275 1252 2314 Sic
1289 2274 1605 2322 tumultuamur,
1647 2273 1704 2311 sic

112 2340 326 2389 κυβεύομεν,
359 2342 400 2378 et
433 2342 574 2379 tamen
603 2340 829 2379 Christiani
862 2341 982 2380 nobis
1010 2340 1212 2380 videmur.
1272 2340 1430 2378 Verum
1465 2339 1565 2377 haec
1597 2338 1704 2377 mihi

110 2405 274 2454 meique
302 2405 512 2443 similibus
539 2407 703 2444 tantum
731 2406 938 2456 deplorare
967 2405 1075 2444 licet.
1134 2406 1194 2443 At
1213 2404 1376 2443 vtinam
1404 2417 1546 2442 omnes
1572 2403 1705 2453 ponti·

112 2470 219 2517 fices,
242 2482 386 2508 omnes
405 2470 645 2518 cardinales,
669 2484 813 2509 omnes
833 2473 1057 2521 magnates,
1079 2482 1223 2509 omnes
1246 2469 1431 2518 theologi
1453 2468 1497 2506 in
1515 2469 1593 2507 hoc
1613 2481 1703 2507 con-

201 2601 250 2630 16.
282 2598 489 2638 theologum
509 2603 584 2631 add.
610 2603 655 2632 H.
789 2611 843 2640 35.
867 2602 933 2632 tibi
950 2604 1022 2631 aelel.
1042 2603 1078 2632 F.
1220 2608 1273 2638 39.
1297 2600 1336 2629 vt
1352 2598 1473 2629 ferunt
1489 2601 1561 2629 add.
1578 2601 1616 2630 F.

159 2732 209 2762 16.
243 2730 506 2771 Coloniensem]
531 2730 727 2761 Theodoric
749 2731 873 2761 Wich-
982 2741 1035 2769 24.
1069 2728 1298 2769 Angelopoli]
1340 2728 1630 2768 Ingolstadium:
1661 2728 1701 2761 E.

113 2774 203 2805 wael
228 2775 373 2814 (†1519)
403 2774 441 2803 of
466 2773 599 2813 Calcat,
629 2783 716 2804 near
744 2774 872 2813 Cleve;
939 2778 975 2804 in
990 2784 1088 2812 marq.

112 2827 159 2849 an
187 2817 442 2857 Augustinian.
472 2816 553 2847 who
580 2816 652 2847 had
680 2817 768 2847 been
796 2817 872 2848 Suf-
985 2826 1038 2856 25.
1074 2816 1257 2856 episcopus
1280 2814 1444 2855 quidam]
1470 2815 1596 2846 Emser
1618 2816 1698 2857 (Ep.

112 2861 235 2901 fragan
260 2861 325 2901 Bp.
347 2861 385 2891 of
405 2859 558 2899 Cologne
584 2860 656 2890 and
679 2860 874 2891 therewith
942 2870 1006 2900 527
1024 2860 1171 2899 introd.)
1189 2869 1254 2890 can
1271 2857 1401 2898 hardly
1418 2860 1458 2889 be
1476 2859 1662 2891 intended.

110 2904 239 2936 titular
254 2904 319 2944 Bp.
336 2904 374 2935 of
388 2903 525 2942 Cyrene
541 2904 638 2934 since
655 2913 682 2934 c.
703 2913 795 2942 1504.
985 2913 1040 2942 34.
1063 2901 1358 2943 Archiepiscopo]
1386 2903 1437 2934 Cf.
1455 2903 1520 2942 Ep.
1538 2913 1615 2943 439.
1631 2912 1661 2942 5.

157 2958 208 2980 22.
244 2946 461 2987 Hernestus]
495 2946 547 2978 Cf.
580 2947 643 2987 Ep.
675 2947 749 2986 386.
785 2957 821 2986 17
839 2957 872 2978 n.
986 2956 1039 2985 39.
1065 2956 1173 2986 regna
1189 2956 1319 2977 nouem
1337 2949 1371 2977 et
1389 2945 1529 2986 decem]
1559 2947 1700 2986 Aragon

113 2991 286 3023 Ernestus
301 3003 308 3022 :
332 2991 360 3022 E
379 2993 413 3020 in
430 2999 528 3028 mary.
945 2990 1016 3020 and
1032 2990 1162 3022 Castile
1178 2999 1272 3021 seem
1288 2992 1325 3021 to
1342 2990 1383 3022 be
1399 2992 1531 3021 meant.
