2010 3417
258 140 337 180 204
719 142 969 180 LETTERS
1009 141 1079 180 OF
1116 141 1383 182 ERASMUS
1724 141 1764 195 [ι
1773 155 1795 191 5
1804 155 1818 180 1
1829 145 1851 180 6

258 249 471 288 tramitem
511 250 767 299 excesserim,
809 263 1025 300 nunquam
1063 250 1304 299 poenitebit.
1363 251 1502 289 Tuum
1539 251 1628 300 erit,
1669 252 1850 300 Erasme‚

258 314 557 364 qualiacunque
586 315 666 353 ista
695 315 861 363 fuerint,
893 315 967 354 abs
993 329 1060 354 me
1088 315 1363 354 tumultuarie
1397 315 1550 355 dictata
1579 317 1621 354 et
1653 317 1785 356 amice
1813 320 1855 355 et

259 378 412 428 optime
439 379 716 429 interpretari,
739 380 809 430 qui
834 381 968 430 pluris
993 380 1097 420 facio
1123 381 1232 419 nihil
1260 394 1385 430 quam
1415 381 1465 419 ad
1485 383 1526 420 te
1552 381 1851 431 doctissimum,

256 442 447 482 indoctus
476 457 551 493 ego
579 445 621 483 et
659 445 820 484 nullius
856 446 1060 484 momenti
1096 446 1307 495 homulus,
1338 446 1525 485 scribere.
1596 446 1665 485 Ad
1702 446 1856 485 calcem

199 521 367 555 7011unc
396 511 437 547 te
465 523 537 558 per
565 510 872 550 humanitatem
901 514 1018 550 tuam
1047 512 1285 550 adiuratum
1312 511 1449 561 venio,
1480 512 1687 561 quatenus
1711 510 1779 550 vel
1811 511 1856 550 in

258 573 404 612 infimo
443 576 610 613 tuorum
645 576 801 615 calculo
842 577 1070 616 amicorum
1108 590 1176 615 me
1214 590 1399 627 reponas
1437 591 1518 627 quo
1561 577 1607 615 in
1643 578 1857 627 posterum

259 639 477 678 audentior
508 641 643 680 factus
671 641 898 681 liberaliori
927 643 1105 693 quodam
1133 643 1274 682 animo
1308 643 1359 681 ad
1387 643 1569 682 amicum
1603 642 1772 691 amicus,
1804 642 1856 681 ad

261 705 478 744 dominum
506 708 547 745 et
570 710 878 757 praeceptorem
903 708 1142 758 discipulus,
1167 708 1344 747 scribere
1367 708 1532 758 possim.
1591 706 1696 747 Vale
1723 710 1764 747 et
1788 720 1856 746 me

258 771 594 810 commendatum
613 772 732 812 habe.

199 845 237 882 75
312 835 375 874 Ex
396 836 658 876 Palladeario
678 841 821 877 nostro
841 839 1144 891 Hyrsaugiano.

733 973 829 1013 3952.
893 972 957 1013 To
988 972 1156 1014 URBAN
1188 973 1378 1015 Remus.

305 1062 497 1108 Epistolae
514 1066 562 1100 ad
580 1065 746 1103 diuersos
763 1079 796 1112 p.
817 1070 872 1113 98.
1560 1067 1679 1103 Basle.

305 1121 396 1158 HN:
423 1122 539 1158 Lond.
558 1122 597 1159 ii.
620 1135 687 1171 19:
714 1126 788 1161 LB.
807 1126 904 1172 App.
925 1136 980 1172 51.
1431 1138 1476 1171 24
1494 1126 1683 1171 February
1704 1126 1807 1170 1516.

303 1202 393 1244 [The
416 1204 612 1236 invitation
628 1207 666 1237 to
683 1206 887 1246 Ingolstadt
905 1207 984 1249 (Ep.
1004 1209 1095 1250 386),
1113 1210 1151 1239 to
1166 1209 1287 1240 which
1302 1208 1379 1240 this
1394 1209 1424 1239 is
1446 1208 1509 1239 the
1530 1216 1681 1247 answer,
1699 1207 1797 1238 must
1814 1206 1856 1236 be

260 1246 367 1278 dated
382 1248 422 1278 in
442 1250 525 1287 1516
540 1249 587 1289 by
603 1260 729 1282 reason
747 1251 786 1282 of
797 1251 846 1282 its
862 1252 1026 1283 mention
1043 1253 1083 1283 in
1099 1252 1162 1293 Ep.
1184 1252 1277 1294 413.]

516 1348 720 1380 ERASMVS
751 1351 1084 1382 ROTERODAMVS
1110 1352 1294 1383 VRBANO
1324 1352 1461 1383 REGIO
1493 1352 1526 1382 S.
1555 1351 1598 1381 D.

314 1428 532 1468 Exn113v1‘r
560 1432 654 1469 tuas
682 1431 822 1471 literas
861 1433 972 1472 haud
1013 1434 1196 1483 vulgaris
1233 1434 1392 1473 amicus
1420 1446 1537 1472 meus
1575 1445 1621 1472 ac
1658 1433 1857 1481 patronus

261 1494 438 1533 Ioannes
467 1495 609 1544 Faber,
640 1497 836 1546 officialis,
869 1499 940 1537 sed
969 1513 1017 1538 eo
1044 1502 1230 1549 tempore
1259 1502 1305 1538 vt
1334 1513 1419 1538 non
1448 1499 1628 1548 potuerit
1657 1498 1857 1547 intempe-

261 1559 411 1599 stiuius
424 1575 435 1609 3
465 1561 616 1612 quippe
642 1562 726 1601 iam
751 1577 836 1602 non
859 1564 997 1603 solum
1022 1564 1066 1603 in
1092 1565 1182 1615 ipso
1206 1565 1340 1615 operis
1368 1566 1475 1604 calce
1502 1564 1632 1603 simul
1656 1565 1698 1601 et
1725 1562 1857 1612 capite

260 1625 547 1675 tumultuanti,
587 1627 659 1666 sed
705 1629 937 1667 multorum
979 1630 1105 1669 etiam
1148 1632 1356 1671 mensium
1403 1629 1612 1681 perpetuis
1648 1627 1857 1666 laboribus

221 1708 238 1738 5
259 1691 400 1729 enecto
419 1694 558 1731 verius
578 1706 702 1742 quam
720 1694 906 1743 fatigato.
958 1695 1116 1744 Quibus
1130 1697 1208 1735 hoc
1228 1699 1338 1735 certe
1358 1696 1495 1744 debeo,
1513 1695 1623 1746 quod
1637 1693 1857 1733 Vrbanum

258 1757 461 1806 coeperim
497 1750 754 1807 cognoscere,
789 1760 939 1808 virum,
982 1761 1024 1800 id
1059 1762 1167 1811 quod
1205 1762 1391 1801 indicant
1424 1762 1576 1809 literae,
1618 1759 1853 1807 candidum,

257 1821 518 1871 prudentem,
569 1823 805 1873 facundum,
854 1826 1075 1875 eruditum,
1124 1827 1169 1865 in
1216 1841 1380 1866 summa
1427 1827 1622 1866 omnibus
1667 1824 1857 1865 omnium

259 1886 484 1935 gratiarum
513 1902 559 1927 ac
588 1903 803 1929 musarum
832 1892 1001 1931 dotibus
1030 1893 1214 1943 vndique
1241 1894 1488 1943 praeditum.
1561 1891 1706 1931 Talem
1740 1890 1858 1929 Prin-

259 1950 394 2000 cipem
416 1965 512 1991 vere
534 1968 738 2005 magnum
758 1970 1006 2007 magnopere
1032 1958 1222 2008 gratulor
1249 1961 1414 1998 nostrae
1435 1958 1684 1998 Germaniae
1700 1970 1711 2005 3
1739 1955 1857 1995 cuius

199 2032 240 2055 10
259 2016 423 2056 vtinam
451 2022 590 2059 essent
619 2035 742 2071 quam
776 2022 948 2072 plurimi
982 2023 1153 2073 similes,
1187 2025 1258 2075 qui
1290 2025 1340 2064 ad
1372 2038 1439 2064 eas
1469 2037 1535 2062 res
1564 2037 1667 2074 quae
1696 2034 1857 2071 semper

257 2083 431 2133 egregiis
453 2084 650 2126 heroibus
677 2086 822 2137 dignae
846 2090 945 2127 sunt
972 2088 1148 2139 habitae,
1172 2089 1367 2129 adiiciant
1392 2091 1594 2129 animum.
1653 2087 1731 2127 Cui
1758 2099 1856 2126 sane

257 2148 340 2186 iam
367 2149 557 2199 pluribus
587 2152 828 2192 nominibus
856 2154 984 2193 debeo
1013 2154 1255 2205 plurimum,
1291 2155 1357 2194 vel
1396 2156 1504 2205 quod
1543 2156 1631 2192 tam
1669 2153 1857 2192 amanter

257 2216 367 2253 errat
395 2215 441 2253 in
467 2216 656 2265 Erasmo,
684 2217 751 2256 vel
780 2219 889 2268 quod
918 2221 1005 2257 tam
1036 2220 1232 2259 munifice
1259 2222 1453 2270 prouocat
1480 2222 1523 2258 et
1549 2218 1701 2257 inuitat
1728 2217 1780 2256 ad
1809 2229 1857 2255 ea

257 2293 363 2329 quae
386 2280 493 2319 mihi
521 2282 669 2320 studiis
696 2284 895 2322 omnibus
921 2286 1039 2323 erant
1066 2285 1309 2324 ambienda:
1338 2286 1374 2324 si
1403 2285 1526 2323 modo
1551 2283 1732 2322 liberum
1751 2283 1857 2321 esset

200 2356 239 2390 15
258 2346 452 2396 cuiquam
475 2360 543 2385 me
566 2348 764 2397 addicere,
788 2351 930 2399 postea
958 2364 1081 2399 quam
1112 2351 1397 2390 illustrissimo
1428 2350 1615 2400 Principi
1647 2349 1793 2388 Carolo
1816 2351 1858 2388 et

255 2424 348 2449 meo
367 2411 552 2462 Principi
564 2427 658 2452 sum
672 2414 873 2464 addictus,
890 2415 1013 2466 idque
1026 2417 1232 2467 suffragiis
1252 2417 1415 2455 consilii
1428 2416 1670 2466 principalis
1689 2417 1858 2466 excepta

259 2490 331 2515 seu
357 2480 520 2528 recepta
543 2479 682 2528 potius
709 2479 902 2519 libertate
916 2495 925 2529 ;
955 2495 1081 2531 quam
1107 2482 1142 2520 si
1162 2482 1311 2521 videbo
1338 2481 1572 2532 periclitari,
1595 2484 1744 2521 cuncta
1763 2481 1857 2520 resi-

259 2555 451 2591 gnauero.
494 2543 638 2595 Neque
658 2547 801 2584 tamen
821 2546 950 2584 defeci
969 2560 1044 2585 nec
1063 2560 1247 2597 vnquam
1267 2547 1501 2586 defecturus
1520 2560 1615 2585 sum
1634 2547 1685 2586 ab
1704 2547 1857 2585 eximio

263 2607 497 2648 Mecoenate
517 2624 609 2650 meo
628 2611 950 2662 Archiepiscopo
970 2613 1266 2652 Cantuariensi.
1326 2613 1483 2652 Verum
1503 2613 1548 2651 in
1568 2613 1746 2652 confinio
1766 2627 1857 2652 con·

201 2683 241 2705 20
261 2674 433 2713 stitutus
449 2676 611 2715 confido
630 2677 820 2715 futurum
839 2680 886 2716 vt
901 2677 1066 2728 vtrique
1084 2678 1337 2718 satisfaciam
1356 2679 1523 2728 patriae,
1542 2680 1635 2716 tum
1653 2678 1692 2717 ei
1710 2678 1755 2716 in
1776 2690 1856 2728 qua

264 2742 386 2778 natus
405 2753 508 2789 sum,
535 2743 626 2780 tum
646 2742 683 2781 ei
702 2743 747 2781 in
774 2756 897 2793 quam
921 2756 1013 2782 sum
1042 2745 1270 2794 cooptatus.
1330 2743 1502 2794 Alioqui
1526 2757 1579 2782 ne
1602 2745 1854 2782 senectutem

262 2804 428 2852 quidem
465 2819 714 2855 excusarem,
757 2809 925 2847 tametsi
959 2808 1055 2858 plus
1094 2810 1158 2848 est
1195 2809 1300 2847 senii
1334 2822 1457 2859 quam
1496 2810 1711 2856 senectae3
1757 2821 1854 2846 nam

829 2906 903 2937 392.
930 2907 963 2936 6.
986 2908 1039 2936 H:
1064 2905 1226 2936 iudicant
1242 2909 1278 2939 F.

303 2997 376 3027 392.
406 2999 453 3027 16.
481 2998 658 3040 addictus]
683 3000 734 3032 Cf.
754 3001 818 3040 Ep.
835 3011 910 3040 370.
932 3001 1016 3031 1811.
1132 3012 1184 3032 ΩΙ.
1211 3002 1244 3031 ei
1261 3002 1299 3031 in
1317 3001 1444 3042 quam]
1463 3000 1639 3041 England.
