2010 3417
87 167 186 222 337]
618 167 688 206 ΤΟ
726 166 949 206 MARTIN
988 166 1141 205 DORP
1595 166 1673 205 113

84 280 198 318 taxat
223 277 429 328 Epistolas
450 275 605 316 aedidit
632 276 962 321 commentarios,
989 288 1137 326 easque
1162 289 1237 314 suo
1264 288 1379 315 more
1403 276 1553 315 vertit:
1584 278 1675 314 tum

87 343 123 383 si
142 342 242 393 quid
263 342 529 392 discrepabat,
547 340 680 380 obiter
698 341 926 380 annotauit.
986 340 1071 380 Nos
1099 340 1340 380 Vniuersum
1360 341 1676 380 Testamentum

88 407 256 447 Nouum
275 408 324 446 ad
345 408 595 447 Graecorum
615 406 864 456 exemplaria
882 406 1097 454 vertimus,
1116 405 1266 445 additis
1281 419 1303 444 e
1317 407 1483 457 regione
1501 406 1676 453 Graecis,

89 486 169 524 quo
201 473 334 512 cuiuis
366 472 607 522 promptum
637 470 693 509 sit
723 471 916 509 conferre.
977 471 1222 510 Adiecimus
1251 471 1471 520 separatim
1492 472 1677 510 Annota-

87 537 235 582 tiones,
269 537 313 575 in
351 536 502 587 quibus
540 535 692 585 partim
730 536 1000 585 argumentis,
1043 536 1197 585 partim
1234 539 1422 576 veterum
1461 536 1678 576 autoritate
1699 540 1759 583 865

90 602 375 653 theologorum
395 602 590 640 docemus
610 614 695 639 non
717 602 873 639 temere
896 603 1109 641 mutatum
1140 602 1247 653 quod
1278 602 1604 651 emendauimus,
1627 615 1679 640 ne

90 667 156 707 vel
175 667 254 706 fide
273 668 406 705 careat
426 667 568 704 nostra
588 665 780 704 correctio
800 665 867 704 vel
887 665 1004 704 facile
1026 666 1244 717 deprauari
1268 667 1397 716 possit
1417 666 1525 717 quod
1546 680 1679 706 emen-

91 733 233 771 datum
253 733 324 770 est.
384 732 524 780 Atque
542 731 704 768 vtinam
722 732 929 780 praestare
948 732 1227 781 potuissemus
1247 732 1356 781 quod
1377 732 1517 770 sedulo
1538 745 1682 771 sumus

91 797 238 837 conati.
296 796 403 834 Nam
430 797 633 845 quantum
658 795 708 833 ad
736 794 927 834 ecclesiae
950 797 1170 846 negocium
1195 796 1358 845 attinet,
1381 796 1488 835 nihil
1515 797 1683 835 verebor

91 862 166 901 has
198 873 312 900 meas
339 859 550 910 vigiliolas
583 859 717 898 cuiuis
748 859 948 911 episcopo,
986 861 1119 900 cuiuis
1150 861 1359 910 cardinali,
1395 861 1527 900 cuiuis
1557 862 1682 899 etiam
1703 869 1765 908 870

92 927 280 965 Romano
299 926 495 964 Pontifici
515 925 658 973 dicare,
682 925 805 964 modo
823 925 921 963 talis
941 926 995 965 sit
1014 927 1178 977 qualem
1197 926 1409 965 habemus.
1469 926 1683 965 Postremo

91 1005 178 1030 non
197 991 341 1030 dubito
360 991 551 1030 futurum
571 991 674 1040 quin
694 992 741 1028 tu
762 1004 922 1041 quoque
941 991 998 1030 sis
1017 992 1154 1031 aedito
1173 991 1279 1031 libro
1299 991 1591 1042 gratulaturus,
1616 992 1685 1041 qui

92 1070 203 1096 nunc
240 1057 292 1096 ab
327 1056 511 1095 aedendo
549 1055 793 1103 dehortaris,
831 1057 954 1095 modo
992 1056 1060 1096 vel
1098 1056 1317 1107 paululum
1355 1070 1422 1095 eas
1459 1057 1687 1107 degustaris

93 1121 254 1161 litteras
273 1121 362 1160 sine
381 1121 532 1172 quibus
551 1121 665 1159 hisce
686 1121 735 1159 de
770 1122 874 1160 ebus
895 1123 1006 1160 recte
1024 1122 1199 1161 iudicari
1219 1135 1304 1161 non
1324 1122 1467 1173 possit.

146 1186 262 1235 Vide,
279 1186 340 1225 mi
354 1186 494 1236 Dorpi,
510 1188 556 1225 vt
575 1186 718 1224 eodem
734 1186 864 1225 officio
880 1187 1089 1236 geminam
1105 1188 1248 1226 inieris
1262 1188 1436 1238 gratiam
1451 1202 1460 1236 ;
1487 1187 1687 1226 nimirum
1706 1194 1745 1234 87
1751 1202 1766 1233 5

44 1263 47 1266 ⁴
94 1251 268 1291 alteram
287 1251 394 1301 apud
414 1251 626 1302 theologos
646 1253 760 1300 istos,
785 1265 959 1301 quorum
983 1252 1157 1292 nomine
1183 1252 1500 1302 diligentissime
1519 1253 1688 1292 functus

95 1316 153 1356 sis
170 1318 242 1356 tua
260 1316 466 1367 legatione
482 1331 491 1365 ;
518 1317 691 1355 alteram
706 1317 813 1366 apud
834 1330 912 1366 me,
932 1318 1000 1356 cui
1019 1320 1107 1357 tam
1123 1318 1256 1357 amica
1267 1318 1551 1357 admonitione
1566 1319 1685 1357 testa-

95 1381 244 1421 tiorem
272 1381 415 1421 feceris
443 1395 625 1420 amorem
651 1383 784 1420 tuum.
845 1383 909 1421 'ru
940 1383 1126 1422 vicissim
1156 1383 1257 1422 boni
1285 1382 1476 1422 consules
1502 1385 1688 1422 nostram

96 1460 222 1497 aeque
258 1447 433 1486 liberam
470 1447 822 1496 satisfactionem3
862 1450 915 1494 et,
950 1447 986 1486 si
1019 1448 1141 1498 sapis,
1176 1451 1318 1487 nostro
1349 1448 1522 1487 consilio
1553 1449 1691 1499 potius

95 1511 271 1561 accedes,
294 1511 365 1562 qui
383 1513 500 1550 tuam
518 1513 642 1551 vnius
660 1525 749 1551 rem
775 1526 860 1563 ag0,
884 1526 1007 1563 quam
1037 1513 1216 1552 istorum
1239 1513 1311 1564 qui
1329 1516 1451 1552 tuum
1472 1513 1690 1563 ingenium
1709 1519 1770 1552 880

96 1576 259 1616 eximiis
277 1577 398 1616 rebus
416 1579 561 1616 natum
581 1590 664 1616 non
685 1577 737 1616 ob
757 1577 869 1616 aliud
889 1578 1059 1617 student
1079 1578 1124 1617 in
1144 1591 1263 1617 suam
1286 1579 1448 1617 trahere
1468 1579 1691 1617 factionem

98 1655 222 1693 quam
242 1656 322 1693 quo
336 1643 445 1681 tanti
465 1643 580 1681 ducis
598 1642 824 1681 accessione
840 1656 935 1682 suas
951 1644 1242 1683 communiant
1262 1643 1408 1694 copias.
1458 1644 1692 1694 Sequantur

98 1707 162 1747 illi
190 1707 372 1756 meliora,
405 1708 440 1747 si
473 1708 663 1758 possint;
692 1708 759 1746 sin
797 1709 948 1758 minus,
980 1711 1028 1748 tu
1060 1711 1203 1747 tamen
1238 1709 1347 1759 quod
1385 1710 1448 1746 est
1486 1708 1691 1758 optimum

100 1786 277 1823 sequere.
339 1773 456 1822 Quod
477 1773 513 1812 si
531 1787 616 1811 non
643 1775 760 1823 potes
779 1774 875 1812 illos
893 1774 1062 1812 reddere
1086 1774 1289 1822 meliores,
1311 1773 1354 1812 id
1378 1773 1484 1823 quod
1505 1773 1633 1811 velim
1652 1774 1693 1810 te

101 1838 245 1886 adniti,
260 1837 408 1876 saltem
425 1838 532 1876 illud
552 1851 661 1885 caue,
680 1852 732 1877 ne
751 1840 792 1877 te
811 1839 986 1877 reddant
1008 1839 1265 1877 deteriorem.
1322 1839 1452 1876 Porro
1472 1839 1535 1876 fac
1550 1840 1595 1877 vt
1615 1851 1694 1888 qua
1710 1846 1771 1886 885

100 1904 182 1942 fide
209 1916 374 1942 causam
398 1903 576 1942 istorum
604 1904 712 1954 apud
738 1917 804 1943 me
831 1904 962 1953 egisti,
986 1905 1132 1943 eadem
1158 1917 1296 1942 meam
1324 1916 1418 1953 agas
1441 1902 1550 1953 apud
1577 1903 1690 1941 istos.

102 1968 290 2007 Placabis
314 1968 517 2017 homines,
551 1969 683 2019 quoad
713 1969 802 2007 fieri
830 1971 976 2019 potest,
1007 1971 1048 2007 et
1074 1968 1338 2019 persuadebis
1361 1981 1427 2006 me
1454 1967 1565 2018 quod
1591 1967 1694 2006 facio

102 2046 186 2072 non
207 2032 251 2071 in
272 2046 414 2072 eorum
433 2033 563 2072 facere
588 2033 883 2072 contumeliam
910 2034 981 2084 qui
1007 2034 1127 2072 hasce
1152 2034 1310 2072 litteras
1330 2033 1534 2081 nesciunt,
1560 2032 1631 2071 sed
1651 2032 1694 2070 in

102 2098 312 2148 publicam
331 2097 521 2137 omnium
547 2098 797 2147 vtilitatem;
828 2112 929 2149 quae
954 2098 1116 2137 nemini
1141 2112 1226 2138 non
1252 2098 1422 2149 patebit,
1445 2098 1480 2136 si
1499 2097 1602 2136 velit
1620 2097 1692 2143 vti,

103 2163 316 2201 neminem
343 2163 518 2213 vrgebit,
549 2163 586 2202 si
615 2163 736 2202 malit
766 2177 927 2203 carere:
954 2166 1046 2202 tum
1084 2177 1131 2202 eo
1166 2177 1255 2202 esse
1283 2163 1422 2201 animo
1450 2164 1509 2210 vt,
1543 2162 1578 2201 si
1605 2161 1696 2213 quis
1715 2169 1777 2210 890

104 2228 311 2267 exoriatur
339 2229 411 2278 qui
438 2229 613 2268 rectiora
642 2229 784 2267 docere
812 2229 943 2279 possit
971 2231 1043 2268 aut
1072 2228 1186 2278 velit,
1211 2242 1279 2267 me
1306 2228 1491 2278 primum
1515 2227 1601 2267 fore
1627 2227 1698 2277 qui

105 2294 244 2331 nostra
262 2293 490 2332 rescindam
509 2296 550 2332 et
570 2294 763 2344 abrogem
782 2296 822 2333 et
841 2294 956 2333 illius
977 2293 1233 2334 subscribam
1253 2293 1491 2332 sententiae.

159 2358 342 2396 Iohanni
371 2358 588 2397 Paludano
612 2360 790 2398 multam
817 2372 867 2397 ex
894 2372 962 2397 me
987 2359 1165 2398 salutem
1193 2359 1328 2407 dicito,
1353 2371 1448 2397 cum
1469 2371 1551 2407 quo
1570 2357 1632 2395 fac
1652 2358 1697 2394 vt

106 2422 213 2461 hanc
249 2423 299 2461 de
331 2423 460 2462 Moria
496 2424 613 2463 litem
650 2424 842 2474 partiaris
878 2426 1047 2474 propter
1086 2423 1403 2462 commentarios
1441 2422 1504 2460 illi
1544 2422 1699 2459 dicatos

108 2500 132 2525 a
162 2487 315 2526 Listrio
346 2491 497 2528 nostro.
558 2489 810 2528 Doctissimo
844 2489 990 2538 Neuio,
1026 2489 1328 2528 humanissimo
1360 2489 1408 2526 D.
1447 2486 1616 2525 Nicolao
1650 2486 1700 2524 de
1717 2494 1779 2535 895

109 2552 292 2600 Beueris,
309 2553 548 2602 Praeposito
568 2554 655 2592 diui
671 2554 798 2603 Petri,
817 2555 880 2593 fac
896 2567 962 2592 me
983 2554 1204 2604 diligenter
1219 2552 1492 2591 commendes.
1544 2551 1699 2589 Menar-

110 2618 212 2657 dum
243 2617 463 2665 Abbatem‚
496 2632 619 2668 quem
648 2621 736 2657 tam
768 2619 1003 2669 magnificis
1031 2631 1150 2656 ornas
1179 2617 1417 2667 praeconiis,
1451 2629 1524 2654 nec
1556 2615 1700 2654 dubito

111 2683 225 2733 quin,
250 2694 330 2731 qua
351 2694 396 2719 es
415 2682 507 2730 fide,
528 2683 767 2731 verissimis,
789 2684 858 2722 vel
883 2685 956 2721 tua
986 2695 1106 2721 causa
1129 2682 1255 2732 diligo
1284 2694 1546 2731 venerorque,
1569 2693 1700 2731 neque

112 2747 324 2797 negligam
353 2746 399 2784 in
428 2747 580 2785 litteris
609 2748 726 2795 meis,
756 2747 884 2786 simul
913 2750 1036 2797 atque
1066 2747 1261 2785 inciderit
1292 2746 1575 2794 commoditas,
1614 2745 1701 2784 eius

487 2849 561 2887 871.
587 2849 744 2879 Romano
759 2851 790 2879 A
801 2847 834 2878 α3
849 2861 855 2880 :
878 2848 1037 2879 Romano
1054 2849 1164 2880 etiam
1181 2848 1213 2878 αἳ
1229 2850 1324 2880 Lond.

116 2972 191 3010 895.
237 2969 397 3011 Nicolao]
416 2970 454 3000 of
467 2969 686 3009 Burgundy;
719 2969 780 3009 Ep.
802 2979 872 3008 144.
940 2969 1134 3010 belonging
1159 2971 1195 3000 to
1222 2969 1283 3000 the
1310 2968 1460 3008 family;
1492 2968 1536 3000 cf.
1564 2970 1626 3009 Ep.
1657 2979 1698 3009 93

117 3015 278 3046 Beveren
308 3023 380 3044 was
417 3023 484 3044 one
523 3014 560 3044 of
595 3013 658 3043 the
696 3012 874 3053 lordships
941 3013 1072 3044 introd.

185 3080 226 3099 AL
232 3079 293 3098 Lm
311 3079 338 3099 11
903 3081 919 3105 1
