2010 3417
245 168 325 206 364
705 165 956 204 LETTERS
999 166 1069 204 OF
1105 166 1370 205 ERASMUS
1714 166 1753 220 [1
1763 179 1784 215 5
1794 181 1806 205 1
1819 169 1840 205 6

248 275 481 315 Minoribus
513 274 668 324 vigiliis
701 276 987 312 constaturum
1017 276 1105 312 erat
1137 274 1257 312 nobis
1287 274 1410 324 longe
1440 274 1697 324 splendidius
1727 289 1842 326 argu-

249 342 452 380 mentum.
511 341 571 378 At
599 339 698 389 quid
723 339 849 378 facias
875 339 907 378 si
935 339 1001 378 his
1028 339 1203 378 minutis
1229 353 1323 378 sum
1348 342 1505 379 natus?
1561 340 1702 391 Neque
1730 342 1843 380 enim

248 407 310 455 (vt
338 403 446 443 mihi
478 404 648 454 quidem
683 403 865 453 videtur)
898 406 985 443 tam
1019 404 1269 454 reprehendi
1301 417 1465 443 mereor
1496 405 1568 455 qui
1599 407 1846 455 argumenta

249 470 491 508 huiusmodi
525 469 758 519 suscipiam,
790 482 916 520 quam
943 469 1103 508 laudari
1133 470 1242 520 quod
1271 470 1388 508 iuxta
1415 472 1682 520 praeceptum
1717 470 1844 511 Hora-

188 544 228 576 55
248 535 410 573 tianum
430 534 677 584 expendens,

897 599 996 650 quid
1026 599 1132 639 ferre
1162 602 1362 647 recusent,

628 664 736 713 Quid
765 664 931 703 valeant
958 665 1136 713 humeri,

248 753 479 792 abstineam
502 752 553 790 ab
573 752 640 791 his
660 766 764 802 quae
785 752 990 791 sustinere
1016 766 1100 791 non
1128 766 1290 802 queam.
1350 752 1447 790 Tibi
1466 752 1653 791 fortassis
1672 751 1846 791 debetur

248 818 379 864 venia,
402 818 473 867 qui
503 817 641 855 studio
670 818 849 868 quodam
879 817 1105 856 immodico
1129 818 1211 856 mei
1241 818 1448 857 cecutiens
1474 831 1542 856 me
1567 831 1684 868 posse
1712 816 1846 855 credis

190 892 232 922 60
249 883 357 932 quod
378 895 463 921 non
484 895 675 932 possum:
704 882 810 920 mihi
828 881 920 921 laus
943 882 1078 931 etiam,
1102 883 1174 933 qui
1199 883 1409 933 meipsum
1434 896 1526 921 meo
1546 882 1725 921 metiens
1743 881 1846 932 pede

250 961 414 987 mecum
433 947 619 986 habitem
639 950 679 986 et
699 947 838 986 norim
859 961 983 998 quam
1004 947 1059 986 sit
1079 948 1187 986 mihi
1207 950 1324 987 curta
1345 948 1540 997 supellex.

303 1014 395 1052 Iam
425 1013 660 1063 periculum
693 1014 801 1063 quod
835 1014 1020 1052 ostendis
1053 1027 1106 1052 ne
1140 1026 1294 1052 nomen
1323 1027 1466 1052 meum
1498 1015 1561 1052 tot
1594 1013 1748 1052 libellis
1781 1013 1846 1051 ob-

250 1078 431 1126 solescat,
452 1077 493 1115 id
513 1091 611 1116 vero
633 1092 685 1116 ne
705 1078 919 1117 tantulum
945 1079 1116 1128 quidem
1143 1093 1211 1118 me
1238 1080 1486 1117 commouet.
1547 1078 1750 1128 Quicquid
1769 1078 1847 1116 hoc

251 1146 313 1181 est
328 1144 459 1182 famae
473 1143 614 1181 verius
630 1156 755 1192 quam
771 1144 925 1193 gloriae
941 1144 1051 1193 quod
1068 1144 1173 1182 mihi
1188 1157 1302 1182 meae
1317 1156 1507 1194 peperere
1525 1143 1843 1190 lucubrationes,

191 1215 230 1255 65
250 1207 498 1258 aequissimo
518 1208 658 1246 animo
677 1208 907 1258 lubensque
925 1209 1154 1258 posuerim,
1170 1209 1206 1247 si
1225 1209 1357 1248 liceat.
1401 1208 1522 1248 Alios
1542 1209 1622 1247 alia
1642 1208 1848 1247 delectant

251 1273 399 1319 studia,
422 1275 464 1311 et
489 1272 582 1311 aliis
604 1273 650 1311 in
679 1273 802 1312 rebus
830 1273 903 1311 alii
931 1274 1096 1321 valent;
1128 1287 1205 1313 nec
1234 1273 1426 1312 omnium
1455 1273 1566 1311 idem
1595 1275 1658 1312 est
1686 1272 1844 1323 genius.

251 1338 358 1376 Mihi
391 1337 505 1376 cordi
537 1340 599 1376 est
633 1338 678 1376 in
712 1338 955 1377 huiusmodi
987 1338 1154 1378 friuolis
1186 1338 1497 1389 philosophari3
1537 1338 1583 1376 in
1622 1338 1774 1388 quibus
1807 1339 1850 1376 et

252 1403 393 1441 minus
411 1403 533 1441 video
553 1403 802 1453 nugacitatis
821 1405 862 1442 et
883 1403 1095 1453 aliquanto
1114 1404 1210 1454 plus
1227 1404 1390 1442 fructus
1409 1416 1534 1453 quam
1553 1404 1599 1441 in
1618 1402 1849 1453 magnificis

251 1467 348 1515 illis,
374 1470 421 1506 vt
448 1467 549 1517 ipsis
575 1468 753 1514 videtur,
776 1468 1046 1517 argumentis
1108 1469 1297 1519 Denique
1324 1468 1396 1518 qui
1420 1481 1552 1506 vnum
1572 1468 1649 1506 hoc
1675 1469 1848 1517 spectat,

194 1548 234 1582 70
252 1545 337 1570 non
354 1535 402 1572 vt
421 1545 509 1570 sese
535 1534 714 1571 ostentet
740 1534 810 1571 sed
836 1535 882 1571 vt
908 1534 1050 1583 prosit,
1073 1534 1169 1572 huic
1195 1547 1281 1572 non
1304 1533 1475 1583 perinde
1501 1530 1627 1571 refert
1652 1533 1696 1570 in
1723 1545 1849 1582 quam

253 1597 482 1647 splendidis
511 1600 700 1636 versetur
729 1600 852 1648 atque
881 1598 927 1636 in
957 1612 1082 1648 quam
1115 1599 1300 1638 vtilibus.
1361 1598 1456 1637 Non
1486 1598 1690 1647 refugiam
1723 1597 1850 1635 etiam

253 1662 326 1700 illo
346 1662 704 1712 contemptissimo
724 1663 953 1702 Catunculo
974 1663 1287 1714 contemptiora,
1311 1663 1434 1702 modo
1453 1675 1618 1701 sensero
1637 1662 1687 1701 ad
1707 1675 1848 1712 proue-

252 1728 390 1765 henda
407 1728 518 1765 bona
538 1727 675 1766 studia
696 1728 934 1768 conducere.
980 1729 1334 1781 Non-scribuntur
1353 1728 1452 1767 haec
1468 1727 1624 1766 Persiis
1643 1740 1688 1765 ac
1708 1727 1848 1775 Leliis‚

253 1793 392 1842 pueris
420 1795 461 1831 et
487 1793 684 1831 'crassulis
714 1793 968 1832 scribuntur.
1028 1794 1083 1832 Et
1111 1795 1216 1842 vide,
1250 1793 1486 1833 doctissime
1515 1793 1693 1841 Budaee,
1725 1804 1850 1842 quam

195 1873 211 1905 7
217 1874 233 1905 5
253 1871 401 1896 verum
420 1859 483 1896 est
502 1858 606 1896 illud
628 1858 765 1897 Flacci
784 1859 929 1907 nostri,

472 1946 589 1984 Treis
617 1945 724 1984 mihi
752 1946 952 1985 conuiuae
980 1960 1107 1997 prope
1137 1947 1357 1986 dissentire
1383 1946 1594 1994 videntur,

473 2011 698 2049 Poscentes
726 2012 841 2049 vario
869 2012 1055 2050 multum
1084 2013 1246 2051 diuersa
1273 2013 1423 2062 palato.

258 2098 429 2148 Copiam
462 2112 587 2148 quam
624 2112 700 2137 nos
732 2100 1040 2139 contemnimus
1074 2101 1188 2150 (nam
1226 2101 1294 2138 hic
1333 2113 1429 2140 sane
1463 2100 1657 2149 ὁμόψηφοι
1689 2098 1849 2146 sumus)

259 2165 490 2213 complures
523 2166 565 2202 οὗ
603 2168 673 2202 τῶν
705 2165 890 2215 τυχόντων
922 2165 1116 2205 laudibus
1152 2165 1325 2214 vehunt,
1361 2167 1646 2204 asseuerantes
1683 2163 1851 2202 nullum

197 2231 239 2262 80
256 2242 440 2279 vnquam
474 2243 577 2279 opus
608 2243 631 2268 a
661 2243 729 2268 me
759 2230 963 2280 scriptum
993 2231 1061 2269 vel
1094 2244 1221 2281 aeque
1251 2231 1500 2282 frugiferum
1530 2229 1596 2268 vel
1628 2229 1846 2268 dexterius.

258 2294 505 2344 Quanquam
532 2295 610 2333 hac
638 2295 683 2332 in
713 2297 827 2344 parte
855 2308 940 2334 non
970 2296 1070 2334 satis
1097 2296 1217 2335 video
1247 2296 1451 2346 quomodo
1480 2294 1560 2333 sibi
1588 2296 1750 2333 constet
1778 2296 1852 2333 tua

258 2360 475 2398 sententia.
528 2359 800 2399 Incusaueras
819 2361 926 2411 quod
948 2361 1172 2400 humiliora
1191 2361 1439 2411 susciperem
1459 2361 1705 2409 argumenta
1724 2372 1851 2409 eaque

258 2425 535 2474 praeriperem
560 2425 770 2464 inferioris
798 2427 919 2465 notae
948 2426 1243 2476 scriptoribus;
1277 2426 1345 2464 hic
1374 2426 1572 2475 suggillas
1600 2425 1709 2475 quod
1737 2437 1853 2474 argu·

259 2493 401 2529 mento
430 2492 620 2540 suscepto
646 2504 794 2539 parum
821 2492 1114 2541 responderim.
1175 2491 1307 2542 Atqui
1326 2491 1447 2541 longe
1473 2490 1686 2529 diuersum
1705 2489 1853 2540 opinor

200 2558 239 2597 85
260 2555 416 2594 crimen
442 2557 514 2604 est,
546 2556 597 2594 ob
623 2555 828 2594 iacentem
855 2570 1083 2607 parumque
1109 2556 1190 2595 sibi
1216 2558 1366 2595 notum
1393 2556 1584 2594 animum
1612 2555 1788 2605 indigna
1810 2556 1852 2593 te

260 2621 440 2670 aggredi,
459 2623 501 2659 et
519 2634 566 2660 ea
587 2621 791 2670 suscipere
815 2635 918 2672 quae
938 2624 1126 2671 suscepta
1146 2622 1349 2660 sustinere
1369 2634 1453 2659 non
1473 2621 1616 2670 possis.

315 2686 455 2724 Nolim
484 2687 584 2725 haec
613 2687 658 2724 in
687 2700 779 2725 eam
807 2687 1092 2737 interpreteris
1117 2690 1288 2737 partem,
1313 2687 1375 2725 mi
1399 2687 1575 2735 Budaee,
1600 2687 1717 2736 quasi
1742 2686 1851 2736 quic-

260 2763 385 2798 quam
421 2751 506 2790 tuis
540 2751 675 2790 literis
711 2752 923 2800 offendar3
971 2753 1042 2791 sed
1079 2753 1188 2803 quod
1225 2765 1310 2791 non
1348 2751 1558 2790 illibenter
1591 2764 1686 2790 cum
1719 2750 1851 2788 amico

679 2866 730 2896 52.
756 2857 925 2888 minutiis
939 2859 984 2890 H.
1119 2858 1172 2889 66.
1197 2859 1242 2890 F:
1268 2866 1380 2897 genus
1397 2858 1425 2887 0.

307 2951 358 2979 54.
386 2942 644 2984 Horatianum]
668 2947 710 2975 A.
727 2946 760 2975 Ρ.
779 2955 891 2985 39,4o.
1134 2955 1184 2984 73.
1212 2943 1359 2986 Persiis]
1384 2944 1436 2975 Cf.
1456 2943 1568 2975 Lucil.
1587 2953 1639 2980 ap.
1658 2942 1728 2974 Cic.
1747 2944 1782 2972 de
1799 2943 1848 2972 Or.

305 2986 357 3014 60.
383 2986 551 3025 metiens]
569 2987 620 3018 Cf.
644 2987 730 3018 Hor.
747 2990 805 3025 Ep.
828 2998 855 3019 1.
876 2998 902 3028 7.
921 2989 974 3027 98.
1090 2998 1119 3019 2.
1139 2990 1170 3019 6.
1189 2997 1240 3026 25.

306 3029 357 3058 61.
382 3027 538 3069 mecum]
564 3029 614 3060 Cf.
634 3030 728 3062 Pers.
747 3042 777 3069 4.
797 3041 850 3070 52.
1136 3041 1186 3070 75.
1213 3030 1346 3070 Flacci]
1370 3033 1430 3067 Ep.
1449 3040 1478 3060 2.
1496 3039 1525 3059 2.
1543 3031 1630 3068 61,2.
