2010 3417
165 1476 202 1497 10

213 178 293 216 598
679 172 930 214 LETTERS
967 171 1037 210 OF
1077 171 1344 211 ERASMUS
1687 170 1812 225 [1517

684 317 781 358 592.
842 315 974 356 FROM
1004 312 1131 354 JOHN
1163 313 1352 354 F1snmz.

261 409 449 444 Deventer
465 407 542 443 MS.
563 417 620 452 91,
641 407 666 442 f.
692 417 770 443 101.
1506 402 1723 439 Rochester.

261 466 334 502 LB.
351 465 448 512 App.
467 468 548 510 428.
1451 460 1505 508 (c.
1524 461 1621 497 June
1644 461 1769 508 1517).

260 536 473 579 [Evidently
496 536 648 567 written
672 535 711 566 in
734 544 902 574 response
926 536 962 566 to
986 533 1048 565 the
1072 533 1151 564 first
1175 542 1274 563 news
1297 532 1336 563 of
1355 531 1536 563 Erasmus’
1549 531 1706 571 journey
1728 532 1817 563 back

216 582 252 610 to
276 581 339 611 the
363 580 571 615 Continent,
596 578 668 610 and
692 578 873 610 therefore
897 579 934 609 to
957 587 977 608 a
1000 578 1110 608 letter
1133 577 1407 616 contemporary
1429 575 1519 606 with
1543 575 1606 616 Ep.
1630 576 1705 615 584.
1766 576 1816 606 As

216 624 297 655 that
329 625 359 655 is
389 623 575 655 answered
607 623 654 663 by
682 622 745 662 Ep.
774 623 851 663 601,
883 621 1005 652 which
1036 631 1110 652 was
1141 619 1393 660 accompanied
1423 619 1498 650 also
1526 619 1574 660 by
1599 619 1662 651 the
1692 619 1817 651 letters

216 667 308 698 from
336 667 399 698 the
421 667 623 699 Venetians
650 666 759 697 asked
781 665 835 697 for
863 666 903 696 in
927 665 989 705 Ep.
1014 666 1090 704 584,
1117 664 1193 695 this
1219 664 1328 694 letter
1355 672 1440 703 may
1462 663 1506 694 be
1533 662 1643 694 taken
1670 673 1709 694 as
1735 663 1817 694 that

217 710 430 743 mentioned
446 711 485 742 in
503 711 568 751 Ep.
585 711 647 741 601
666 720 674 749 ;
698 709 769 740 and
787 719 871 749 may
886 708 1067 740 therefore
1084 708 1127 739 be
1143 707 1252 739 dated
1268 707 1308 738 in
1323 707 1419 738 June
1436 716 1475 738 or
1489 706 1604 748 July.]

433 799 491 830 10.
521 799 764 829 EPISCOPVS
795 797 1042 828 ROFFENSIS
1073 796 1252 826 DOMINO
1284 794 1468 826 ERASMO
1500 796 1534 826 S.
1557 796 1595 827 P.

271 871 480 919 QVANTVM
501 872 587 908 erat
609 867 835 907 molestum
863 867 1005 906 audire
1034 869 1130 906 tuae
1158 865 1440 916 nauigationis
1469 865 1706 914 discrimen,
1729 867 1819 904 tan-

216 938 308 973 tum
328 949 424 974 sane
444 935 572 974 laetor
591 934 701 984 quod
721 933 862 972 saluus
876 932 1178 982 incolumisque
1199 943 1401 970 euaseraS.
1462 930 1630 969 Iustum
1651 931 1821 981 quidem

217 1003 303 1039 erat
331 1002 378 1039 vt
407 998 590 1051 pena<m>
613 999 864 1049 dependeres
891 1000 1031 1038 tantae
1058 996 1360 1048 properationis
1383 997 1476 1034 tuae
1504 996 1578 1034 abs
1601 1009 1680 1044 me,
1711 995 1821 1046 apud

219 1079 343 1116 quem
373 1068 490 1104 tutus
516 1066 567 1104 ab
588 1064 704 1103 omni
731 1064 954 1103 iactatione
979 1063 1115 1113 pelagi
1135 1062 1341 1113 quiescere
1362 1061 1548 1111 potuisti.
1607 1061 1733 1100 Liber
1750 1060 1823 1099 ille

219 1131 489 1171 Cabalisticus
507 1144 587 1181 quo
603 1143 671 1168 me
691 1129 838 1168 scribis
857 1142 880 1168 a
895 1128 1125 1168 Reuchlino
1141 1128 1359 1175 donatum,
1375 1127 1565 1165 nondum
1585 1126 1636 1165 ad
1651 1140 1718 1165 me
1737 1139 1823 1176 per-

220 1197 346 1235 uenit.
406 1196 549 1234 Morus
569 1198 666 1234 tuus
686 1194 903 1245 epistolam
923 1195 973 1233 ad
991 1208 1058 1232 me
1078 1193 1206 1241 misit,
1229 1195 1271 1232 at
1287 1193 1444 1231 librum
1460 1192 1593 1231 adhuc
1614 1205 1687 1231 suo
1707 1205 1823 1230 more

219 1262 397 1301 detinet:
439 1262 549 1312 quod
589 1260 758 1311 quidem
797 1262 839 1299 et
872 1259 967 1298 fecit
1002 1259 1248 1298 iamdudum
1294 1271 1389 1297 cum
1429 1258 1594 1297 Oculari
1634 1257 1819 1307 Speculo.

221 1327 462 1366 Plurimum
478 1326 555 1365 tibi
576 1326 799 1366 deuincior.
826 1325 1009 1373 Erasme,
1032 1337 1164 1375 quum
1186 1324 1238 1362 ob
1259 1324 1340 1363 alia
1369 1325 1464 1362 tuae
1485 1323 1530 1362 in
1550 1337 1617 1362 me
1633 1322 1821 1362 humani·

220 1394 321 1431 tatis
347 1392 496 1439 studia,
520 1394 611 1430 tum
641 1391 750 1441 quod
780 1393 994 1440 tantopere
1022 1389 1223 1429 anniteris
1252 1391 1299 1428 vt
1329 1389 1590 1427 Reuchlinus
1618 1391 1706 1427 tam
1732 1388 1822 1427 dili-

221 1459 366 1507 genter
384 1456 623 1495 meminerit
642 1456 735 1495 mei.
796 1456 905 1493 Eum
931 1455 1072 1494 animo
1093 1457 1179 1494 toto
1200 1454 1477 1503 complect0r3
1519 1454 1585 1492 cui
1605 1456 1646 1492 et
1665 1454 1822 1492 interea

222 1524 350 1561 donec
371 1523 550 1572 perlecto
570 1522 678 1560 libro
698 1521 748 1560 ad
768 1535 865 1560 eum
886 1521 1075 1569 scribam,
1097 1520 1308 1570 significes
1328 1532 1472 1569 precor
1501 1532 1569 1557 me
1584 1516 1739 1568 ‘gratias
1759 1517 1822 1556 illi

224 1590 397 1638 quantas
416 1587 556 1626 animo
571 1587 750 1636 cogitare
769 1600 951 1636 possum,
973 1586 1123 1625 habere
1143 1585 1363 1624 maximas.

278 1653 331 1691 In
360 1653 627 1691 Testamento
663 1652 781 1690 Nouo
813 1665 885 1701 per
915 1654 956 1690 te
990 1651 1040 1690 ad
1075 1663 1343 1690 communem
1375 1650 1565 1688 omnium
1596 1649 1823 1688 vtilitatem

228 1718 414 1757 iraducto
435 1730 558 1755 nemo
583 1718 656 1767 qui
676 1717 782 1765 sapit
803 1717 956 1755 offendi
974 1719 1122 1767 potest,
1148 1715 1315 1766 quando
1344 1727 1429 1753 non
1450 1715 1587 1753 solum
1606 1715 1827 1752 innumera

189 1805 204 1834 5
227 1785 270 1821 in
291 1796 337 1822 eo
358 1782 444 1822 loca
464 1785 536 1821 tua
556 1782 786 1821 eruditione
807 1782 1039 1832 plurimum
1062 1781 1295 1830 illustrasti,
1319 1794 1467 1819 verum
1487 1781 1612 1819 etiam
1633 1780 1826 1819 Vniuerso

227 1848 336 1898 operi
356 1848 671 1898 integerrimam
685 1847 917 1887 adhibuisti
932 1847 1342 1893 commentationem,
1358 1849 1405 1885 vt
1425 1859 1536 1884 nunc
1552 1844 1687 1883 multo
1701 1857 1827 1895 quam

225 1916 320 1952 ante
339 1914 497 1963 gratius
513 1914 729 1963 multoque
749 1913 974 1952 iucundius
993 1913 1044 1952 ab
1065 1926 1311 1963 vnoquoque
1327 1914 1367 1950 et
1387 1912 1470 1962 legi
1489 1913 1529 1950 et
1546 1910 1726 1960 intelligi
1743 1912 1830 1960 pot-

228 1980 300 2017 est.
361 1980 418 2017 At
452 1992 595 2017 vereor
623 1992 722 2017 sane
751 1992 804 2016 ne
837 1979 1018 2017 crebrius
1049 1978 1287 2017 dormitarit
1320 1977 1555 2027 impressor.
1604 1976 1712 2014 Nam
1741 1975 1829 2026 ipse

228 2057 293 2082 me
314 2044 544 2082 exercitans
556 2044 600 2082 in
613 2044 790 2083 lectione
804 2043 927 2083 Pauli
942 2044 1060 2082 iuxta
1072 2043 1377 2094 praeceptiones
1393 2044 1497 2089 tuas,
1517 2040 1676 2092 repperi
1694 2053 1828 2091 saepe-

172 2130 184 2148 .·
230 2122 401 2148 numero
431 2109 633 2148 dictiones
654 2110 830 2148 Graecas
855 2109 978 2148 illum
998 2109 1187 2148 omisisse
1207 2122 1254 2147 ac
1278 2120 1581 2158 nonnunquam
1601 2105 1829 2145 sententias

230 2174 422 2224 integras.
482 2175 579 2213 Tibi
607 2177 649 2214 et
677 2175 788 2214 istud
819 2175 957 2224 debeo,
989 2175 1177 2221 Erasme,
1197 2174 1307 2224 quod
1338 2173 1542 2212 coniicere
1560 2171 1829 2222 aliquousque

230 2253 410 2289 possum,
435 2240 507 2279 vbi
531 2254 617 2279 non
646 2241 818 2279 omnino
850 2240 1013 2279 Latinis
1043 2241 1194 2278 Graeca
1218 2240 1507 2289 respondeant.
1563 2237 1734 2276 Vtinam
1761 2236 1831 2276 ali-

230 2308 329 2356 quot
358 2319 522 2344 menses
550 2305 737 2345 licuisset
765 2305 959 2345 habuisse
990 2308 1031 2344 te
1059 2307 1376 2355 praeceptorem.

286 2370 403 2409 Felix
424 2371 516 2410 vale
537 2385 585 2409 ex
607 2372 733 2410 Roffa.

1040 2436 1279 2486 Discipulus
1298 2437 1396 2475 tuus
1415 2434 1475 2473 Io.
1500 2433 1721 2473 Roffensis.
1738 2440 1742 2443 “

282 2542 329 2572 16.
365 2543 706 2574 commentationem
730 2545 860 2579 sco-ipsi:
891 2543 1297 2585 commenssurationem
1322 2544 1391 2574 MS.
1526 2551 1577 2572 21.
1612 2541 1707 2581 quod
1723 2543 1831 2578 scripsi

241 2594 280 2625 ke
297 2586 332 2625 >³
355 2595 379 2625 q
394 2588 431 2615 M
432 2589 463 2617 S·

280 2713 310 2740 4.
346 2704 466 2744 Liber]
499 2704 647 2744 printed
679 2705 725 2744 by
758 2703 934 2735 Anshelm
970 2706 1003 2734 at
1111 2713 1141 2743 5.
1167 2702 1358 2743 donatum]
1376 2703 1427 2734 Cf.
1448 2703 1509 2743 Ep.
1530 2704 1605 2742 562.
1622 2712 1664 2732 20
1680 2711 1751 2741 seq.

241 2746 425 2787 Hagenau,
447 2747 568 2779 March
593 2757 683 2787 ¹517-
1112 2758 1140 2786 7.
1168 2747 1322 2788 detinet]
1349 2747 1420 2777 But
1437 2746 1478 2777 cf.
1498 2746 1560 2787 Ep.
1580 2755 1653 2786 593.
1671 2746 1736 2785 8,9.
