2010 3417
587 131 658 170 ΤΟ
696 130 954 169 ANDREW
991 130 1298 170 AMMONIUS
1658 130 1739 167 355

146 127 246 182 475]

149 240 159 258 ⁴
172 240 360 278 nondum
381 240 498 279 nouit
519 243 700 291 quantus
720 241 774 280 sit
787 241 807 279 ⁹.
858 241 1040 279 Rursum
1060 240 1110 278 ad
1130 253 1209 289 me,
1233 240 1453 290 ‘Princeps
1466 241 1475 256 ’
1496 239 1632 290 inquit
1655 240 1737 278 ‘co-

145 306 269 343 natur
297 307 339 343 te
367 304 608 356 episcopum
637 306 778 354 facere,
802 308 843 344 et
868 306 952 345 iam
977 305 1208 344 contulerat
1235 306 1452 356 episcopen
1476 305 1585 344 haud
1606 318 1740 355 asper-

145 370 338 410 nandam.
410 371 469 410 Ea
506 374 567 411 est
604 372 648 410 in
686 371 848 411 Sicilia:
888 384 1032 410 verum
1084 374 1176 421 post
1213 372 1425 422 cognitum
1464 373 1526 410 est
1562 371 1679 409 illam
1717 383 1739 409 e
1757 380 1774 412 5

144 437 455 484 reseruatarum‚
478 438 528 475 vt
545 440 706 485 vocant,
728 437 910 487 catalogo
929 450 1013 476 non
1034 450 1134 475 esse.
1198 436 1381 475 Proinde
1408 436 1575 486 scripsit
1598 450 1672 486 pro
1698 437 1740 475 te

143 511 308 540 summo
322 501 530 550 Pontifici,
549 505 596 542 vt
615 503 797 552 patiatur
816 505 857 541 te
876 502 1002 551 potiri
1015 503 1038 540 '.
1087 501 1168 540 His
1186 501 1338 540 auditis
1359 515 1442 540 non
1462 502 1580 551 potui
1599 503 1740 540 tenere

143 565 278 604 risum
296 582 304 605 :
335 568 377 605 et
395 569 535 606 tamen
554 569 689 617 placet
707 567 872 607 animus
893 567 1099 617 Principis
1117 580 1214 617 erga
1232 581 1310 614 me,
1332 567 1400 606 vel
1418 566 1559 616 potius
1577 566 1740 605 Cancel-

142 628 237 669 larii
258 631 328 681 qui
355 644 397 670 re
422 632 512 682 ipsa
532 633 730 683 Princeps
755 634 827 671 est.
886 632 1059 670 Vtinam
1090 632 1327 670 oeconomia
1355 631 1480 670 huius
1505 632 1739 670 comoediae

142 695 317 734 feliciter
329 697 443 736 cedat
459 713 468 745 ;
497 712 595 736 nam
608 699 751 736 eodem
764 698 894 736 ferme
907 700 1095 746 tempore
1108 698 1149 735 et
1165 709 1241 734 nos
1260 696 1502 745 scripsimus
1522 709 1571 734 ex
1587 697 1740 746 Anglia
1760 706 1798 728 10

142 763 183 799 et
202 761 248 798 hi
268 775 290 799 e
308 762 543 802 Brabantia.
602 763 707 802 Sitio
725 763 867 801 audire
888 775 968 812 quo
987 764 1105 811 pacto
1125 762 1316 800 succedat
1336 762 1566 811 negocium.

197 825 519 876 Hybernaturus
549 842 642 867 sum
672 828 903 867 Bruxellae.
961 827 1164 877 Quicquid
1193 826 1409 865 Tunstallo
1438 827 1611 874 miseris,
1632 826 1739 864 mihi

143 891 335 941 protinus
353 893 572 942 reddetur;
611 894 718 944 quod
738 893 844 931 mihi
864 906 959 932 cum
988 892 1161 930 homine
1180 894 1375 941 perpetua
1395 891 1450 930 sit
1470 891 1736 930 consuetudo.

141 955 326 996 Animus
355 960 415 997 est
444 971 467 996 a
495 959 680 998 Louanio
707 959 894 997 alienior.
953 957 1046 996 Illic
1073 957 1180 996 mihi
1198 970 1291 995 meo
1316 958 1486 1006 sumptu
1510 956 1740 994 obseruien-

141 1023 244 1061 dum
263 1023 371 1062 foret
390 1024 657 1063 scholasticis.
709 1023 996 1074 Obgannirent
1029 1023 1190 1062 assidue
1220 1023 1401 1070 iuuenes,
1437 1021 1630 1071 ‘Castiga
1662 1021 1739 1059 hoc
1760 1035 1796 1068 15

141 1101 319 1135 carmen,
357 1090 530 1127 emenda
566 1090 673 1128 hanc
703 1089 921 1139 epistolam
938 1089 947 1104 ⁹
962 1103 972 1136 3
1020 1088 1126 1127 alius
1159 1088 1269 1126 hunc
1302 1089 1489 1126 autorem
1522 1087 1737 1137 flagitaret,

142 1153 249 1192 alius
280 1153 434 1192 alium:
478 1168 609 1204 neque
634 1154 855 1204 quisquam
881 1155 943 1192 est
970 1153 1058 1192 illic
1085 1153 1157 1202 qui
1184 1152 1290 1191 mihi
1313 1153 1380 1191 vel
1409 1154 1651 1190 ornamento
1671 1151 1740 1191 vel

142 1219 328 1258 subsidio
360 1219 492 1269 possit
524 1233 621 1258 esse.
681 1220 814 1269 Super
842 1219 942 1257 haec
971 1219 1112 1257 omnia
1136 1218 1390 1256 audiendum
1419 1219 1525 1256 esset
1551 1231 1740 1256 nonnun-

141 1297 268 1334 quam
281 1284 379 1334 quid
392 1284 647 1334 obganniant
664 1284 857 1334 theologi,
876 1297 1006 1334 genus
1021 1284 1211 1322 omnium
1231 1283 1600 1321 insuauissimum:
1630 1283 1739 1321 inter

141 1362 246 1399 quos
265 1350 452 1400 egregius
470 1350 540 1388 ille
560 1350 609 1388 N.
634 1349 741 1388 mihi
755 1349 1055 1400 propemodum
1073 1347 1326 1398 tragoediam
1348 1348 1544 1386 excitauit
1561 1362 1570 1395 ;
1598 1348 1642 1386 in
1659 1360 1738 1397 quo
1758 1360 1798 1383 20

140 1414 264 1464 plane
277 1413 339 1453 ἀπ’
353 1416 452 1453 ὤτων
463 1416 528 1453 τὸν
542 1416 656 1454 λύκον
670 1416 753 1466 ἔχω,
771 1416 853 1453 οὔτε
870 1416 1013 1464 κρατεῖν
1028 1414 1224 1464 δυνάμενος
1237 1415 1319 1451 οὔτε
1334 1415 1492 1461 ἀφεῖναι.
1516 1412 1741 1451 Blanditur

142 1493 290 1528 coram,
312 1481 476 1519 mordet
494 1480 654 1519 absens.
715 1480 866 1519 Scribit
886 1479 1078 1530 epistolas
1097 1479 1240 1529 plenas
1265 1478 1413 1527 mellis,
1437 1478 1506 1516 sed
1527 1491 1629 1528 quae
1654 1490 1737 1515 non

139 1558 288 1595 parum
302 1545 413 1584 fellis
431 1546 612 1585 habeant
630 1546 863 1584 admixtum
883 1560 892 1594 3
921 1545 1140 1594 pollicetur
1153 1544 1345 1593 amicum,
1364 1545 1543 1594 praestat
1561 1543 1735 1581 hostem.

142 1611 322 1650 Omnem
355 1611 472 1650 moui
500 1611 681 1661 lapidem
705 1613 752 1650 vt
771 1611 957 1650 hominis
985 1610 1152 1660 ingenio
1172 1609 1383 1657 mederer3
1413 1622 1512 1647 nam
1532 1607 1665 1646 indoli
1684 1607 1738 1645 fa-

142 1676 303 1722 uebam,
326 1677 518 1716 amabam
547 1676 706 1725 stilum,
741 1678 789 1715 vt
816 1676 885 1715 hic
909 1688 1070 1724 sumuS,
1092 1675 1337 1724 elegantem.
1382 1674 1432 1712 Id
1461 1673 1625 1722 quando
1652 1685 1737 1709 non
1758 1687 1795 1717 25

140 1741 262 1780 video
281 1742 508 1791 procedere,
531 1743 693 1780 certum
713 1743 775 1780 est
794 1741 1008 1780 hominem
1029 1740 1234 1790 negligere
1253 1740 1466 1788 sinereque
1496 1738 1586 1785 sibi,
1609 1738 1738 1775 donec

142 1806 245 1846 haec
279 1806 486 1845 deferbeat
517 1807 702 1845 ebrietas.
763 1806 936 1845 Vtinam
968 1818 1145 1856 magnus
1175 1804 1246 1842 ille
1272 1804 1465 1854 Iuppiter
1495 1802 1737 1841 vniuersum

142 1872 218 1911 hoc
243 1872 464 1910 hominum
493 1885 623 1921 genus
647 1871 824 1910 fulmine
848 1871 986 1921 adigat
1015 1871 1061 1908 in
1089 1870 1285 1917 Tartara;
1316 1869 1385 1918 qui
1413 1882 1507 1907 cum
1538 1867 1645 1905 nihil
1671 1867 1738 1905 ad-

141 1937 277 1976 ferant
310 1951 390 1987 quo
419 1937 487 1976 vel
516 1937 708 1976 meliores
737 1937 957 1975 reddamur
989 1936 1053 1974 vel
1083 1934 1337 1983 eruditiores,
1372 1936 1512 1972 tamen
1543 1931 1740 1971 omnibus

143 2002 351 2041 facessunt
379 2002 609 2052 negocium.
1755 2002 1796 2032 30

188 2123 236 2153 19.
261 2113 416 2153 theologi
431 2115 460 2143 E
475 2124 482 2143 ε
505 2112 796 2153 pseudotheologi
811 2115 850 2143 F.
940 2122 993 2143 20.
1021 2111 1181 2151 egregius
1196 2110 1259 2141 ille
1275 2111 1317 2141 N.
1336 2113 1365 2140 Ε
1381 2121 1387 2140 :
1410 2111 1447 2140 et
1461 2119 1578 2149 nuper
1593 2111 1737 2140 exortus

139 2158 197 2188 est
212 2156 359 2196 quidam
374 2158 436 2196 qui
452 2159 488 2187 F.
640 2166 691 2187 22.
717 2156 848 2187 Scribit
865 2179 874 2188 .
892 2179 900 2187 .
918 2179 926 2186 .
946 2165 999 2194 23.
1015 2154 1221 2186 admixtum
1237 2164 1294 2184 om.
1312 2156 1348 2185 F.
1504 2163 1557 2192 24.
1582 2154 1736 2184 Omnem

177 2224 185 2231 .
213 2224 221 2232 .
248 2211 299 2239 27.
331 2200 488 2231 ebrietas
509 2210 568 2231 om.
592 2202 629 2231 F.
804 2200 857 2230 28.
890 2198 1044 2230 fulmine
1068 2198 1188 2238 adigat
1214 2197 1254 2228 in
1277 2197 1425 2228 Tartara
1447 2199 1497 2227 E:
1527 2196 1673 2227 recudat
1696 2205 1735 2226 ac

140 2221 294 2284 refingat
308 2246 347 2277 F.

1018 2334 1166 2374 Though
1183 2334 1230 2364 he
1246 2334 1367 2365 affects
1383 2337 1419 2364 to
1431 2334 1550 2374 laugh,
1565 2334 1735 2364 Erasmus

186 2348 217 2376 4.
250 2335 454 2378 episcopen]
479 2335 599 2367 Gams’
615 2335 696 2367 lists
718 2336 773 2366 for
796 2335 908 2375 Sicily

976 2378 1076 2418 quite
1107 2378 1280 2417 probably
1302 2378 1423 2409 would
1449 2378 1539 2408 have
1566 2378 1734 2416 accepted

142 2381 242 2412 show
257 2390 355 2410 more
371 2381 462 2411 than
481 2389 547 2411 one
569 2379 725 2419 possible
746 2388 904 2417 vacancy

143 2426 184 2455 at
204 2423 279 2454 this
301 2423 410 2462 time3
439 2424 504 2454 but
520 2423 583 2454 the
605 2423 690 2462 only
707 2433 764 2454 see
784 2422 906 2453 which

144 2469 176 2498 is
213 2466 402 2505 definitely
431 2466 547 2497 stated
585 2469 622 2497 to
660 2466 753 2496 have
790 2465 905 2496 fallen

143 2511 272 2541 vacant
293 2510 324 2539 is
346 2510 530 2548 Syracuse,
545 2510 665 2540 where
688 2519 754 2540 one
777 2509 905 2549 bishop

142 2553 228 2585 died
250 2563 296 2584 on
312 2563 355 2582 22
368 2553 457 2591 Aug.
479 2553 562 2591 1516
575 2553 647 2583 and
669 2553 818 2584 another
832 2562 906 2582 was

145 2595 357 2628 nominated
373 2605 418 2626 on
435 2605 477 2625 22
495 2597 588 2635 Sept.
638 2596 675 2626 If
692 2596 768 2626 this
790 2597 820 2626 is
841 2595 904 2625 the

142 2650 202 2671 see
223 2640 278 2670 for
297 2639 420 2669 which
438 2638 608 2669 Erasmus
623 2648 697 2669 was
717 2638 900 2679 proposed,

144 2684 207 2714 the
223 2692 304 2714 new
320 2682 447 2721 bishop
462 2684 559 2713 must
574 2681 666 2712 have
683 2682 772 2712 been
789 2681 906 2711 nomi-

145 2726 254 2757 nated
269 2725 389 2756 before
410 2726 472 2755 the
494 2725 618 2755 letters
632 2725 725 2755 from
742 2725 905 2755 Brussels

145 2769 296 2801 reached
327 2769 461 2806 Rome;
494 2768 560 2799 but
587 2768 650 2798 the
679 2769 906 2808 promptness

143 2814 234 2844 with
259 2812 379 2843 which
407 2811 578 2843 Erasmus
602 2820 674 2841 was
698 2809 906 2850 designated

144 2857 302 2896 suggests
312 2855 403 2894 that,
418 2854 747 2894 notwithstanding
756 2854 819 2884 the
830 2863 905 2884 sur-

143 2901 238 2940 prise
259 2898 406 2930 evinced
427 2898 512 2929 here
531 2897 601 2928 and
623 2898 663 2927 in
686 2898 751 2937 Ep.
768 2898 840 2935 476,
859 2897 906 2927 he

143 2953 226 2982 may
252 2943 342 2973 have
371 2941 534 2972 received
560 2950 581 2971 a
606 2942 760 2981 promise
784 2940 823 2971 of
842 2940 905 2971 the

145 2989 230 3018 next
247 2985 398 3018 suitable
413 2994 570 3024 vacancy
588 2984 646 3024 (cf.
664 2984 725 3023 Ep.
743 2994 817 3023 443.
838 2984 905 3024 19).

976 2423 1039 2452 the
1062 2422 1245 2461 bishopric
1270 2421 1328 2461 (cf.
1354 2421 1418 2461 Ep.
1443 2423 1518 2459 460.
1546 2421 1613 2460 10),
1638 2420 1669 2450 if
1688 2420 1734 2451 he

975 2465 1079 2496 could
1109 2464 1200 2495 have
1236 2465 1322 2495 held
1353 2466 1392 2499 it,
1425 2464 1498 2494 like
1535 2464 1732 2502 Barbirius,

974 2508 1128 2538 without
1146 2508 1316 2547 residing.
1364 2508 1438 2538 But
1461 2507 1614 2545 nothing
1635 2515 1733 2537 more

976 2551 1007 2581 is
1029 2551 1143 2582 heard
1165 2550 1204 2581 of
1223 2551 1310 2581 such
1334 2551 1554 2589 preferment
1578 2550 1632 2580 for
1655 2550 1733 2580 him

975 2594 1067 2625 after
1089 2594 1152 2624 the
1175 2593 1303 2624 failure
1326 2594 1366 2624 of
1384 2594 1460 2624 this
1482 2593 1669 2632 proposa13
1697 2602 1734 2623 so

974 2638 1056 2668 that
1083 2637 1129 2666 he
1156 2637 1309 2676 perhaps
1335 2636 1446 2667 found
1473 2637 1502 2666 it
1525 2635 1645 2666 would
1668 2638 1733 2667 not

974 2681 1017 2711 be
1042 2679 1259 2719 practicable
1282 2681 1318 2710 to
1340 2681 1435 2710 treat
1457 2690 1477 2710 a
1499 2679 1654 2719 bishop‘s
1677 2689 1734 2710 see

974 2733 1013 2754 as
1049 2723 1095 2753 he
1133 2722 1206 2753 had
1242 2723 1382 2754 treated
1418 2723 1620 2762 Aldington
1661 2723 1734 2754 and

975 2767 1162 2805 Courtray.

1017 2810 1049 2840 6.
1074 2808 1354 2850 reseruatarum]
1386 2809 1442 2839 for
1471 2809 1626 2849 Spanish
1656 2819 1734 2849 pro-

976 2861 1104 2884 Vlslon.

1024 2906 1072 2926 10.
1099 2905 1164 2926 nos
1192 2895 1416 2937 scripsimus]
1442 2896 1530 2935 Epp.
1558 2897 1633 2936 446,
1657 2906 1733 2936 447,

974 2942 1038 2970 etc.

1018 2993 1069 3015 20.
1097 2982 1159 3024 N.]
1185 2982 1301 3023 Dorp3
1325 2983 1368 3014 cf.
1388 2983 1451 3023 Ep.
1471 2992 1541 3022 474.
1563 2992 1600 3022 17
1619 2992 1655 3015 11.

881 3049 994 3077 Aa2
