2010 3417
67 170 167 225 375]
385 172 539 213 FROM
577 171 916 212 WILLIBALD
950 170 1362 210 PIRCKHEIMER
1597 169 1674 210 175

71 281 312 322 restitueret
337 282 533 330 candori;
567 282 675 332 quod
705 295 791 321 non
817 281 971 331 absque
999 280 1204 331 singulari
1232 280 1374 319 diuina
1402 278 1676 330 dispositione

70 347 267 386 accidisse
293 361 395 387 reor.
455 347 574 386 Felix
599 349 656 395 tu,
687 347 759 397 qui
788 346 996 385 laboribus
1020 346 1115 385 istis
1143 345 1241 393 Deo,
1268 345 1425 385 sanctis
1450 358 1496 384 ac
1519 344 1677 384 mundo

70 413 280 463 acceptior
306 413 398 452 eris.
458 412 544 451 Nos
563 412 662 461 fora,
685 412 788 451 iuris
812 411 1047 461 strepitum,
1074 411 1312 461 prmcipum
1333 411 1445 450 rixas
1470 411 1589 460 sequi
1615 423 1676 449 co-

72 479 224 529 gimur,
247 479 321 518 vbi
339 479 481 518 forsan
501 491 576 516 1100
596 478 684 517 Deo
703 478 862 528 placere
882 490 1105 527 possumus
1121 493 1130 525 3
1160 490 1286 527 quam
1305 477 1489 527 maligne
1509 489 1607 515 vero
1635 489 1677 515 se

73 544 198 582 rebus
227 544 404 594 publicis
434 543 771 582 immiscentibus
803 543 971 581 fortuna
1000 542 1257 592 respondeat,
1290 542 1412 591 plane
1445 542 1678 593 priscorum

73 609 300 648 ostendunt
323 609 520 659 exempla.
579 608 713 658 Perge
737 608 867 658 igitur
885 609 932 646 vt
958 607 1139 657 coepisti,
1169 607 1229 645 mi
1255 607 1437 656 Erasme,
1467 610 1509 646 et
1533 607 1679 646 lumen

74 674 154 714 tibi
172 688 196 714 a
214 687 380 714 summo
399 674 544 724 opifice
564 686 803 712 conoessum
823 686 903 711 non
927 672 1004 711 sub
1027 672 1167 711 modio
1193 673 1409 713 absconde.
1469 672 1549 711 Ille
1564 672 1679 711 enim

73 742 307 779 creaturam
349 751 562 790 procreare
598 738 744 786 voluit,
778 738 824 776 111
854 751 934 788 qua
963 738 1199 788 eloquentia
1226 738 1427 788 pristinas
1465 738 1680 777 ostendere
1700 750 1714 771 2

75 805 187 844 vires
210 804 427 844 vniuersas
455 805 618 853 posset;
645 805 692 841 tu
721 816 795 853 per
823 803 936 841 viam
966 816 1092 853 quam
1121 802 1335 852 ingressus
1362 816 1405 842 es
1424 803 1677 853 progredere,

72 873 117 910 et
135 870 291 909 famam
310 882 506 920 praepara
525 868 820 907 durabiliorem
841 869 1005 907 diuitiis
1025 870 1066 906 et
1087 868 1238 918 regnis.

130 936 212 976 Sed
242 936 293 974 de
317 936 386 974 his
405 935 515 983 satis,
539 948 591 973 ne
611 933 772 972 adulari
790 933 941 973 videar.
1000 934 1146 972 Vnum
1165 935 1228 972 est
1246 933 1356 984 quod
1382 947 1507 984 super
1533 937 1681 974 cuncta

75 1000 286 1051 desydero,
322 1002 370 1040 vt
402 1002 444 1039 te
481 999 707 1050 aliquando
735 1012 873 1038 coram
901 1013 1067 1038 00111010
1104 1012 1294 1049 possem3
1333 1001 1464 1049 tuque
1492 1000 1681 1050 expedito

77 1065 338 1116 Hieronymo
364 1068 437 1105 tuo
460 1066 579 1104 facile
605 1065 715 1104 mihi
733 1078 894 1104 morem
917 1078 1056 1116 gerere
1083 1065 1250 1115 poteris.
1311 1065 1415 1114 Scio,
1437 1077 1523 1103 non
1545 1065 1682 1115 poeni·
1704 1078 1717 1099 2

78 1131 183 1170 tebit
207 1133 249 1170 te
275 1131 403 1170 talem
428 1131 585 1170 vidisse
611 1130 920 1180 rempublicam,
952 1130 1089 1181 qualis
1114 1130 1232 1169 nulla
1263 1130 1346 1169 alia
1372 1130 1418 1169 in
1447 1131 1680 1178 Germania,

77 1210 258 1247 eumque
279 1197 462 1236 amicum
489 1197 560 1248 qui
580 1198 621 1235 te
641 1195 760 1235 vnice
781 1196 919 1246 diligit
938 1198 979 1235 et
999 1197 1201 1236 obseruat.

187 1262 363 1301 Interim
383 1262 488 1301 bene
505 1263 597 1301 vale
617 1275 667 1300 ex
688 1262 1004 1313 Nurembergha
1029 1276 1074 1311 13
1096 1263 1289 1302 Decemb.
1321 1272 1435 1310 1515.

488 1394 640 1448 376079.
702 1392 835 1434 FROM
864 1392 1050 1436 ULRICH
1083 1394 1262 1436 ZAsms.

128 1481 239 1518 Basle
258 1481 337 1519 MS.
354 1481 398 1518 D.
419 1483 482 1518 IV.
504 1485 547 1520 16
564 1482 626 1530 (a).
1347 1484 1539 1531 Freiburg.

127 1541 316 1577 Deventer
333 1540 410 1577 MS.
431 1552 488 1587 91,
506 1542 531 1579 f.
554 1552 622 1585 204
639 1546 678 1576 v0
696 1541 765 1587 (β).
1250 1545 1291 1579 16
1310 1543 1516 1579 December
1537 1551 1636 1588 1515.

128 1601 200 1636 LB.
217 1600 314 1646 App.
337 1612 393 1645 40.

125 1676 255 1718 [There
271 1685 332 1707 are
348 1677 420 1707 two
436 1677 681 1716 manuscripts
696 1675 735 1707 of
752 1676 827 1707 this
844 1676 962 1716 letter,
984 1686 1051 1707 one
1070 1676 1109 1707 111
1126 1676 1188 1707 the
1205 1676 1305 1707 hand
1322 1675 1360 1706 of
1372 1676 1506 1714 Zasius,
1524 1675 1628 1705 down
1646 1676 1683 1705 to

79 1723 222 1762 animus,
249 1720 273 1751 1.
301 1728 330 1759 5,
356 1719 429 1750 and
452 1719 542 1750 then
565 1720 605 1751 of
632 1720 801 1751 Boniface
824 1719 1028 1751 Amorbach
1053 1720 1149 1760 (who
1177 1722 1214 1751 at
1239 1720 1314 1750 this
1337 1720 1425 1750 time
1448 1728 1522 1750 was
1546 1719 1680 1749 Zasius'

82 1763 213 1803 pupil)‚
237 1773 283 1794 on
306 1772 354 1794 an
377 1763 630 1794 unnumbered
662 1763 736 1794 leaf
762 1763 920 1794 towards
946 1763 1007 1795 the
1035 1763 1106 1794 end
1137 1763 1176 1794 of
1203 1774 1224 1794 a
1247 1763 1390 1794 volume
1418 1763 1457 1793 in
1485 1763 1547 1793 the
1579 1760 1683 1792 Basle

82 1807 297 1846 University
313 1806 482 1846 Library;
504 1807 568 1837 the
587 1807 690 1838 other
705 1807 746 1837 in
762 1807 825 1838 the
842 1807 1022 1838 Deventer
1038 1807 1137 1838 book.
1184 1807 1258 1837 The
1274 1807 1408 1837 former
1423 1815 1496 1836 was
1513 1804 1685 1845 probably

82 1851 200 1890 begun
216 1850 263 1889 by
279 1850 404 1881 Zasius
418 1860 457 1880 as
473 1859 493 1880 a
508 1851 578 1881 fair
594 1860 696 1890 copy,
712 1852 776 1881 but
793 1850 1006 1882 abandoned
1030 1851 1178 1881 because
1193 1850 1232 1880 of
1250 1860 1271 1881 a
1287 1851 1386 1890 great
1407 1849 1483 1880 blot
1500 1859 1583 1880 over
1597 1858 1685 1879 mens

84 1894 124 1930 (l.
142 1893 201 1935 5);
225 1893 297 1924 and
317 1893 528 1924 afterwards
548 1894 744 1925 continued
765 1894 813 1934 by
835 1894 1004 1925 Boniface
1027 1903 1065 1924 as
1087 1904 1107 1925 a
1127 1894 1228 1925 clean
1250 1903 1339 1934 copy
1355 1894 1409 1924 for
1428 1893 1684 1933 preservation.

84 1937 137 1968 Its
160 1937 355 1977 postscript
378 1946 452 1967 was
474 1937 627 1977 perhaps
651 1938 804 1969 omitted
828 1937 1102 1977 intentionally.
1155 1937 1230 1968 The
1255 1938 1363 1968 latter
1386 1936 1596 1977 reproduces
1621 1935 1684 1966 the

85 1981 193 2012 letter
205 1980 362 2020 actually
371 1980 545 2020 received,
559 1981 625 2012 but
640 1981 797 2021 through
813 1981 883 2012 less
893 1983 1056 2012 accurate
1066 1982 1220 2021 copying
1235 1981 1300 2012 has
1316 1982 1380 2012 not
1398 1990 1434 2011 so
1451 1979 1541 2019 good
1558 1989 1578 2010 a
1594 1981 1680 2010 text.

82 2025 159 2055 The
175 2024 341 2064 readings
365 2024 404 2054 in
428 2024 467 2055 ll.
488 2034 514 2064 1,
535 2035 563 2064 7,
587 2035 625 2064 19
649 2024 828 2055 illustrate
849 2025 912 2056 the
935 2026 1089 2064 practice
1112 2025 1151 2055 of
1170 2025 1233 2056 the
1256 2024 1395 2056 Leiden
1418 2023 1563 2055 editors.
1609 2022 1684 2053 The

85 2067 167 2099 date
183 2068 215 2099 is
228 2067 425 2099 confirmed
443 2068 490 2107 by
506 2068 569 2099 the
586 2069 753 2099 mention
771 2068 808 2098 of
824 2069 886 2099 the
904 2068 973 2108 day
988 2068 1026 2099 of
1038 2069 1102 2099 the
1118 2067 1248 2109 week.]

139 2146 178 2184 S.
195 2145 242 2185 P.
260 2146 309 2185 D.
332 2145 448 2193 Vide,
465 2145 586 2184 heros
601 2159 730 2195 meus,
747 2159 828 2196 quo
843 2145 1036 2196 procedat
1047 2146 1293 2185 temeritatis
1305 2145 1571 2185 confidencia.
1597 2144 1687 2183 Tua

83 2223 235 2249 vsurus
254 2223 385 2260 opera,
400 2212 473 2249 tua
492 2224 567 2261 ope
586 2211 772 2260 nixurus,
794 2213 836 2249 te
855 2211 1062 2261 appellare
1082 2225 1167 2250 non
1185 2224 1337 2260 vereor,
1354 2224 1479 2261 quem
1497 2210 1615 2249 nulla
1633 2223 1686 2249 ne

83 2275 230 2314 vmbra
260 2276 429 2325 quidem
459 2276 582 2315 officii
602 2290 786 2327 vnquam
816 2276 896 2315 sim
924 2279 1178 2326 prosecutus.
1239 2277 1319 2316 Sed
1348 2279 1421 2315 tua
1447 2275 1687 2315 humanitas

83 2353 152 2380 me
171 2341 450 2380 confidentem
475 2342 582 2390 fecit,
607 2344 679 2381 tua
698 2343 973 2381 mansuetudo
996 2356 1141 2381 ansam
1167 2345 1332 2392 peceato
1357 2342 1537 2392 praebet.
1597 2342 1687 2380 Tua

1699 422 1737 454 15

85 2405 160 2444 illa
185 2418 328 2444 serena
355 2420 484 2455 mens,
510 2407 697 2457 placidus
722 2407 900 2457 animus,
930 2408 1067 2446 dulcia
1087 2408 1212 2446 verba
1231 2407 1478 2446 animauere.
1539 2406 1687 2456 Itaque
1706 2416 1723 2448 5

86 2470 122 2508 si
154 2472 228 2508 tua
260 2472 499 2521 prophanus
533 2473 710 2511 sacraria
742 2472 938 2523 irrumpo,
974 2486 1059 2511 non
1092 2475 1181 2512 tarn
1214 2486 1305 2511 mee
1338 2471 1575 2519 temeritati,
1607 2483 1687 2520 que

87 2537 229 2574 tamen
249 2548 334 2573 non
352 2536 479 2585 abest,
499 2550 624 2587 quam
644 2540 716 2576 tue
735 2538 1013 2587 placidissime
1033 2538 1216 2576 comitati
1236 2540 1449 2587 acceptum
1478 2536 1637 2575 referes,

144 2599 223 2638 Sed
245 2600 343 2649 quid
362 2602 543 2650 tandem,
576 2603 740 2652 inquies
756 2604 776 2641 ἰ)
823 2602 983 2652 Nempe
1009 2616 1099 2641 rem
1126 2602 1334 2641 modicam
1353 2601 1441 2649 tibi,
1464 2600 1571 2639 mihi
1590 2613 1688 2640 vero

90 2664 328 2704 maximam.
408 2666 557 2704 Euolui
585 2668 646 2716 (vt
673 2667 780 2705 mihi
807 2667 960 2717 videor)
989 2668 1190 2715 tenebras,
1224 2668 1258 2705 si
1293 2681 1371 2717 que
1405 2668 1502 2705 sunt
1530 2667 1575 2704 in
1604 2666 1630 2705 1.
1664 2678 1683 2702 2

89 2731 140 2769 de
167 2729 278 2779 Orig.
302 2729 412 2769 Iun:
441 2733 540 2769 sunt
566 2732 681 2770 enim
711 2731 843 2770 multe
874 2732 970 2780 11110,
1002 2745 1086 2770 11011
1108 2733 1187 2771 tibi
1214 2735 1255 2770 et
1281 2733 1422 2779 doctis,
1445 2731 1513 2770 sed
1545 2731 1686 2781 legum
1706 2743 1746 2766 10

133 2815 207 2847 376.
236 2825 263 2846 1.
289 2825 390 2846 meus
407 2817 475 2851 aB:
496 2816 549 2847 mi
568 2818 629 2848 LB.
794 2825 824 2854 3.
851 2817 995 2855 quidem
1012 2819 1058 2851 B:
1081 2817 1227 2856 quidam
1245 2828 1276 2849 a.
1405 2818 1474 2847 sim
1489 2828 1532 2847 a:
1555 2826 1634 2848 sum
1651 2818 1685 2852 β.

89 2870 120 2898 4.
147 2869 205 2890 1110
229 2869 286 2890 om.
313 2860 348 2893 β.
480 2859 567 2891 fecit
589 2861 656 2894 aB:
687 2860 773 2891 facit
796 2862 859 2891 LB.
1013 2861 1045 2891 6.
1075 2861 1105 2891 si
1130 2870 1186 2892 om.
1214 2862 1249 2894 β.
1407 2870 1436 2899 7.
1461 2860 1595 2892 referes
1618 2862 1683 2896 αβ;

89 2902 250 2933 referens
272 2905 336 2933 LB.

134 2980 210 3012 376.
236 2989 285 3011 10.
312 2980 355 3010 de
371 2980 464 3020 Orig.
481 2980 575 3021 Iur.]
601 2980 795 3012 Published
815 2981 855 3011 in
928 2981 1020 3020 1518.
1057 2981 1124 3011 For
1137 2981 1199 3012 the
1213 2981 1432 3021 importance
1448 2980 1486 3012 of
1499 2981 1574 3012 this
1588 2981 1688 3013 work

89 3023 223 3055 Zasius’
248 3026 501 3064 Lucubrationes,
530 3024 645 3065 Basle,
673 3022 858 3068 (Froben)
925 3034 980 3056 see
998 3024 1188 3065 Stintzing,
1215 3027 1338 3065 Zasias,
1365 3034 1422 3065 pp.
1453 3027 1589 3065 126-33.
