2010 3417
350 144 429 182 258
812 138 1061 178 LETTERS
1099 137 1169 177 OF
1205 138 1470 177 ERASMUS
1808 136 1846 190 [1
1856 149 1877 184 5
1886 148 1900 173 1
1910 138 1932 173 6

349 251 552 302 principes
607 248 831 288 Christiani
884 249 1154 298 sequerentur
1204 248 1333 286 bonas
1386 247 1678 286 institutiones.
1755 247 1934 286 Illorum

348 316 521 355 insaniis
572 313 902 353 interturbantur
957 312 1105 352 omnia.
1184 312 1394 351 Libellum
1444 312 1567 351 illum
1614 312 1734 352 valde
1789 313 1933 363 cupio;

346 382 558 430 propterea
588 379 695 429 quod
721 379 841 430 plane
870 378 963 427 scio,
986 378 1049 417 vti
1077 377 1158 417 alia
1185 379 1257 418 tua
1285 378 1435 427 omnia,
1457 377 1641 428 prodibit
1668 377 1835 416 libellus
1863 378 1933 418 ille

290 460 326 490 25
347 445 419 485 abs
438 447 478 484 te
497 446 711 495 perfectus.

286 786 326 815 30

284 1114 323 1144 50

275 1767 319 1797 45

281 2088 322 2120 50

400 510 517 559 Quod
556 510 701 549 scribis
739 510 787 548 de
826 510 1047 549 Germania
1083 509 1229 557 credo;
1269 509 1378 559 quod
1415 511 1555 548 autem
1592 521 1683 547 mea
1720 508 1846 548 verba
1883 509 1933 548 de

345 576 487 615 eadem
516 578 557 614 et
586 575 874 614 testimonium
901 576 988 614 tam
1017 574 1163 613 multis
1191 576 1290 613 ante
1318 574 1440 613 annis
1473 574 1631 613 dictum
1663 573 1774 620 citas,
1805 573 1935 612 miror

345 645 384 680 te
413 641 612 680 memoria
634 642 786 679 tenere.
843 641 905 679 De
927 639 1153 691 tranquilla
1175 639 1280 688 sede,
1304 639 1413 689 quod
1443 639 1590 678 scribis
1615 640 1656 677 te
1683 640 1833 688 optare,
1857 652 1933 689 ego

345 719 505 757 quoque
534 706 707 745 eandem
735 706 813 744 tibi
843 708 939 756 opto
968 708 1008 744 et
1036 704 1307 755 tranquillam
1334 706 1377 743 et
1404 704 1617 752 foelicem;
1658 717 1756 743 nam
1784 706 1826 743 et
1853 703 1934 744 ista

344 775 416 811 tua
434 773 543 811 aetas
569 774 611 811 et
637 771 824 810 doctrina
850 771 1041 821 exposcit.
1103 771 1210 820 Opto
1236 770 1364 809 etiam
1382 772 1428 808 vt
1451 770 1530 809 ista
1555 771 1626 808 tua
1651 770 1767 809 sedes
1785 769 1934 809 Vltima

344 840 450 877 esset
477 838 585 888 apud
615 850 700 885 nos,
727 837 762 875 si
789 839 830 875 te
858 838 976 875 tanto
1004 838 1095 875 viro
1124 835 1240 886 digni
1266 848 1474 883 essemus3
1505 834 1577 873 sed
1605 835 1747 885 quales
1771 849 1929 883 sumus,

344 905 536 954 expertus
566 916 610 942 es
642 902 830 952 saepius:
870 904 1011 940 tamen
1044 901 1170 940 habes
1202 901 1270 939 hic
1302 901 1373 951 qui
1406 902 1446 939 te
1480 913 1739 950 summopere
1774 900 1928 940 colunt.

345 968 653 1010 Cantuariensis
671 970 822 1015 noster,
847 980 941 1007 cum
968 981 1079 1006 eram
1107 966 1214 1017 apud
1241 966 1365 1005 illum
1391 966 1458 1005 his
1483 965 1637 1015 diebus,
1663 966 1712 1004 de
1735 967 1776 1004 te
1795 965 1932 1004 multa

343 1036 506 1074 locutus
542 1034 662 1073 valde
695 1033 853 1084 cupiuit
884 1032 1159 1084 praesentiam
1189 1034 1317 1071 tuam.
1392 1032 1437 1071 Is
1470 1032 1595 1071 homo
1633 1031 1846 1070 absolutus
1879 1031 1931 1069 ab

311 1113 322 1120 ·
343 1101 458 1139 omni
486 1100 652 1150 negocio
680 1113 790 1138 nunc
820 1099 932 1149 degit
960 1099 1004 1137 in
1033 1098 1118 1137 ocio
1147 1098 1396 1137 felicissimo.

397 1166 457 1205 De
476 1164 837 1216 philosophatione
857 1163 1092 1203 Christiana
1112 1163 1220 1213 quod
1243 1163 1390 1202 scribis
1407 1176 1556 1202 verum
1575 1164 1648 1201 est.
1700 1162 1832 1200 Nemo
1851 1163 1928 1210 est,

342 1232 471 1280 credo,
503 1231 548 1269 in
578 1231 674 1269 orbe
702 1230 786 1268 iam
816 1229 1050 1268 Christiano
1082 1229 1133 1267 ad
1166 1228 1283 1267 illam
1311 1228 1609 1278 professionem
1639 1230 1680 1266 et
1710 1226 1931 1278 negocium

342 1299 383 1334 te
404 1296 538 1347 aptior
560 1310 605 1335 ac
630 1296 762 1346 magis
787 1295 969 1343 idoneus,
998 1297 1164 1344 propter
1193 1293 1507 1344 multiphariam
1532 1296 1647 1332 tuam
1676 1293 1930 1341 doctrinam3

342 1361 449 1411 quod
475 1361 562 1411 ipse
586 1374 672 1400 non
692 1360 846 1408 scribis,
869 1360 939 1398 sed
962 1373 1035 1409 ego
1064 1359 1141 1398 hoc
1170 1359 1260 1398 dico
1290 1360 1399 1410 quod
1427 1360 1572 1398 sentio.
1630 1360 1731 1409 Legi
1750 1359 1859 1410 quod
1884 1359 1930 1398 in

341 1426 522 1476 primum
547 1427 764 1465 Psalmum
791 1425 996 1476 scripsisti
1022 1426 1064 1463 et
1090 1425 1218 1463 miror
1240 1426 1356 1463 tuam
1385 1425 1576 1475 Copiam;
1605 1425 1802 1474 desydero
1828 1438 1930 1475 quae

341 1492 512 1531 molitus
530 1505 573 1530 es
591 1492 636 1530 in
655 1491 872 1542 epist-olam
891 1490 941 1529 ad
962 1491 1184 1529 Romanos.
1245 1490 1341 1528 Non
1362 1503 1484 1540 cessa,
1507 1487 1688 1539 Erasme,
1708 1491 1779 1529 sed
1799 1503 1929 1541 quum

341 1557 500 1596 dederis
536 1557 656 1596 nobis
694 1557 860 1596 Nouum
897 1557 1209 1596 Testamentum
1248 1556 1449 1605 Latinius,
1491 1556 1655 1595 illustra
1698 1557 1808 1595 idem
1845 1557 1930 1595 tuis

340 1623 685 1672 expositionibus3
715 1624 754 1661 et
778 1622 876 1660 aede
897 1621 1190 1660 commentaria
1216 1621 1461 1671 longissima
1480 1622 1523 1660 in
1544 1621 1780 1672 Euangelia.
1840 1621 1930 1660 Tua

340 1688 553 1738 longitudo
573 1690 634 1727 est
653 1687 845 1726 breuitas.
903 1686 1057 1726 Crescit
1077 1686 1294 1736 appetitus,
1313 1688 1436 1725 modo
1457 1687 1694 1726 stomachus
1712 1687 1765 1726 sit
1784 1700 1923 1735 sanus,

341 1754 384 1791 in
405 1753 578 1792 lectione
598 1755 764 1792 tuorum
784 1751 1021 1791 amantibus
1042 1751 1287 1800 Scripturas,
1347 1752 1391 1790 Si
1413 1753 1619 1802 aperueris
1638 1765 1796 1801 sensuS‚
1819 1753 1927 1802 quod

340 1832 460 1858 nemo
479 1820 520 1857 te
539 1819 689 1858 melius
708 1818 841 1866 faciet,
864 1830 1066 1867 magnum
1091 1817 1338 1856 beneficium
1365 1817 1549 1856 conferes
1567 1820 1609 1856 et
1632 1830 1786 1856 nomen
1806 1819 1928 1856 tuum

340 1884 645 1923 immortalitati
681 1883 1000 1922 commendabis.
1072 1882 1179 1930 Quid
1217 1883 1317 1930 dico,
1358 1883 1698 1922 immortalitati?
1764 1882 1928 1922 Nomen

340 1950 501 1988 Erasmi
521 1962 735 1999 nunquam
754 1948 916 1999 peribit,
936 1948 1007 1986 sed
1028 1947 1180 1998 gloriae
1197 1947 1314 1986 dabis
1329 1960 1484 1986 nomen
1503 1950 1624 1987 tuum
1639 1948 1925 1998 sempiternae,

340 2017 381 2053 et
400 2015 552 2053 sudans
572 2014 616 2052 in
636 2015 732 2053 Iesu
751 2014 883 2053 vitam
903 2013 981 2051 tibi
1002 2013 1258 2063 comparabis
1278 2013 1395 2052 illam
1415 2014 1638 2052 aeternam.

394 2080 510 2127 Quod
541 2080 724 2129 deploras
754 2079 963 2118 fortunam
995 2080 1120 2127 tuam,
1152 2091 1236 2117 non
1265 2079 1439 2118 fortiter.
1505 2078 1557 2117 In
1592 2080 1708 2117 tanto
1743 2079 1924 2129 negocio,

339 2143 532 2183 videlicet
559 2145 604 2182 in
633 2144 887 2183 declarandis
915 2143 1149 2193 scripturis,
1172 2157 1257 2182 non
1282 2144 1436 2194 poterit
1461 2144 1539 2182 tibi
1564 2143 1730 2181 fortuna
1759 2143 1926 2192 deesse;

339 2209 461 2248 modo
481 2222 615 2260 speres
640 2209 684 2247 in
712 2210 809 2257 De0,
834 2208 906 2258 qui
931 2210 971 2246 te
996 2209 1041 2246 in
1067 2208 1213 2258 primis
1239 2209 1465 2258 adiuuabit,
1490 2208 1804 2258 stimulabitque
1823 2208 1925 2248 alios

339 2276 386 2313 vt
410 2276 450 2313 te
474 2275 519 2313 in
544 2274 815 2314 sanctissimis
841 2273 992 2313 studiis
1011 2273 1219 2313 adiuuent.
1279 2273 1395 2322 Quod
1416 2287 1481 2312 me
1500 2272 1703 2312 exclamas
1721 2272 1922 2321 foelicem,

341 2340 527 2379 demiror.
586 2340 632 2379 Si
657 2340 706 2378 de
732 2339 895 2378 fortuna
917 2338 1111 2389 loqueris,
1134 2341 1182 2377 vt
1207 2352 1293 2377 non
1320 2340 1382 2377 est
1408 2338 1524 2378 nulla
1550 2351 1651 2387 mea,
1673 2338 1731 2377 ita
1751 2351 1836 2378 non
1862 2341 1925 2378 est

281 2438 290 2445 ,
339 2405 476 2455 ampla
495 2407 535 2443 et
563 2404 666 2443 meis
692 2404 927 2455 sumptibus
953 2405 1024 2442 vix
1051 2404 1267 2443 sufficiens.
1329 2403 1416 2454 Ego
1442 2417 1508 2442 me
1533 2404 1701 2442 beatum
1720 2405 1922 2454 putarem,

339 2471 374 2509 si
410 2471 479 2510 vel
515 2472 560 2510 in
597 2483 759 2510 summa
796 2472 975 2520 egestate
1006 2469 1274 2508 millesimam
1308 2471 1470 2519 partem
1504 2471 1599 2508 tuae
1638 2469 1851 2508 doctrinae
1882 2472 1925 2509 et

339 2536 564 2586 sapientiae
601 2536 877 2586 possiderem3
925 2548 1049 2585 quam
1087 2537 1133 2573 tu
1171 2534 1260 2573 sine
1300 2534 1445 2584 opibus
1482 2535 1738 2584 comparasti,
1774 2535 1924 2574 docens

338 2601 568 2640 doctrinam
588 2601 840 2651 singularem
858 2600 937 2640 alia
961 2602 1029 2640 via
1049 2599 1186 2639 nescio
1207 2613 1297 2650 qua,
1321 2600 1391 2638 sed
1412 2602 1483 2638 tua
1505 2600 1584 2638 ista
1604 2599 1825 2648 Erasmica,
1850 2602 1919 2638 &c.
1947 2650 1950 2653 Δ

338 2666 565 2716 Applicabo
594 2680 670 2715 me,
699 2667 734 2705 si
762 2666 943 2716 patieris,
972 2668 1012 2705 et
1040 2666 1261 2715 adiungam
1290 2665 1409 2704 lateri
1438 2666 1521 2713 tuo,
1545 2664 1826 2715 exhibeboque
1853 2677 1923 2702 me

280 2732 321 2763 60
340 2732 416 2769 tibi
436 2731 683 2781 discipulum
709 2732 834 2770 etiam
861 2731 905 2770 in
931 2731 1125 2770 discendo
1150 2731 1312 2778 Graece,
1335 2743 1570 2780 quanquam
1596 2731 1679 2769 iam
1703 2730 1923 2779 prouectus

866 2834 917 2861 42.
946 2823 1111 2854 Latinius
1126 2826 1172 2854 B:
1198 2823 1337 2854 Latinis
1351 2825 1391 2854 N.

383 2911 435 2940 26.
470 2919 548 2941 mea
577 2910 701 2951 verba]
734 2910 785 2942 Cf.
819 2910 929 2942 Lond.
959 2920 1014 2942 xv.
1046 2919 1097 2950 14,
1199 2920 1251 2949 50.
1272 2908 1532 2949 fortunam]Cf.
1550 2909 1719 2948 Epp.412.
1734 2918 1786 2946 29,
1801 2917 1875 2946 421.
1888 2918 1920 2947 5.

343 2951 411 2982 LB.
431 2962 492 2990 435
509 2953 587 2993 (459
598 2953 647 2993 A).
1208 2954 1260 2992 58.
1286 2952 1363 2994 &c.]
1387 2953 1461 2983 The
1478 2952 1580 2983 mark
1602 2952 1641 2982 of
1659 2952 1851 2989 omission3
1876 2952 1920 2984 cf.

384 3005 436 3033 41.
462 2995 505 3026 ad
521 2995 714 3036 Romanos]
737 2996 787 3028 Cf.
806 2997 869 3037 Ep.
887 3006 961 3037 314.
981 3006 1011 3036 3.
1165 2997 1254 3036 Epp.
1281 3006 1353 3035 117.
1377 3006 1417 3034 44
1440 2995 1512 3026 and
1536 3004 1611 3034 425.
1629 3005 1672 3025 20
1687 3004 1722 3026 n.
