2010 3417
83 174 181 229 566]
733 177 804 216 'ro
842 178 949 216 LEO
988 178 1028 216 X
1597 175 1677 213 527

129 307 265 338 LEONI
296 307 526 339 PONTIFICI
555 308 674 338 VERE
703 307 890 338 MAXIMO
923 307 1127 338 ERASMVS
1158 307 1490 339 ROTERODAMVS
1521 306 1556 335 S.
1588 306 1628 335 D.

134 389 197 428 V'r
216 389 379 440 vbique,
403 389 640 428 beatissime
657 391 784 439 pater,
807 389 1062 427 incredibilis
1084 390 1164 428 ista
1182 392 1253 428 tua
1279 389 1444 428 bonitas
1463 388 1675 441 pietasque

80 454 212 493 vincit
224 467 310 493 non
329 454 466 492 solum
481 455 629 493 merita
648 456 788 492 nostra
805 468 950 492 verum
969 455 1093 493 etiam
1108 457 1215 493 vota.
1268 454 1385 503 Quod
1406 466 1522 492 meus
1542 452 1676 502 pudor

79 519 328 558 contractius
355 519 598 569 parciusque
626 519 803 569 rogabat,
837 522 906 558 tua
934 519 1169 570 benignitas
1208 520 1362 570 largius
1395 532 1440 557 ac
1471 518 1676 568 prolixius

78 584 264 623 indulsit.
302 583 387 622 Nec
416 584 520 622 illud
547 597 644 623 sane
669 597 736 623 me
765 585 871 622 clam
904 597 991 623 esse
1022 584 1165 631 voluit,
1199 585 1350 633 quibus
1380 584 1456 622 hoc
1486 583 1676 623 beneficii

78 648 268 687 deberem
285 663 295 696 ;
317 661 413 686 cum
433 648 520 698 ipse
535 662 728 699 cuperem
748 649 793 688 in
813 648 994 687 solidum
1014 651 1109 687 tuae
1127 649 1254 687 vnius
1273 649 1418 687 debere
1439 647 1670 687 sanctitati.

77 713 266 753 Sciebam
287 714 444 762 Regem
466 714 726 752 catholicum
754 727 821 752 me
850 714 936 752 suis
964 713 1116 752 litteris
1145 713 1223 752 tibi
1249 713 1566 761 commendasse,
1597 712 1669 751 sed

75 778 156 817 alia
174 778 224 816 de
245 791 375 825 causa,
398 781 521 828 atque
536 779 578 816 id
598 782 740 817 tamen
759 779 915 817 factum
930 781 993 817 est
1009 792 1093 816 non
1107 779 1244 817 solum
1259 779 1428 818 absente
1445 791 1511 816 me
1525 791 1674 816 verum

74 843 202 881 etiam
221 843 362 882 inscio.
422 843 659 894 Anglorum
675 843 778 894 Regi
789 844 884 882 licet
897 843 990 882 aliis
1004 844 1198 893 pluribus
1212 843 1454 882 nominibus
1469 843 1671 888 deberem,

74 910 215 946 tamen
233 908 300 946 hic
321 908 502 947 calculus
522 921 588 947 me
607 921 777 960 prorsus
796 908 951 947 latebat
966 909 1176 947 hactenus.
1236 908 1445 958 Intelligo,
1469 908 1670 957 intelligo,

73 972 311 1012 beatissime
348 975 472 1022 pater,
515 986 639 1024 quam
676 987 847 1024 grauem
888 987 1095 1024 quamque
1143 973 1422 1023 multiplicem
1470 973 1673 1011 sarcinam

74 1038 261 1076 humeris
279 1038 517 1077 sustineam.
575 1039 768 1077 Primum
789 1038 902 1077 enim
914 1039 1109 1077 manibus
1127 1038 1381 1089 pedibusque
1401 1038 1673 1077 adnitendum

74 1104 136 1141 est
165 1105 211 1142 vt
238 1103 320 1142 isto
347 1117 520 1142 munere
549 1104 658 1153 quod
685 1106 757 1142 tua
783 1104 916 1153 pietas
940 1103 1124 1152 indulsit,
1153 1103 1211 1142 sic
1235 1105 1329 1142 vtar
1353 1106 1399 1142 vt
1428 1106 1521 1141 tum
1550 1103 1673 1141 dante

73 1171 166 1206 tum
184 1168 406 1218 accipiente
426 1168 601 1218 dignum
621 1171 696 1207 est.
758 1167 920 1206 Deinde
935 1168 1169 1207 conandum
1188 1171 1251 1207 est
1270 1171 1315 1206 vt
1334 1168 1474 1218 aliqua
1494 1170 1602 1206 certe
1623 1181 1673 1206 ex

71 1235 188 1282 parte
213 1236 425 1272 tantorum
453 1233 698 1282 Principum
725 1233 1077 1272 commendationi
1099 1233 1396 1283 respondeam3
1425 1233 1673 1283 quandoqui-

72 1298 168 1337 dem
187 1297 254 1336 his
279 1298 466 1337 beneficii
494 1298 557 1336 tui
583 1298 762 1348 gratiam
783 1311 1049 1337 communem
1075 1311 1166 1337 esse
1190 1298 1376 1337 voluisti.
1456 1298 1672 1337 Postremo

71 1362 206 1402 danda
226 1365 288 1402 est
307 1376 428 1413 opera
445 1365 492 1401 vt
511 1376 596 1401 non
616 1362 752 1401 dicam
773 1363 905 1401 officio
926 1363 1036 1412 (quis
1059 1363 1172 1401 enim
1198 1365 1378 1412 praestet
1398 1363 1581 1401 officium
1601 1366 1672 1402 aut

70 1427 236 1466 Christo
263 1430 336 1466 aut
360 1428 457 1466 huic
482 1427 670 1478 proximo
693 1427 889 1465 Pontifici
903 1429 938 1477 ‘?)
966 1428 1038 1466 sed
1066 1430 1208 1466 tamen
1237 1427 1376 1477 aliqua
1405 1427 1512 1478 grati
1541 1428 1673 1466 animi

69 1491 371 1542 significatione
390 1493 659 1542 respondeam
679 1493 835 1542 accepti
859 1492 1048 1531 muneris
1077 1492 1371 1542 magnitudini,
1394 1492 1503 1541 quod
1532 1492 1671 1542 ipsum

68 1557 152 1595 iam
180 1558 373 1607 protinus
402 1557 692 1596 difficillimum
720 1571 811 1596 esse
843 1557 986 1596 video:
1026 1558 1176 1596 deinde
1206 1557 1360 1596 Leonis
1388 1557 1668 1608 amplitudini.

69 1618 126 1660 sic
146 1622 283 1661 modis
300 1623 497 1661 omnibus
516 1622 686 1661 maximi
707 1625 754 1660 vt
777 1624 982 1672 quantum
1009 1623 1186 1661 Romani
1212 1622 1431 1661 Pontificis
1455 1622 1671 1672 fastigium

70 1687 181 1725 inter
194 1687 376 1738 reliquos
394 1687 589 1726 mortales
604 1687 772 1734 eminet,
791 1689 957 1725 tantum
978 1687 1061 1726 Leo
1081 1688 1192 1725 inter
1212 1687 1423 1726 Romanos
1442 1687 1671 1726 Pontifices

72 1752 271 1800 excellat3
299 1751 341 1790 id
370 1752 480 1802 quod
510 1752 644 1790 multo
667 1752 793 1790 etiam
819 1752 1040 1790 difficilius.
1113 1752 1206 1790 Hoc
1232 1765 1284 1790 an
1311 1753 1568 1801 prestaturus
1587 1753 1668 1791 sim

72 1816 237 1864 nescio;
275 1819 384 1855 certe
419 1818 477 1855 sic
511 1817 674 1855 adnitar
706 1819 752 1855 vt
784 1830 928 1855 omnes
958 1817 1196 1866 intelligant
1227 1816 1335 1855 mihi
1368 1819 1527 1866 praeter
1560 1817 1671 1856 vires

70 1882 176 1920 nihil
195 1882 383 1930 defuisse,
400 1884 591 1932 suppetat
606 1882 729 1920 modo
741 1882 827 1920 vita
845 1896 853 1920 :
875 1895 1000 1931 quam
1014 1882 1121 1920 mihi
1141 1894 1226 1920 non
1246 1881 1418 1930 optarim
1440 1881 1670 1931 longiorem

71 1960 196 1996 quam
209 1959 312 1996 quae
326 1947 558 1997 posteritati
573 1947 859 1985 consecrandis
871 1947 1022 1985 Leonis
1038 1947 1130 1996 Opt.
1149 1947 1255 1985 Max.
1271 1946 1427 1985 diuinis
1441 1946 1669 1986 virtutibus
1691 1963 1705 1983 2

72 2025 117 2050 ac
150 2011 314 2050 meritis
347 2011 531 2050 sufficiat.
591 2011 732 2050 Minus
763 2011 988 2050 infeliciter
1025 2011 1191 2061 aggredi
1228 2011 1334 2049 solet
1371 2011 1500 2050 ardua
1534 2012 1608 2062 qui
1627 2015 1668 2050 et

72 2076 250 2115 libenter
268 2076 508 2126 aggreditur
526 2078 567 2114 et
587 2077 767 2126 suscepti
786 2076 947 2126 negocii
966 2075 1128 2126 pondus
1151 2089 1235 2114 non
1260 2076 1434 2125 ignorat.
1495 2077 1612 2125 Quod
1632 2077 1668 2115 si

73 2154 149 2180 nos
167 2141 299 2179 iustae
317 2141 426 2179 vires
438 2141 677 2188 destituent,
700 2141 922 2179 auxiliares
941 2141 1196 2179 eruditorum
1214 2141 1438 2179 hominum
1458 2142 1669 2192 suppetias

74 2205 416 2256 implorabimus:
460 2219 639 2256 quorum
676 2219 798 2244 nemo
837 2207 899 2244 est
936 2218 1110 2256 vsquam
1145 2205 1217 2255 qui
1248 2219 1334 2244 non
1366 2206 1546 2244 fateatur
1583 2219 1668 2245 sese

75 2271 304 2320 plurimum
333 2272 427 2309 tuae
455 2271 603 2320 pietati
634 2270 791 2317 debere,
819 2271 931 2320 pacis
956 2270 1144 2320 publicae
1174 2270 1343 2318 vindici,
1375 2284 1478 2320 quae
1506 2284 1668 2321 semper
1690 2288 1703 2299 ο

74 2337 341 2375 honestorum
361 2335 595 2375 studiorum
615 2335 739 2374 altrix
757 2336 847 2374 fuit.
908 2335 1027 2374 Libet
1042 2334 1214 2374 interim
1232 2338 1325 2373 tum
1345 2335 1452 2373 mihi
1469 2335 1668 2384 priuatim

75 2402 182 2440 hanc
200 2400 399 2450 gratulari
417 2400 670 2448 felicitatem,
694 2400 759 2438 cui
785 2400 1002 2450 contigerit
1029 2400 1195 2450 probari
1213 2413 1297 2438 non
1317 2401 1453 2438 solum
1472 2401 1668 2439 Pontifici

77 2466 259 2504 Maximo
278 2465 347 2503 sed
368 2466 496 2503 Leoni
515 2465 624 2503 inter
644 2465 847 2504 maximos
873 2465 960 2503 suis
988 2464 1156 2503 dotibus
1183 2465 1388 2503 maximo:
1418 2467 1510 2502 tum
1529 2466 1667 2503 autem

75 2530 239 2580 publice
267 2530 429 2568 saeculo
458 2530 555 2568 huic
583 2533 734 2568 nostro.
759 2530 869 2580 quod
898 2542 1065 2580 prorsus
1092 2542 1262 2568 aureum
1291 2530 1378 2567 fore
1406 2543 1499 2579 spes
1527 2532 1598 2577 est,
1631 2531 1667 2568 si

1696 986 1735 1007 10

1694 1311 1731 1342 15

1693 1637 1733 1658 20

75 2595 185 2646 quod
222 2608 406 2644 vnquam
445 2594 525 2632 fuit
563 2608 745 2642 aureum,
786 2597 833 2632 vt
871 2594 916 2632 in
954 2607 1034 2644 quo
1072 2595 1158 2633 tuis
1191 2594 1442 2632 felicissimis
1475 2594 1668 2644 auspiciis
1685 2614 1724 2645 35

75 2661 240 2710 tuisque
254 2659 527 2698 sanctissimis
547 2659 730 2697 consiliis
754 2659 834 2697 tria
860 2659 1058 2708 quaedam
1087 2659 1278 2708 precipua
1303 2659 1465 2708 generis
1493 2658 1667 2697 humani

77 2726 183 2764 bona
202 2724 447 2763 restitutum
472 2724 525 2762 iri
543 2724 728 2769 videam;
757 2724 953 2773 pietatem
972 2723 1088 2762 illam
1107 2736 1202 2762 vere
1222 2723 1500 2762 Christianam
1521 2723 1668 2762 multis

77 2789 210 2828 modis
231 2788 451 2839 collapsam
471 2803 481 2836 ;
509 2789 688 2838 optimas
712 2789 863 2835 literas,
885 2788 1038 2838 partim
1056 2788 1263 2838 neglectas
1281 2788 1490 2837 hactenus,
1512 2789 1665 2838 partim

77 2855 312 2904 corruptas:
340 2856 382 2892 et
414 2853 623 2903 publicam
652 2866 696 2891 ac
725 2855 968 2903 perpetuam
997 2851 1108 2891 orbis
1136 2852 1361 2891 Christiani
1390 2852 1662 2900 concordiam,

120 2977 182 2999 nr.
214 2977 384 2999 romaum
406 2977 497 2998 vrm:
521 2977 658 2999 luxum
683 2971 720 2998 C:
752 2977 884 2998 maenio
907 2969 948 2997 II.
1139 2977 1187 3006 ¹4·
1221 2970 1269 2997 F:
1300 2967 1608 2999 commendatione
1633 2971 1663 2999 C.

82 3022 130 3052 19.
155 3015 203 3043 F:
226 3011 463 3052 amplitudine
481 3015 509 3042 C.
643 3021 695 3041 21.
719 3013 772 3042 H:
796 3011 952 3050 reliquas
969 3013 997 3041 C.
