2010 3417
138 144 238 200 507]
1655 143 1736 183 425

644 199 784 241 4ss507
846 200 910 241 To
942 199 1083 242 Locis
1114 200 1223 241 BER.

187 301 357 348 Epistole
374 301 567 348 elegantes
585 301 630 336 f0.
651 301 696 336 0²².
717 306 767 336 v0.
1438 299 1616 336 Brussels.

187 360 241 397 0².
259 373 295 406 p.
318 370 403 407 153:
429 360 468 396 F.
487 372 522 405 p.
544 369 608 405 53:
635 360 724 395 HN:
751 360 866 396 Lond.
886 359 909 395 i.
929 371 995 405 33:
1023 360 1094 396 LB.
1118 370 1194 406 191.
1366 369 1380 395 1
1400 359 1569 403 January
1591 358 1691 405 1519.

153 457 360 488 ERASMVS
390 456 726 487 ROTERODAMVS
757 457 1094 488 THEOLOGORVM
1127 456 1318 487 INFIMVS
1349 435 1578 486 LVDOVICO
1609 454 1727 485 BERO

576 526 916 556 THEOLOGORVM
948 525 1151 556 PRINCIPI
1183 526 1215 556 S.
1251 526 1292 555 D.

193 602 261 640 AN
290 600 439 640 merito
468 600 575 639 mihi
604 601 830 650 gratuleris,
864 600 1019 650 optime
1048 600 1163 647 Bere,
1195 599 1383 638 nondum
1413 599 1521 637 scio:
1554 601 1601 638 tu
1631 599 1740 637 certe

140 665 426 706 amantissime
454 665 566 713 facis,
590 665 802 704 somnians
827 678 920 704 eam
939 665 1153 704 fortunam
1180 664 1313 703 amico
1334 663 1552 712 contigisse
1572 662 1739 712 qualem

138 744 256 770 amor
274 731 352 769 iste
376 732 474 769 tuus
493 732 664 781 optaret.
724 731 783 768 At
804 730 940 780 qualis
960 729 1093 779 qualis
1119 732 1180 768 est
1205 729 1306 767 haec
1330 741 1424 767 mea
1449 741 1549 776 sors,
1572 727 1609 766 si
1635 727 1741 766 scias

139 809 267 846 quam
286 796 515 844 ambierim,
539 809 648 834 noua
668 795 869 845 quaedam
888 794 1102 842 videatur;
1130 794 1166 833 si
1195 794 1342 832 merita
1360 792 1541 841 estimes,
1564 804 1742 841 magna;

139 861 176 901 si
194 861 394 910 animum,
414 861 535 900 satis:
565 873 801 911 quanquam
820 873 911 899 eam
930 859 1183 910 prebendam
1197 859 1401 898 vertimus
1419 858 1465 896 in
1483 857 1737 908 pensionem,
1760 868 1779 900 5

139 927 283 966 censui
313 926 575 965 detrahentes
601 939 654 964 ne
678 926 777 975 quid
806 926 895 964 ocio
925 925 1148 974 decederet,
1181 924 1299 963 cuius
1326 923 1448 962 nobis
1476 924 1589 973 prior
1616 935 1742 972 quam

139 991 335 1043 pecuniae
363 992 484 1032 ratio.
539 990 598 1030 Te
631 990 782 1030 merito
810 1004 914 1039 amo,
945 990 1011 1029 vir
1039 989 1353 1038 humanissime,
1387 987 1459 1039 qui
1486 988 1575 1038 pari
1602 987 1742 1026 studio

139 1057 283 1107 procul
312 1057 527 1095 absentem
555 1055 815 1106 prosequeris
845 1069 926 1105 quo
954 1056 1190 1104 presentem
1219 1067 1382 1103 semper
1414 1053 1656 1103 complexus
1685 1063 1741 1090 es.

141 1122 355 1162 Inuidiam
381 1122 647 1160 merebantur
666 1121 839 1160 fortasse
858 1120 930 1170 qui
949 1120 1206 1170 praeclarum
1225 1119 1381 1169 aliquid
1400 1118 1651 1169 profitentur
1668 1118 1743 1156 aut

141 1201 232 1227 rara
247 1188 440 1239 quapiam
456 1187 691 1226 eruditione
705 1188 902 1237 premunt
914 1185 1092 1224 aliorum
1106 1185 1280 1236 gloriam
1295 1186 1367 1222 aut
1382 1183 1588 1222 submotis
1603 1181 1743 1232 pleris-
1763 1195 1802 1216 10

140 1267 220 1304 que
239 1267 283 1292 se
302 1253 505 1292 iactitant.
565 1254 624 1291 At
643 1252 741 1302 quid
769 1252 828 1290 rei
857 1263 1022 1289 mecum
1048 1252 1112 1289 est
1136 1250 1333 1297 inuidiae,
1359 1248 1431 1299 qui
1456 1261 1531 1287 nec
1549 1247 1744 1298 profiteor

142 1319 364 1370 quicquam
384 1320 427 1357 et
446 1317 518 1357 vix
543 1317 744 1356 mediocri
769 1317 986 1355 literatura
1010 1315 1171 1354 nullius
1191 1315 1322 1353 officio
1341 1313 1583 1360 luminibus,
1608 1326 1744 1363 neque

141 1385 336 1435 cuiquam
365 1383 607 1422 mortalium
635 1382 843 1432 meipsum
872 1383 1078 1431 antepono
1101 1382 1174 1420 aut
1201 1393 1333 1429 aequo
1362 1379 1500 1418 etiam.
1560 1379 1743 1417 Tantum

141 1463 233 1488 mea
252 1448 529 1499 qualicunque
547 1447 683 1498 opella
700 1461 775 1499 pro
794 1446 954 1486 viribus
979 1446 1131 1485 adiuuo
1150 1445 1316 1496 publica
1336 1443 1484 1483 studia.
1544 1443 1624 1483 Sed
1643 1456 1745 1482 non-

141 1514 271 1553 nullis
289 1513 444 1553 alicubi
462 1513 606 1552 videor
624 1513 797 1552 liberius
822 1511 1121 1560 incandescere,
1141 1523 1288 1550 verum
1308 1510 1363 1548 iis
1382 1510 1454 1559 qui
1471 1522 1556 1548 non
1575 1521 1744 1559 perpen-
1764 1519 1802 1552 15

141 1580 249 1619 dunt
277 1592 402 1630 quam
434 1579 618 1629 indignis
645 1578 782 1617 modis
811 1580 999 1628 acceptae
1032 1577 1117 1615 sint
1146 1589 1283 1615 sacrae
1311 1575 1452 1614 literae
1482 1587 1529 1613 ac
1557 1575 1744 1613 virorum

142 1644 502 1685 sanctissimorum
531 1644 850 1683 lucubrationes.
910 1642 1016 1681 Cum
1043 1642 1088 1680 in
1114 1642 1203 1692 ipso
1232 1654 1438 1690 grassarer
1457 1653 1587 1690 opere,
1611 1652 1746 1689 saepe·

142 1723 316 1750 numero
331 1709 594 1748 stomachum
608 1709 661 1747 ob
675 1709 733 1747 rei
753 1708 1048 1758 indignitatem
1068 1707 1404 1745 efferuescentem
1419 1704 1606 1744 cohibuit
1624 1705 1742 1754 ratio,

141 1775 294 1826 vbique
330 1774 591 1813 dissimulare
635 1787 720 1812 non
758 1774 886 1824 potui.
944 1772 999 1810 Et
1036 1774 1178 1810 tamen
1216 1771 1386 1821 posthac
1424 1769 1744 1809 moderatiorem

142 1840 284 1880 fecerit
313 1840 420 1878 mira
444 1840 703 1889 quorundam
732 1839 963 1878 morositas.
1023 1837 1191 1876 Etenim
1221 1837 1256 1875 si
1286 1850 1366 1885 qua
1395 1836 1485 1874 fieri
1513 1835 1654 1885 possit,
1686 1835 1745 1873 ita
1764 1845 1805 1868 20

141 1906 307 1956 cupiam
335 1905 528 1954 prodesse
555 1904 707 1943 studiis
734 1907 780 1943 vt
810 1903 1024 1942 neminem
1052 1902 1225 1940 omnino
1253 1901 1494 1940 mortalium
1524 1900 1744 1938 offendam.

145 1971 196 2010 Id
223 1971 261 2009 si
285 1970 428 2009 minus
453 1969 671 2020 contingit,
692 1970 797 2007 lenit
824 1967 1017 2007 nonnihil
1042 1967 1151 2005 hanc
1178 1967 1416 2005 molestiam
1434 1965 1620 2015 primum
1644 1965 1746 2003 recti

145 2035 405 2083 conscientia,
427 2035 577 2073 deinde
597 2035 705 2084 quod
733 2035 868 2074 adhuc
893 2033 1043 2084 probor
1063 2045 1086 2071 a
1105 2031 1421 2082 probatissimis.
1482 2030 1537 2068 Et
1563 2043 1656 2079 spes
1683 2032 1746 2068 est

144 2103 232 2140 fore
249 2103 298 2140 vt
317 2101 427 2150 quod
447 2113 558 2139 nunc
576 2101 711 2150 placet
730 2100 926 2144 candidis,
947 2111 1047 2137 mox
1066 2098 1223 2148 placeat
1244 2097 1447 2136 omnibus.
1500 2096 1620 2134 Certe
1636 2095 1745 2145 quod

146 2168 362 2206 indoctum
382 2165 436 2204 sit
456 2168 529 2204 aut
547 2166 738 2215 impium,
759 2165 867 2204 absit
887 2166 933 2204 vt
959 2165 1065 2204 mihi
1087 2176 1272 2214 vnquam
1294 2162 1467 2212 placeat,
1485 2161 1556 2200 vel
1574 2161 1619 2199 in
1639 2161 1746 2200 meis
1765 2170 1804 2203 25

145 2233 276 2283 ipsius
294 2231 424 2270 libris.
481 2232 594 2269 Bene
613 2231 713 2270 vale.

200 2298 326 2347 Apud
346 2298 393 2336 R.
417 2297 464 2335 P.
487 2296 725 2345 episcopum
748 2295 1023 2334 Basiliensem
1042 2296 1089 2333 tu
1116 2295 1179 2333 fac
1205 2293 1312 2332 mihi
1339 2293 1398 2332 sis
1417 2292 1613 2342 epistolae
1639 2291 1741 2329 vice.

148 2361 333 2410 Memini,
352 2361 528 2399 memini
546 2374 789 2410 semperque
802 2361 1043 2407 meminero,
1063 2361 1269 2409 quantum
1285 2358 1348 2396 illi
1363 2358 1532 2397 debeam
1551 2355 1742 2407 principi.

200 2426 420 2465 Bruxellae
439 2426 512 2465 cal.
535 2426 742 2465 Ianuariis
760 2426 897 2464 Anno.
921 2438 1100 2465 M.D.xv1.

329 2536 425 2576 508.
485 2533 617 2576 FRon
650 2535 872 2576 WILLIAM
905 2535 1105 2583 BLOUNT,
1138 2533 1266 2575 LoRD
1298 2532 1563 2573 MOUNTJOY.

196 2626 383 2661 Deventer
398 2623 476 2660 MS.
496 2635 553 2669 91,
570 2624 596 2659 f.
620 2625 686 2669 196
702 2629 754 2659 νο.
1416 2621 1599 2665 Tournay.

198 2683 270 2718 LB.
289 2683 385 2728 App.
405 2693 462 2726 44.
1316 2690 1337 2722 4
1354 2679 1522 2722 January
1543 2676 1698 2723 (1517).

455 2752 571 2793 [1517,
587 2752 733 2782 because
750 2751 787 2782 of
799 2750 863 2781 the
883 2753 992 2787 [Νομία
1010 2749 1067 2790 (cf.
1085 2749 1148 2789 Ep.
1168 2749 1229 2786 461
1248 2745 1429 2788 introd.).]

205 2821 415 2860 LITTERAS
447 2821 540 2857 tuas
572 2818 701 2856 simul
731 2819 773 2856 et
802 2817 957 2855 librum
989 2817 1037 2854 de
1064 2815 1239 2865 Vtopiae
1274 2814 1415 2852 insula
1442 2827 1466 2852 a
1493 2815 1534 2851 te
1567 2813 1747 2852 missum

149 2886 287 2936 accepi
310 2884 545 2935 gratissimo
564 2885 672 2921 certe
697 2882 852 2930 animo,
872 2895 968 2920 cum
988 2883 1030 2920 et
1049 2881 1212 2919 litterae
1230 2879 1435 2930 profectae
1458 2877 1544 2918 sint
1563 2892 1587 2917 a
1604 2880 1646 2917 te
1664 2878 1748 2917 mei

195 2961 268 2992 507.
296 2970 327 2991 2.
351 2960 465 2991 amico
483 2961 520 2990 C:
545 2958 637 2988 mihi
652 2959 692 2988 N.
801 2966 850 2987 11.
876 2957 927 2987 rei
943 2959 1017 2987 add.
1037 2959 1080 2989 H.
1170 2957 1224 2986 est
1240 2957 1314 2986 adel.
1330 2957 1374 2986 H.
1483 2963 1533 2985 12.
1556 2956 1606 2985 F:
1628 2953 1748 2985 litera·

153 3008 252 3037 turae
271 3007 299 3034 C.
431 3013 484 3035 20,
509 3002 632 3033 fecerit
651 3004 691 3032 C:
715 3000 796 3032 fecit
815 3003 857 3032 H.
