2010 3417
283 121 361 160 222
744 115 995 154 LETTERS
1032 113 1102 153 OF
1140 112 1406 152 ERASMUS
1746 109 1872 164 [1516

284 234 355 268 tua
391 226 552 267 officina
589 223 899 263 laudatissimos
934 223 1098 260 autores
1136 220 1372 271 suppeditat
1410 220 1582 268 Latinis,
1619 220 1798 270 Graecis,
1834 223 1876 260 et

286 291 487 332 Hebraeis
524 288 717 328 formulis
753 300 932 335 excusos,
975 289 1015 325 et
1052 286 1120 325 his
1163 285 1332 336 quidem
1376 285 1498 335 longe
1541 284 1871 335 elegantissimis.

250 373 266 403 5
288 355 557 396 Peculiariter
573 355 713 393 autem
733 354 920 391 nostram
946 350 1215 390 Germaniam
1238 350 1317 389 tibi
1342 350 1575 398 demereris,
1601 362 1724 400 quam
1746 350 1879 389 istius-

286 420 399 461 modi
413 419 589 459 subinde
603 418 724 457 nouis
738 417 924 456 illustras
939 415 1196 456 ornamentis
1211 428 1312 466 quae
1327 414 1414 454 sola
1426 427 1573 454 verum
1588 415 1628 452 et
1644 413 1880 454 immortale

288 487 410 526 decus
428 485 602 535 possunt
628 483 800 522 adferre.
859 483 998 531 Atque
1024 481 1185 520 vtinam
1212 480 1406 519 omnibus
1431 492 1560 530 aeque
1583 479 1695 518 cordi
1723 480 1777 518 sit
1802 479 1880 518 hoc

288 552 495 590 certamen
525 562 620 589 cum
647 548 768 587 Italis
797 547 1012 597 suscipere,
1035 546 1119 585 illis
1144 545 1377 594 innoxium,
1399 544 1594 584 omnibus
1619 544 1878 595 frugiferum,

288 630 333 656 ac
353 616 474 655 nobis
494 615 628 654 multo
652 613 871 665 gloriosius
897 625 1022 663 quam
1047 611 1082 650 si
1107 611 1320 651 barbarico
1347 611 1433 650 ritu
1459 611 1569 650 saxis
1594 624 1640 650 ac
1661 610 1768 649 ferro
1788 623 1884 649 cum

234 696 271 716 10
288 682 375 722 illis
394 681 673 720 decertemus:
702 678 908 729 siquidem
936 678 980 716 in
1007 691 1055 716 eo
1078 677 1271 716 conflictu
1298 677 1383 715 fere
1412 676 1484 726 qui
1503 676 1637 715 vincit
1662 675 1884 715 immanior

291 748 363 795 est,
395 746 467 796 qui
496 744 680 785 vincitur
708 743 1012 791 calamitosior;
1042 742 1088 780 in
1114 741 1193 780 hoc
1221 744 1263 780 et
1292 741 1363 792 qui
1394 746 1560 792 superat
1588 740 1885 780 beneficentior

291 814 352 850 est
371 813 413 850 et
434 810 506 861 qui
525 811 742 860 superatur
762 808 937 848 discedit
957 821 1001 846 se
1027 807 1116 857 ipso
1142 807 1300 846 melior.
1360 807 1599 845 Plurimum
1617 806 1746 857 igitur
1763 819 1885 846 verae

292 876 446 928 gloriae
466 878 558 914 tum
577 874 657 914 tibi
676 877 769 913 tum
787 873 1004 913 vniuersae
1026 873 1284 921 Germaniae,
1308 872 1390 910 nisi
1409 872 1538 921 fallor,
1561 872 1694 922 pariet
1714 871 1888 910 historia

293 955 365 993 per
399 941 661 989 Nauclerum,
695 938 1066 990 diligentissimum
1097 937 1312 977 hominem
1343 940 1384 977 et
1417 937 1532 976 velut
1565 938 1604 977 ei
1635 938 1694 976 rei
1726 939 1884 985 natum,

238 1022 275 1053 15
296 1007 541 1047 concinnata
555 1020 565 1055 ;
587 1005 693 1055 quod
709 1018 756 1044 ea
774 1017 869 1055 pars
887 1003 1137 1043 eruditionis
1152 1003 1219 1042 vel
1238 1003 1456 1053 praecipue
1476 1002 1677 1042 conducat
1690 1003 1741 1041 ad
1756 1002 1890 1042 vitam

296 1086 392 1112 cum
429 1072 548 1110 laude
594 1070 833 1120 degendam,
873 1069 909 1108 si
952 1069 1076 1108 modo
1121 1069 1305 1107 delectus
1343 1068 1452 1107 adsit
1494 1082 1575 1118 quo
1617 1069 1746 1107 lector
1792 1067 1891 1117 quid

297 1138 560 1185 imitandum,
587 1136 688 1187 quid
714 1135 962 1185 fugiendum
992 1134 1047 1172 sit
1073 1134 1296 1185 dignoscat.
1358 1133 1568 1172 Orationis
1595 1134 1778 1172 nitorem
1806 1145 1892 1171 non

297 1203 524 1243 admodum
561 1201 743 1252 requiret
780 1200 852 1251 qui
888 1200 1013 1238 modo
1049 1199 1287 1238 meminerit
1325 1199 1371 1238 in
1408 1198 1581 1238 historia
1619 1197 1726 1236 nihil
1767 1210 1894 1248 aeque

300 1269 570 1319 spectandum
595 1280 643 1306 ac
669 1266 804 1305 fidem.
864 1264 946 1304 Oro
970 1278 1138 1315 superos
1160 1266 1206 1304 vt
1232 1266 1304 1303 tua
1324 1264 1541 1311 industria,
1563 1277 1688 1313 quam
1715 1265 1778 1301 est
1799 1264 1894 1302 vsui

242 1348 281 1371 20
300 1333 458 1380 studiis,
493 1335 581 1371 tam
618 1334 712 1370 tuae
747 1344 907 1382 quoque
940 1330 1001 1368 rei
1034 1331 1246 1369 conducat,
1307 1328 1399 1368 Iam
1432 1328 1587 1379 passim
1620 1342 1692 1378 per
1725 1341 1894 1367 omnem

303 1398 568 1438 Germaniam
597 1396 860 1436 foelicissime
889 1395 1155 1434 subolescunt
1185 1394 1573 1433 honestissimarum
1608 1393 1745 1432 studia
1777 1392 1894 1432 disci·

300 1465 521 1515 plinarum,
537 1476 639 1513 quae
653 1461 814 1500 confido
829 1461 947 1500 breui
960 1461 1011 1500 ad
1026 1461 1192 1511 frugem
1207 1462 1456 1510 peruentura
1470 1461 1511 1498 te
1527 1458 1670 1509 tuique
1686 1458 1895 1497 similibus

303 1530 495 1581 gnauiter
513 1527 807 1566 adnitentibus.

356 1594 470 1634 Bene
490 1593 595 1633 vale.
655 1593 781 1632 Anno
803 1591 951 1630 salutis
972 1603 1151 1630 M.D.xv1.
1176 1590 1352 1629 Kalend.
1374 1589 1506 1640 April.

735 1760 830 1800 398.
892 1758 1024 1799 FROM
1055 1757 1241 1799 GEORGE
1274 1756 1488 1799 PRECELL.

351 1864 538 1900 Deventer
555 1862 632 1899 MS.
651 1872 708 1907 91,
728 1861 753 1896 f.
777 1871 840 1904 107
860 1865 910 1896 νῦ.

352 1921 425 1956 LB.
442 1922 535 1966 App.
557 1931 611 1966 57.

1667 1855 1768 1891 Ulm.

1586 1924 1602 1959 5
1624 1913 1731 1959 April
1754 1913 1855 1958 1516.

354 2002 505 2044 [Precell
522 2011 636 2034 seems
651 2002 688 2033 to
704 2000 795 2031 have
810 2001 900 2031 been
916 2009 935 2030 a
951 1998 1204 2039 parisii-priest
1221 1999 1258 2029 at
1270 1996 1367 2029 Ulm.
1415 1997 1473 2028 He
1490 1996 1521 2027 is
1537 1996 1688 2036 perhaps
1704 2004 1725 2026 a
1739 1994 1779 2025 ‘J
1783 1993 1901 2025 eorius

309 2047 448 2077 Pratzel
473 2046 516 2077 de
540 2045 681 2084 Nyeder
704 2043 966 2084 Eysenszheym
978 2043 998 2082 ⁹,
1022 2043 1061 2073 in
1084 2042 1285 2081 Wiirzburg
1309 2041 1456 2079 diocese,
1483 2040 1563 2070 who
1588 2036 1840 2070 matriculated
1862 2036 1900 2067 at

311 2089 531 2129 Heidelberg
550 2099 586 2120 11
601 2089 688 2127 Apr.
705 2089 787 2126 1496
799 2087 872 2118 and
881 2096 954 2117 was
968 2087 1056 2117 B.A.
1075 2087 1126 2126 (as
1141 2085 1296 2125 Bratzel)
1309 2095 1330 2124 9
1342 2085 1429 2115 Nov.
1447 2093 1539 2122 1497.
1578 2083 1624 2114 In
1636 2082 1694 2113 his
1710 2079 1900 2120 quotation

311 2134 401 2164 from
418 2133 480 2164 the
496 2135 624 2171 Adayia
640 2132 686 2162 he
701 2141 774 2162 was
789 2131 895 2170 using
911 2129 974 2161 the
991 2130 1129 2160 edition
1147 2128 1185 2160 of
1200 2129 1282 2168 1508
1299 2127 1361 2168 (a),
1379 2129 1442 2158 not
1458 2127 1540 2158 that
1556 2126 1593 2158 of
1609 2135 1691 2165 1515
1708 2123 1792 2166 (B).]

589 2207 809 2239 GEORGIVS
839 2205 1113 2236 PRECELLIVS
1142 2204 1355 2234 VLMANVS
1386 2202 1564 2233 ERASMO
1595 2202 1630 2233 S.

367 2290 544 2330 Ommvm
557 2288 798 2327 mortalium
811 2285 1165 2338 praestantissime
1177 2285 1252 2334 vir,
1268 2286 1341 2323 tua
1354 2282 1654 2334 spectatissima
1666 2278 1905 2320 humanitas

314 2355 561 2408 quibusdam
597 2352 869 2403 tempusculis
912 2350 1145 2398 transactis,
1191 2351 1236 2388 in
1273 2348 1447 2398 Adagiis
1490 2348 1576 2387 tuis
1615 2341 1904 2400 [Graecorum]

315 2420 540 2462 maioribus
578 2418 777 2458 cudendis
814 2418 863 2456 de
902 2417 1081 2467 quodam
1119 2415 1261 2454 libello
1299 2414 1532 2464 insignium
1569 2412 1907 2461 metaphorarum

357 2519 431 2550 398.
458 2527 522 2549 'mx
555 2520 715 2548 5021„qu
730 2518 797 2546 MS.
814 2526 820 2546 ε
845 2523 1044 2545 pmcnnmvs
1060 2515 1121 2543 LB.
1235 2523 1265 2543 2.
1291 2512 1507 2543 Graecorum
1523 2512 1588 2541 etc.
1604 2512 1735 2547 seposui.
1754 2512 1905 2545 tanquam

315 2574 333 2593 (ι
350 2565 450 2594 scriba
466 2564 574 2592 minus
589 2563 705 2591 literato
723 2562 757 2590 in
777 2561 916 2589 medium
936 2560 1107 2588 contextum
1127 2558 1282 2587 translata
1302 2566 1339 2586 ex
1359 2556 1529 2593 marqinali
1549 2556 1659 2593 spa-tio,
1678 2555 1727 2583 vbi
1742 2553 1905 2583 Precezlius

306 2609 447 2643 forsitan
458 2606 674 2636 Graecarum
687 2604 722 2634 et
733 2603 945 2634 Latinarum
956 2603 1120 2638 scripserit,
1130 2603 1198 2638 post
1206 2599 1498 2639 metaphorarum
1508 2599 1661 2629 addenda.
1703 2597 1748 2633 Cf.
1760 2597 1791 2627 ll.
1808 2604 1859 2633 14,
1868 2602 1901 2632 5.

361 2704 435 2735 397.
457 2714 505 2742 14.
526 2701 760 2742 Nauclerum]
782 2701 879 2732 John
896 2701 1021 2740 Verge,
1038 2709 1077 2730 or

316 2746 560 2788 Vergenhans,
575 2747 667 2777 born
679 2746 718 2776 in
735 2746 818 2783 1428
830 2744 878 2784 (‘?)
893 2744 931 2774 of
939 2754 960 2774 a
972 2743 1077 2774 noble

318 2791 482 2821 Swabian
505 2789 642 2829 family.
691 2789 737 2820 In
762 2797 845 2826 1450
867 2787 913 2818 he
935 2787 1078 2818 became

321 2836 418 2864 tutor
433 2835 471 2864 to
486 2833 548 2864 the
567 2842 685 2872 young
708 2831 893 2863 Eberhard
911 2832 960 2862 im
977 2830 1074 2861 Bart.

320 2877 374 2907 On
426 2875 638 2907 Eberhard's
686 2875 862 2906 accession
906 2875 946 2905 in
995 2883 1078 2913 1459

321 2918 514 2950 Nauclerus
541 2918 701 2950 received
732 2928 752 2949 a
782 2917 1010 2957 Provostship
1040 2919 1078 2948 at

321 2962 496 3002 Stuttgart
511 2973 519 3001 ;
542 2962 614 2994 and
630 2962 669 2992 in
689 2971 769 3000 1477
787 2971 833 2992 on
849 2961 911 2992 the
932 2960 1078 2992 founda-

1143 2699 1222 2730 tion
1240 2698 1279 2729 of
1298 2697 1361 2729 the
1376 2695 1589 2735 University
1605 2694 1642 2726 of
1661 2694 1846 2732 Tiibingen
1861 2691 1908 2723 he

1143 2751 1218 2773 was
1228 2740 1423 2781 appointed
1437 2739 1617 2770 Professor
1627 2738 1664 2769 of
1677 2737 1799 2768 Canon
1812 2736 1905 2774 Law,

1145 2785 1217 2816 and
1247 2786 1288 2817 in
1314 2784 1396 2823 1478
1421 2782 1642 2814 Chaneellor.
1687 2779 1782 2811 Both
1807 2779 1908 2810 these

1145 2828 1261 2860 offices
1280 2828 1327 2859 he
1348 2826 1433 2857 held
1455 2825 1515 2857 till
1539 2825 1597 2856 his
1619 2823 1727 2855 death
1749 2823 1791 2853 in
1811 2831 1904 2860 1510.

1146 2872 1210 2903 See
1235 2871 1340 2903 Steiff
1362 2869 1444 2908 and,
1469 2869 1523 2901 for
1545 2878 1566 2900 a
1589 2866 1761 2899 criticism
1787 2865 1826 2896 of
1845 2864 1909 2895 the

1147 2913 1346 2954 Chronicle,
1386 2913 1508 2952 ADB.‚
1543 2911 1635 2942 with
1673 2909 1735 2940 the
1771 2917 1911 2939 sources

1146 2960 1249 2990 there
1266 2956 1418 2998 quoted;
1443 2956 1515 2988 also
1532 2954 1603 2986 RE.
1622 2954 1664 2984 62
1681 2951 1753 2984 and
1770 2951 1840 2983 66².
