2010 3417
256 148 338 188 488
718 145 969 184 LETTERS
1007 145 1077 183 OF
1114 144 1381 183 ERASMUs

1727 140 1850 194 [1517

257 261 425 298 tantum
453 257 646 303 Maximo,
668 258 710 294 et
740 255 960 294 Francisco
990 254 1222 293 Galliarum
1255 254 1365 304 Rege
1393 267 1479 292 non
1508 254 1649 292 minus
1677 251 1855 301 egregiis

257 323 376 363 factis
413 335 539 372 quam
577 321 743 360 solenni
789 320 1033 369 cognomine
1068 319 1436 358 Christianissimo.
1520 318 1633 357 Huic
1679 330 1775 356 cum
1813 318 1855 354 et

257 389 423 427 animus
443 389 484 426 et
503 400 601 437 opes
628 386 687 425 sic
714 385 765 425 ad
783 385 944 424 bellum
972 385 1201 436 gerendum
1230 386 1427 435 superent
1445 385 1492 422 vt
1521 383 1681 422 nemini
1709 382 1856 433 princi-

202 472 238 503 15
256 467 359 504 pum
379 453 523 503 magis,
539 454 679 491 tamen
708 451 891 501 grauiter
919 451 1179 501 perpendens
1207 449 1447 489 huiusmodi
1474 449 1711 499 principum
1738 448 1857 487 dissi-

259 519 339 558 diis
357 520 399 557 et
419 517 797 557 conflictationibus
818 518 859 555 et
882 516 1219 555 Christianorum
1247 516 1356 555 vires
1383 529 1562 566 opesque
1576 513 1855 563 maximopere

258 583 509 633 labefactari,
539 584 581 622 et
609 582 796 621 ediuerso
826 584 991 621 nostrae
1027 582 1244 632 religionis
1282 581 1472 620 hostibus
1501 593 1598 631 opes
1626 582 1668 618 et
1695 579 1859 617 animos

257 649 380 698 addi3
410 651 513 697 tum,
544 661 646 698 quae
677 647 809 686 maior
842 647 970 686 etiam
995 647 1135 697 pestis,
1168 647 1364 697 quicquid
1390 648 1451 686 est
1484 660 1604 685 verae
1631 643 1855 695 religionis,

259 714 457 765 quicquid
476 714 682 752 bonarum
703 713 855 763 legum,
878 712 1075 763 quicquid
1104 713 1244 751 ciuilis
1271 712 1526 762 disciplinae,
1549 709 1746 762 quicquid
1771 721 1859 759 pro·

203 799 242 821 20
259 779 406 819 borum
433 793 607 828 morum,
634 778 829 829 quicquid
858 778 1131 817 honestarum
1154 778 1321 826 artium,
1349 777 1524 817 militari
1552 776 1722 815 licentia
1749 775 1860 813 inter

259 845 445 885 assiduos
477 858 691 884 armorum
720 844 903 894 crepitus
930 846 1003 882 aut
1031 844 1252 882 intermori
1275 857 1446 894 prorsus
1475 844 1547 881 aut
1576 843 1683 881 certe
1708 841 1858 891 frigere

259 911 555 959 vehementer3
598 923 755 960 proque
775 909 844 948 his
863 909 992 947 semel
1011 909 1257 948 vniuersum
1277 909 1483 948 malorum
1505 910 1546 947 et
1574 907 1860 946 calamitatum

260 990 410 1027 agmen
429 976 630 1015 inundare
648 975 694 1013 in
714 975 848 1013 vitam
867 975 1132 1014 mortalium:
1178 974 1288 1012 nihil
1308 988 1394 1013 non
1413 976 1508 1013 tum
1527 973 1626 1012 facit
1645 975 1739 1012 tum
1758 971 1861 1022 pati-

260 1044 330 1080 tur
357 1041 636 1081 submouendi
665 1040 765 1079 belli
794 1041 986 1091 pacisque
1016 1040 1367 1090 conglutinandae
1397 1040 1564 1088 studi0;
1604 1038 1672 1077 his
1701 1050 1862 1088 quoque

203 1123 241 1155 ²5
260 1108 369 1147 vltro
396 1107 650 1147 submittens
679 1119 768 1145 sese
794 1105 944 1156 quibus
969 1106 1292 1156 haudquaquam
1323 1118 1396 1155 par
1424 1108 1521 1154 erat,
1543 1105 1578 1143 si
1604 1103 1864 1143 celsitudinis

261 1186 306 1211 ac
338 1173 555 1223 dignitatis
581 1185 679 1211 suae
711 1172 918 1210 rationem
950 1171 1102 1210 habere
1149 1172 1366 1211 maluisset
1402 1185 1527 1221 quam
1567 1169 1864 1210 communibus

261 1239 410 1277 mundi
429 1238 658 1277 commodis
678 1237 892 1276 consulere
908 1251 919 1285 ;
948 1237 1024 1276 hac
1045 1237 1213 1287 quidem
1234 1238 1279 1276 in
1309 1251 1363 1286 re,
1387 1238 1495 1276 sicut
1522 1237 1567 1275 in
1587 1235 1758 1275 caeteris
1778 1247 1863 1273 om-

261 1305 397 1353 nibus,
418 1306 606 1342 animum
626 1317 720 1342 vere
741 1303 967 1341 sublimem
986 1316 1032 1341 ac
1052 1316 1247 1352 germane
1268 1303 1429 1353 regium
1449 1305 1649 1353 prestans·

318 1370 465 1420 Itaque
504 1370 725 1419 postquam
754 1368 873 1407 video
903 1381 1089 1407 summos
1120 1368 1233 1406 orbis
1262 1368 1482 1418 principes,
1517 1368 1675 1419 Regem
1704 1365 1864 1405 Galliae

205 1450 245 1481 30
262 1435 540 1483 Franciscum,
562 1434 757 1474 Carolum
777 1433 934 1483 Regem
954 1433 1228 1482 Catholicum,
1253 1434 1408 1483 Regem
1421 1433 1599 1482 Angliae
1614 1432 1864 1479 Henricum,

263 1501 481 1540 Caesarem
502 1499 846 1547 Maximilianum,
871 1499 1060 1538 funditus
1080 1499 1220 1538 recisis
1239 1499 1445 1538 bellorum
1467 1498 1701 1549 seminariis
1720 1509 1864 1547 pacem

263 1563 408 1602 solidis
437 1565 489 1611 et,
512 1563 575 1602 vti
601 1575 728 1612 spero,
755 1562 1035 1601 adamantinis
1063 1562 1245 1601 vinculis
1273 1562 1530 1611 astrinxisse,
1553 1561 1757 1599 nimirum
1786 1573 1865 1598 cer-

263 1631 350 1667 tam
367 1629 411 1667 in
428 1641 542 1678 spem
559 1641 682 1667 vocor
696 1628 784 1665 fore
796 1628 844 1665 vt
859 1641 944 1665 non
960 1627 1096 1666 solum
1110 1627 1227 1677 probi
1239 1641 1375 1666 mores
1387 1627 1602 1677 pietasque
1615 1625 1863 1671 Christiana,

263 1707 410 1733 verum
436 1694 562 1732 etiam
591 1693 847 1744 purgatiores
875 1692 969 1731 illae
999 1706 1045 1731 ac
1073 1706 1290 1743 germanae
1318 1692 1460 1731 literae
1488 1706 1534 1731 ac
1563 1691 1867 1741 pulcherrimae

206 1772 245 1803 35
265 1759 506 1809 disciplinae
544 1759 698 1809 partim
737 1758 989 1797 reuiuiscant
1026 1758 1180 1808 partim
1218 1758 1476 1798 enitescant:
1514 1758 1734 1807 presertim
1772 1769 1867 1795 cum

264 1825 342 1863 hoc
369 1838 528 1876 quoque
548 1825 639 1875 pari
665 1825 804 1863 studio
824 1824 908 1862 iam
927 1826 1058 1873 agunt
1078 1824 1254 1863 diuersis
1274 1825 1424 1863 mundi
1442 1823 1689 1874 regionibus,
1714 1823 1868 1861 Romae

264 1891 347 1929 Leo
385 1891 431 1929 P.
474 1891 541 1939 Μ.,
584 1890 693 1940 apud
737 1889 949 1939 Hispanos
992 1889 1225 1928 Cardinalis
1269 1890 1522 1937 Toletanus3
1561 1888 1668 1939 apud
1707 1887 1869 1937 Anglos

266 1956 355 1994 Rex
375 1956 585 1994 Henricus
606 1956 694 1994 eius
724 1955 911 1993 nominis
945 1957 1126 2003 octauus,
1166 1967 1240 1993 nec
1267 1955 1356 2004 ipse
1382 1954 1597 1993 literarum
1621 1953 1869 2004 imperitus;

265 2021 374 2070 apud
407 2034 484 2060 nos
522 2022 609 2060 Rex
641 2021 824 2070 Carolus,
846 2020 1012 2059 diuinae
1037 2021 1253 2060 cuiusdam
1284 2021 1440 2059 indolis
1467 2020 1732 2067 adolescens3
1761 2018 1869 2069 apud

205 2105 247 2136 40
267 2087 410 2126 Gallos
444 2087 533 2125 Rex
563 2086 807 2126 Franciscus
826 2086 924 2125 huic
950 2086 1120 2136 negocio
1139 2086 1271 2125 veluti
1296 2088 1432 2135 natus,
1454 2086 1527 2136 qui
1543 2085 1714 2135 premiis
1743 2084 1869 2124 etiam

267 2152 541 2202 amplissimis
571 2152 728 2190 inuitat
744 2154 784 2190 et
818 2152 950 2191 allicit
976 2152 1251 2202 vndecunque
1282 2151 1394 2190 viros
1419 2151 1574 2190 virtute
1603 2149 1871 2200 doctrinaque

267 2217 590 2267 praecellentes;
619 2217 728 2267 apud
757 2219 989 2256 Germanos
1015 2230 1110 2256 cum
1135 2217 1208 2256 alii
1231 2217 1465 2267 complures
1488 2216 1641 2266 egregii
1662 2216 1871 2265 principes

269 2285 309 2321 et
339 2283 528 2333 episcopi,
552 2284 644 2321 tum
672 2283 888 2333 praecipue
918 2283 1230 2322 Maximilianus
1260 2284 1425 2331 Caesar,
1445 2281 1562 2320 cuius
1589 2282 1782 2319 senectus
1808 2282 1870 2318 tot

268 2348 353 2386 iam
373 2347 495 2386 bellis
513 2348 620 2386 fessa
638 2348 683 2386 in
708 2348 818 2398 pacis
837 2348 997 2387 artibus
1016 2348 1199 2387 decreuit
1218 2347 1477 2397 acquiescere
1493 2361 1503 2385 z
1545 2347 1652 2397 quod
1676 2346 1804 2385 simul
1830 2347 1872 2384 et

210 2422 249 2453 45
269 2413 400 2463 ipsius
418 2413 544 2452 aetati
564 2414 699 2464 magis
719 2414 843 2452 fuerit
863 2415 1058 2453 decorum
1079 2416 1120 2453 et
1141 2414 1231 2452 orbi
1247 2413 1486 2453 Christiano
1499 2411 1671 2451 felicius.
1705 2412 1871 2451 Horum

316 2516 364 2545 16.
389 2516 426 2545 et
442 2514 770 2546 conflictationibus
788 2518 810 2545 O
821 2526 828 2546 ;
854 2515 1256 2554 conflictationibusque
1272 2517 1308 2546 F.
1411 2524 1465 2552 30.
1492 2513 1724 2545 Franciscum
1742 2516 1815 2545 add.
1833 2515 1869 2544 F.

271 2558 472 2589 Heni-icum
489 2561 561 2589 add.
580 2561 616 2590 F.
712 2568 766 2597 34.
792 2568 832 2589 ac
848 2558 1114 2598 pulcherrimae
1132 2562 1173 2589 C:
1196 2558 1533 2598 pulcherrimaeque
1546 2560 1582 2589 F.
1684 2559 1737 2597 36.
1762 2559 1871 2597 agant

272 2602 313 2631 0².
445 2612 498 2638 42.
521 2601 779 2640 praecellentes
797 2605 826 2642 C,
844 2604 881 2639 cs.
901 2605 960 2639 Ep.
980 2612 1054 2642 533.
1072 2612 1114 2642 23
1130 2614 1137 2634 z
1163 2601 1380 2632 excellentes
1395 2605 1431 2632 F.

313 2711 368 2740 37.
412 2701 622 2742 Toletanus]
682 2702 806 2733 Franc.
865 2701 1036 2733 Ximenes

1104 2702 1257 2741 Aragon.
1306 2701 1419 2731 Three
1443 2701 1568 2731 letters
1590 2700 1796 2740 exchauged
1817 2701 1871 2731 be-

274 2744 425 2784 (1436—
436 2746 455 2774 8
467 2745 552 2776 Nov.
570 2745 676 2785 1517),
691 2746 753 2776 the
769 2744 948 2776 confessor
962 2746 1035 2776 and

1103 2746 1221 2776 tween
1238 2745 1316 2776 him
1333 2745 1404 2775 and
1417 2745 1520 2775 Chas.
1533 2743 1652 2774 Bovill
1668 2745 1709 2774 in
1725 2753 1874 2783 1509-10

272 2789 467 2818 councillor
489 2788 526 2819 of
547 2789 710 2827 Isabella,
728 2789 820 2828 Abp.
846 2789 884 2819 of
903 2788 1035 2819 Toledo

274 2840 366 2869 1495,
395 2832 565 2862 Cardinal
594 2841 697 2871 1507;
730 2832 793 2863 the
822 2832 1036 2863 munificent

273 2875 424 2904 founder
446 2875 483 2905 of
500 2875 623 2906 Alcala
642 2876 855 2915 University
876 2877 915 2906 in
940 2885 1034 2916 1500,

274 2917 344 2946 and
382 2917 443 2948 the
481 2920 662 2957 promotor
699 2919 735 2949 of
772 2920 834 2949 the
873 2919 1035 2958 Polyglot

274 2960 385 2990 Bible.
432 2961 486 2991 On
508 2961 742 2993 Ferdinand's
763 2963 871 2993 death
895 2963 934 2993 in
949 2963 1030 2994 Jan.

277 3004 359 3040 1516
376 3003 419 3033 he
440 3004 579 3034 became
599 3005 734 3045 Regent
755 3006 793 3036 of
810 3006 941 3037 Castile
962 3006 1031 3036 and

1105 2798 1163 2819 are
1200 2788 1345 2828 printed
1375 2788 1414 2818 in
1451 2788 1512 2818 the
1549 2786 1686 2818 latter's
1717 2790 1808 2818 Liber
1837 2789 1873 2818 de

1104 2834 1262 2870 intellectu,
1286 2832 1396 2869 Paris,
1423 2832 1469 2862 H.
1497 2831 1711 2870 Stephanus,
1744 2840 1758 2860 1
1789 2831 1870 2861 Feb.

1108 2875 1199 2917 1513,
1227 2876 1260 2907 ff.
1287 2874 1323 2914 y8
1347 2878 1394 2906 νο.
1418 2874 1489 2905 and
1512 2885 1538 2905 Ζ.
1597 2875 1661 2905 See
1685 2874 1873 2905 Ciaconius

1104 2919 1156 2949 iii.
1192 2919 1333 2959 263-88,
1367 2918 1564 2958 Creighton
1595 2929 1627 2949 v.
1665 2918 1764 2958 108,9
1799 2916 1872 2948 and

1104 2962 1210 3043 ΝΙΞΞΪ.
1227 3004 1452 3046 Ε16116156115]
1476 3004 1528 3036 Cf.
1545 3004 1604 3045 Ep.
1623 3013 1697 3044 533.
