2010 3417
120 111 223 166 481]
609 111 762 151 FROM
799 111 1036 152 THOMAS
1074 111 1230 151 MORE
1636 112 1712 150 371

118 224 412 274 archetypam3
445 222 516 262 sed
549 222 656 262 hauc
685 223 865 261 nimium
893 221 1170 272 archetypam,
1198 222 1350 273 quippe
1379 222 1438 261 ita
1466 224 1712 272 expunctam

117 291 244 339 atque
267 287 507 337 interlitam,
532 289 578 326 vt
605 287 690 326 nisi
717 287 767 326 ab
788 299 835 325 eo
866 286 937 337 qui
961 287 1126 338 scripsit
1153 286 1236 337 legi
1261 287 1430 327 omnino
1456 300 1543 327 non
1571 288 1711 339 possit,

120 357 242 405 atque
261 353 372 393 haud
392 353 476 393 scio
494 366 548 392 an
567 352 618 392 ab
637 352 710 391 illo
730 352 867 392 etiam.

173 419 354 459 Litterae
371 421 465 458 tuae
485 421 607 469 atque
633 417 734 457 item
761 430 877 456 meae
903 416 1052 468 quibus
1071 417 1338 457 hortabamur
1358 418 1646 457 Lathimerum
1665 420 1712 458 vt

119 498 252 524 vnum
279 487 351 523 aut
378 484 557 522 alterum
582 495 770 522 mensem
794 482 953 521 viueret
976 482 1085 532 apud
1113 483 1360 530 Roffensem,
1384 484 1516 523 serius
1541 483 1589 522 ad
1617 497 1713 523 eum

119 552 329 597 venerant,
365 549 516 599 quippe
553 549 624 599 qui
662 548 748 587 iam
786 547 1021 586 decreuerat
1059 547 1262 587 Oxoniam
1300 550 1464 598 petere3
1508 550 1616 600 quod
1650 551 1713 590 vti

118 615 326 665 tantisper
358 614 551 662 differret,
583 612 702 652 nullo
730 614 846 662 pacto
876 612 1011 662 quiuit
1040 613 1290 662 persuaderi.
1352 613 1441 653 Scis
1471 614 1712 655 huiusmodi

118 679 357 731 philosophi
377 692 502 729 quam
521 677 804 718 immutabiles
818 676 987 716 sibimet
1003 677 1113 727 leges
1133 677 1221 716 siue
1235 690 1309 717 sua
1329 678 1490 718 decreta
1500 677 1687 733 (faciant)
1702 695 1712 729 3
1736 701 1750 722 2

118 745 237 784 credo
257 745 368 794 quod
389 744 646 783 delectentur
666 742 910 782 constantia.
958 742 1100 781 Placet
1119 743 1156 781 ei
1172 743 1440 782 vehementer
1457 746 1529 784 tua
1549 759 1714 785 conuer-

116 811 180 849 sio
201 809 308 848 Noui
327 809 597 857 Testamenti,
617 809 662 847 in
681 822 760 859 qua
785 809 927 847 tamen
953 807 1018 846 illi
1045 807 1276 858 religiosior
1294 808 1448 848 videris
1477 823 1564 848 esse
1585 824 1712 861 quam

117 875 255 914 vellet.
315 874 409 913 Non
442 875 574 924 placet
607 875 644 912 ei
678 873 787 924 quod
820 873 980 913 sabbati
1009 886 1153 912 vocem
1187 874 1415 925 reliqueris,
1436 876 1477 913 et
1511 876 1712 926 quaedam

116 941 228 990 talia,
249 953 354 990 quae
373 942 420 979 tu
440 940 640 979 mutanda
658 941 729 978 aut
749 952 833 977 non
861 938 1059 978 censuisti
1085 940 1157 979 aut
1176 952 1324 978 non.es
1343 952 1478 979 ausus.
1539 941 1619 981 Sed
1639 942 1712 981 ille

117 1007 286 1046 nullum
333 1019 500 1057 prorsus
536 1006 712 1044 verbum
755 1004 943 1044 admittit
980 1005 1089 1055 quod
1134 1005 1333 1044 Romanis
1374 1006 1542 1046 auribus
1588 1007 1715 1048 fuerit
1736 1027 1773 1059 25

117 1073 313 1111 insolens.
373 1071 559 1110 Laudaui
586 1070 789 1110 iudicium
816 1070 904 1109 eius
934 1072 1138 1120 quatenus
1161 1070 1423 1110 Hebreorum
1446 1084 1511 1110 res
1535 1085 1581 1112 ac
1605 1073 1712 1112 ritus

117 1139 368 1187 paterentur.
428 1137 646 1176 Caeterum
674 1148 770 1174 sum
802 1135 993 1174 hortatus
1022 1135 1080 1185 (id
1114 1136 1222 1186 quod
1252 1136 1434 1176 facturus
1462 1137 1642 1186 videtur)
1666 1140 1712 1177 vt

116 1202 283 1253 singula
309 1201 435 1240 verba
462 1214 564 1252 quae
593 1200 666 1239 ille
694 1200 812 1239 aliter
837 1201 945 1240 verti
966 1201 1179 1251 voluisset,
1201 1201 1397 1241 adnotata
1428 1203 1480 1242 ad
1513 1205 1555 1242 te
1584 1206 1713 1243 trans-

115 1269 302 1306 mitteret
333 1279 428 1305 cum
467 1266 620 1306 iudicio
653 1279 741 1305 suo.
812 1265 904 1304 Hoc
938 1266 1075 1305 studio
1109 1266 1199 1305 eius
1241 1267 1325 1306 scio
1365 1270 1406 1306 te
1442 1268 1712 1309 vehementer

115 1332 370 1381 gauisurum.

170 1397 251 1436 Sed
284 1396 356 1435 alii
382 1397 492 1444 sunt,
517 1396 689 1434 Erasme
722 1395 971 1444 charissime,
995 1398 1067 1447 qui
1092 1397 1360 1437 coniurarunt
1378 1398 1485 1448 apud
1506 1411 1582 1438 nos
1601 1399 1710 1438 haud

115 1462 245 1501 simili
264 1461 405 1500 animo
430 1463 502 1500 tua
527 1462 675 1511 scripta
702 1461 934 1511 perlegere;
975 1475 1152 1512 quorum
1177 1464 1266 1502 tam
1294 1464 1551 1502 horrendum
1579 1466 1711 1504 consi-

115 1527 223 1566 lium
254 1539 321 1566 me
354 1525 562 1565 sollicitat.
624 1525 771 1576 Itaque
803 1539 856 1565 ne
888 1540 1083 1578 properes
1117 1528 1235 1566 edere
1267 1542 1370 1578 quae
1403 1541 1515 1568 nunc
1543 1530 1712 1569 edidisti

116 1592 315 1643 quoniam
334 1604 475 1631 serum
495 1593 558 1630 est
583 1591 812 1638 consulere,
831 1592 909 1631 hoc
935 1592 1085 1631 saltem
1110 1592 1188 1631 tibi
1213 1607 1286 1643 pro
1314 1607 1406 1633 mea
1425 1594 1471 1633 in
1497 1596 1537 1634 te
1564 1595 1644 1634 fide
1664 1608 1709 1634 ac

117 1657 400 1697 sollicitudine
437 1656 589 1695 suadeo
623 1659 664 1695 te
701 1670 931 1707 quaesoque
969 1659 1090 1708 atque
1129 1658 1321 1707 obtestor,
1350 1660 1397 1698 vt
1434 1659 1619 1698 celeriter
1651 1660 1710 1700 ita
1731 1676 1747 1706 3

116 1735 329 1761 recenseas
377 1723 498 1772 atque
548 1722 742 1761 emendes
791 1722 940 1770 omnia,
982 1722 1044 1762 vti
1087 1723 1313 1762 minimum
1355 1737 1529 1775 vsquam
1572 1725 1708 1765 locum

116 1787 326 1838 relinquas
365 1787 620 1835 calumniae3
668 1787 819 1837 quippe
864 1787 981 1826 cuius
1023 1788 1254 1827 occasiones
1300 1802 1444 1828 omnes
1479 1790 1708 1830 acutissimi

116 1853 292 1903 quidam·
305 1851 386 1890 viri
404 1852 678 1891 decreuerunt
703 1854 744 1891 et
770 1853 1046 1902 peruestigare
1070 1853 1289 1903 diligenter
1311 1856 1351 1893 et
1373 1855 1553 1894 libenter
1576 1856 1710 1895 auide—

115 1932 198 1968 que
226 1917 415 1967 arripere.
471 1917 552 1966 Qui
580 1920 691 1967 sunt,
718 1918 869 1969 inquis,
892 1919 970 1958 hi‘?
1027 1918 1251 1958 Nominare
1279 1920 1460 1970 profecto
1479 1934 1633 1971 vereor,
1654 1934 1708 1960 ne

1733 1351 1773 1381 50

116 1983 195 2022 tibi
228 1982 413 2021 concidat
445 1982 610 2021 animus
643 1984 797 2022 terrore
830 1985 917 2023 tam
950 1984 1184 2034 potentium
1215 1985 1399 2024 hostium
1416 2000 1425 2034 ;
1469 1985 1540 2025 sed
1570 1986 1706 2026 dicam
1728 2010 1771 2040 40

115 2050 268 2095 tamen,
314 2061 394 2098 quo
447 2047 521 2086 fias
569 2048 763 2087 videlicet
821 2049 988 2088 cautior.
1066 2049 1266 2089 Summus
1311 2050 1383 2089 ille
1426 2064 1551 2101 quem
1595 2052 1709 2091 nosti

115 2113 334 2163 theologus
363 2113 671 2162 Franciscanus,
702 2113 817 2152 cuius
845 2115 892 2152 tu
920 2114 1189 2154 honorificam
1217 2115 1350 2154 fecisti
1377 2117 1632 2156 mentionem
1660 2117 1707 2156 in

114 2178 293 2218 editione
312 2178 574 2229 Hieronymi,
596 2179 702 2217 inita
721 2179 1001 2218 coniuratione
1021 2193 1116 2218 cum
1142 2181 1381 2220 lectissimis
1400 2181 1502 2221 viris
1521 2182 1708 2221 eiusdem

114 2241 274 2280 ordinis
293 2242 334 2279 et
353 2240 509 2279 farinae
531 2240 749 2279 constituit
768 2243 910 2280 contra
934 2244 1016 2289 tua,
1039 2242 1074 2281 si
1100 2256 1181 2292 qua
1200 2242 1388 2282 inuenire
1407 2244 1547 2294 possit,
1573 2247 1708 2284 errata

116 2307 303 2345 scribere.
362 2307 504 2357 Atque
525 2306 568 2345 id
595 2320 675 2356 quo
700 2307 830 2357 possit
855 2307 1016 2346 facilius
1042 2308 1131 2347 fieri
1150 2310 1271 2359 atque
1289 2309 1501 2359 efficacius,
1524 2310 1705 2349 coniura-
1723 2332 1766 2365 45

164 2424 212 2454 19.
242 2415 448 2447 huiusmodi
478 2417 683 2458 philosophi
715 2441 723 2449 .
758 2442 765 2449 .
796 2442 805 2450 .
840 2428 892 2451 20.
927 2420 1001 2450 siue
1032 2429 1106 2450 corr.
1132 2421 1292 2450 Erasmus
1321 2423 1384 2457 ipse
1407 2429 1464 2456 pro
1494 2420 1705 2451 hominibus

117 2458 340 2498 philosophis
355 2483 364 2491 .
386 2483 393 2490 .
410 2483 419 2490 .
440 2460 514 2491 sint
529 2472 550 2492 a
560 2464 669 2498 prima
685 2472 785 2493 mame
800 2465 957 2499 scriptum.

165 2576 214 2606 16.
241 2574 416 2615 Litterae]
441 2575 492 2606 Cf.
515 2576 579 2615 Ep.
602 2578 677 2615 468.
699 2586 738 2608 10
751 2587 786 2609 n.
943 2578 1035 2608 with
1056 2578 1184 2617 Henry
1201 2578 1385 2618 Standish,
1401 2579 1492 2609 later
1509 2580 1573 2620 Bp.
1594 2579 1633 2611 of
1650 2580 1702 2613 St.

162 2629 213 2650 22.
237 2617 451 2659 religiosior]
476 2619 562 2650 This
581 2620 729 2659 opinion
750 2620 875 2652 doubt·
943 2621 1085 2661 Asaph3
1115 2621 1187 2652 and
1211 2622 1286 2653 this
1309 2622 1340 2652 is
1362 2623 1534 2662 probably
1556 2625 1702 2657 correct.

117 2662 188 2692 less
211 2661 283 2691 had
306 2661 439 2701 weight
464 2662 555 2693 with
578 2662 746 2694 Erasmus
767 2663 875 2694 when
943 2664 1016 2694 But
1038 2664 1221 2695 Birkhead
1240 2665 1368 2704 (Lond.
1386 2675 1443 2696 xv.
1464 2675 1512 2706 14,
1532 2666 1602 2698 LB.
1620 2667 1701 2707 435)

117 2706 162 2736 he
179 2704 334 2735 adhered
348 2713 443 2735 more
457 2704 590 2744 closely
602 2707 638 2736 to
652 2706 709 2736 his
722 2706 874 2746 original
943 2708 974 2738 is
1004 2707 1078 2738 also
1109 2717 1129 2738 a
1158 2708 1371 2748 possibility.
1436 2709 1509 2740 The
1541 2710 1704 2742 incident

117 2748 333 2779 translation
364 2749 403 2778 in
430 2747 492 2779 the
519 2749 648 2779 second.
676 2749 813 2780 edition
840 2750 878 2780 of
943 2753 1075 2781 cannot
1091 2750 1181 2781 have
1198 2752 1365 2783 occurred
1381 2751 1472 2783 later
1493 2753 1584 2785 than
1605 2764 1697 2794 1514,

117 2792 179 2822 the
197 2791 284 2822 New
298 2791 526 2830 Testament3
550 2791 592 2823 cf.
612 2801 645 2831 p.
667 2793 738 2832 183.
943 2793 997 2824 for
1021 2793 1208 2834 Mountjoy
1223 2795 1253 2825 is
1277 2795 1354 2826 said
1375 2797 1411 2827 to
1435 2796 1524 2828 have
1547 2797 1636 2829 been
1661 2799 1700 2830 in

161 2845 212 2874 27.
239 2833 414 2876 facturus]
439 2835 509 2866 But.
535 2834 576 2866 cf.
600 2836 664 2876 Ep.
687 2845 760 2875 520.
782 2847 814 2876 9,
836 2846 875 2867 10
943 2837 1091 2868 London
1123 2838 1259 2877 shortly
1285 2839 1517 2878 afterwards3
1554 2841 1626 2872 and
1653 2842 1700 2872 he

116 2878 189 2909 and
205 2879 299 2917 85—7.
942 2880 1007 2911 left
1031 2880 1196 2919 England
1220 2891 1249 2912 c.
1273 2881 1354 2913 Jan.
1381 2892 1464 2923 1515
1488 2885 1524 2915 to
1547 2885 1628 2916 take
1651 2895 1701 2926 up

161 2932 213 2961 42.
245 2921 519 2963 Franciscanus]
544 2922 596 2954 Cf.
614 2922 676 2962 Ep.
696 2932 769 2961 337.
787 2923 874 2962 676-
943 2924 1005 2954 the
1032 2923 1261 2965 lieutenancy
1286 2926 1324 2957 of
1343 2926 1509 2968 Tournay
1539 2927 1701 2970 (Brewer

115 2965 172 3003 84,
193 2965 266 2996 The
277 2966 523 3006 antagonistis
533 2966 872 3005 usuallyidentified
942 2967 978 2998 ii.
1001 2968 1089 3009 126).

853 3020 967 3058 Bb2
