2010 3417
252 155 331 194 288
715 150 968 190 LETTERS
1006 149 1075 188 OF
1113 150 1380 189 ERASMUS
1719 148 1758 203 [1
1767 161 1788 198 5
1798 162 1812 186 1
1821 153 1843 187 6

248 263 513 303 Franciscum
544 261 782 309 interrogat,
817 260 888 297 sed
924 258 1113 297 nondum
1147 258 1248 296 satis
1281 261 1509 298 maturum.
1570 259 1728 298 Verum
1763 272 1844 309 quo

248 329 417 378 propius
448 324 574 364 morti
608 325 744 363 carnis
776 323 943 371 accedit,
979 323 1058 362 hoc
1088 323 1222 373 magis
1254 323 1421 373 spiritui
1454 323 1574 361 viuit.
1644 324 1845 362 Attamen

189 407 231 436 50
248 394 423 431 libenter
461 391 575 429 audit
615 389 810 440 quicquid
848 389 899 427 ab
937 402 984 426 eo
1021 390 1127 438 pete,
1165 391 1207 427 et
1244 402 1373 439 quum
1411 390 1524 436 sciat,
1562 402 1648 427 non
1684 388 1847 427 inuitus

248 454 501 509 expedi[a]t;
537 455 603 494 sin
633 455 787 502 minus,
817 454 997 503 ingenue
1022 453 1178 492 fatetur
1204 453 1407 492 memoria
1435 453 1643 492 excidisse.
1700 453 1847 503 Itaque

247 525 288 561 te
306 523 432 562 etiam
451 524 575 572 atque
594 521 720 559 etiam
740 533 822 567 oro,
845 519 881 557 si
907 520 1009 558 forte
1035 519 1086 557 ad
1112 532 1210 557 011111
1236 519 1460 569 scripseris,
1481 520 1529 558 vt
1555 519 1594 557 ei
1614 530 1708 556 mea
1730 530 1849 557 causa

248 587 399 638 gratias
420 600 541 636 agas3
572 586 779 636 siquidem
804 585 874 623 ille
899 583 1005 622 mihi
1031 583 1155 622 iussit
1178 586 1226 622 vt
1251 584 1348 634 (qua
1374 584 1659 623 familiaritate
1684 596 1751 621 me
1776 584 1848 621 tuo

248 653 418 692 nomine
437 651 739 702 complectitur)
758 652 800 688 te
820 650 1038 689 certiorem
1059 649 1284 688 redderem.

189 729 228 760 55
302 717 578 757 Enchiridion
609 718 730 755 tuum
764 715 1034 766 Argentorati
1069 728 1268 754 excusum
1302 716 1371 754 hic
1408 715 1661 766 inuestigare
1695 714 1844 762 nescio,

248 785 369 823 credo
400 783 588 822 nondum
619 783 700 820 huc
731 781 916 820 allatum.
977 781 1094 829 Quod
1128 781 1275 820 scribis
1305 783 1353 820 vt
1387 781 1575 820 desinam
1607 779 1848 820 facundiam

248 851 400 900 optare,
432 849 475 887 id
504 848 673 898 pulchre
701 846 936 897 intelligere
964 846 1134 894 videor;
1178 846 1330 897 quippe
1360 860 1489 896 quum
1517 846 1631 885 vides
1660 859 1727 884 me
1755 858 1848 884 eam

247 915 422 954 minime
442 927 559 964 posse
577 912 751 962 assequi,
775 912 904 951 amice
925 925 977 950 ne
997 912 1170 950 laterem
1190 912 1329 951 lauem
1349 912 1571 951 dissuades.
1631 911 1848 950 Postremo

248 981 297 1020 D.
323 979 558 1030 Rogerium,
588 981 636 1017 vt
664 978 852 1025 iusseras,
882 977 1093 1016 salutaui:
1125 977 1195 1027 qui
1215 978 1326 1016 haud
1345 990 1492 1027 parum
1512 977 1590 1015 tibi
1618 978 1846 1024 succenset,

188 1054 230 1086 60
248 1047 320 1097 qui
339 1059 424 1084 non
444 1043 709 1094 rescripseras
728 1044 765 1081 ei
785 1045 871 1081 tam
891 1042 996 1080 bene
1014 1055 1139 1093 quam
1158 1043 1276 1090 mihi,
1297 1043 1368 1081 sed
1390 1044 1430 1081 te
1449 1042 1635 1081 vicissim
1655 1055 1740 1080 non
1760 1042 1847 1080 ioco

247 1111 456 1150 resalutat.
527 1109 644 1158 Quod
677 1108 712 1147 si
747 1108 969 1158 aliquando
1000 1108 1164 1157 auspice
1195 1109 1282 1147 Deo
1314 1110 1388 1147 tua
1421 1108 1677 1158 nimisquam
1709 1108 1850 1156 optata

247 1175 531 1215 familiaritate
551 1174 635 1212 frui
654 1174 808 1221 licebit,
833 1175 955 1223 atque
975 1186 998 1211 a
1022 1187 1103 1224 quo
1124 1173 1371 1212 suauissima
1389 1187 1435 1212 ac
1455 1172 1726 1211 saluberrima
1745 1171 1849 1211 olim

247 1240 469 1280 seminaria
498 1239 627 1288 hausi,
660 1239 758 1277 inde
786 1241 973 1277 maturos
1003 1239 1174 1277 demum
1203 1239 1366 1278 fructus
1395 1238 1446 1276 ad
1476 1238 1641 1277 animae
1670 1237 1848 1276 salutem

247 1319 433 1355 exugam,
466 1304 576 1343 nihil
608 1305 687 1343 erit
716 1304 897 1353 amplius
929 1304 1037 1342 mihi
1068 1304 1112 1342 in
1142 1304 1219 1342 hac
1249 1304 1337 1342 vita
1370 1304 1659 1354 expetendum.
1715 1303 1849 1351 Quare

186 1373 227 1414 65
247 1370 284 1409 si
302 1384 381 1420 qua
400 1370 441 1409 id
462 1369 677 1408 commode
695 1369 741 1407 in
761 1371 976 1419 posterum
995 1368 1083 1407 fieri
1102 1369 1245 1419 possit,
1269 1369 1333 1407 fac
1353 1383 1420 1407 me
1439 1370 1670 1407 certiorem.
1727 1367 1845 1417 Quod

248 1435 284 1474 si
309 1435 468 1485 superis
492 1434 731 1473 fauentibus
757 1434 934 1482 eueniat,
958 1434 1038 1472 tibi
1064 1434 1309 1472 fidelissime
1338 1447 1421 1472 vna
1449 1447 1543 1472 cum
1573 1433 1715 1472 liberis
1741 1432 1846 1471 meis

246 1500 485 1548 inseruiam,
507 1513 592 1538 non
612 1500 765 1538 minori
785 1512 883 1537 sane
902 1499 1188 1538 beneuolentia
1207 1502 1278 1538 aut
1299 1499 1493 1549 obsequio
1515 1512 1639 1549 quam
1657 1499 1695 1537 si
1712 1500 1842 1548 pater,

247 1568 381 1604 mater
399 1579 444 1604 ac
463 1565 587 1604 ceteri
605 1578 750 1603 omnes
770 1564 858 1603 noti
877 1565 922 1602 in
942 1566 983 1603 te
1002 1578 1086 1603 vno
1106 1567 1245 1604 essent
1265 1565 1430 1603 reuersi.

302 1632 523 1670 Caeterum
554 1630 662 1680 quod
693 1630 853 1669 litteras
887 1643 998 1668 meas
1033 1630 1249 1680 castigatas
1283 1630 1435 1668 curasti
1467 1629 1753 1678 remittendas,
1786 1629 1845 1667 in-

188 1709 229 1742 70
248 1695 559 1746 dulgentissimi
577 1695 852 1745 praeceptoris
867 1708 1040 1733 munere
1052 1695 1231 1743 functus,
1250 1708 1317 1733 me
1334 1696 1430 1733 ante
1445 1695 1523 1733 tibi
1538 1694 1846 1733 deditissimum

246 1762 323 1801 hoc
351 1760 551 1800 beneficio
579 1760 702 1809 longe
731 1760 958 1808 reddidisti,
990 1760 1025 1798 si
1053 1760 1143 1798 fieri
1167 1760 1307 1810 possit,
1331 1760 1642 1799 deuinctiorem.
1702 1759 1845 1799 Cuius-

247 1828 360 1866 modi
380 1826 560 1865 officium
579 1825 647 1864 vel
667 1825 733 1864 his
751 1825 906 1864 litteris
932 1839 1024 1864 mea
1047 1838 1167 1864 causa.
1191 1827 1232 1864 te
1251 1825 1459 1876 suscipere
1484 1826 1678 1864 obtestor.
1737 1825 1846 1864 Tuae

246 1891 523 1931 humanitatis
543 1891 696 1941 scripta
720 1905 771 1930 ex
797 1891 1027 1929 Brabantia
1053 1891 1300 1929 iamdudum
1320 1891 1534 1941 expectaui
1552 1891 1662 1930 haud
1681 1891 1846 1941 vulgari

248 1956 473 2007 desyderio.
533 1956 693 1995 Idcirco
721 1956 785 1994 fac
814 1956 1126 2006 quamprimum
1155 1957 1206 1995 ad
1234 1970 1301 1995 me
1330 1955 1537 1995 rescribas.
1599 1956 1714 1995 Bene
1741 1956 1844 2004 vale,

189 2033 228 2066 75
247 2022 376 2061 altera
394 2035 486 2071 spes
505 2021 668 2060 animae
688 2034 813 2070 meae,
838 2034 883 2059 ac
903 2021 988 2060 mei
1006 2022 1192 2060 vicissim
1211 2023 1434 2060 memento.

302 2087 474 2126 Parisiis
494 2086 626 2125 Nonis
647 2086 841 2136 Augusti.

781 2236 973 2293 338446510
1032 2237 1097 2279 To
1128 2238 1221 2279 LEO
1252 2238 1305 2279 X.

292 2328 460 2375 Epistole
478 2327 526 2363 ad
544 2326 742 2362 Erasmum
761 2326 808 2362 f0.
829 2328 852 2362 d
872 2332 924 2363 v0.
1559 2326 1726 2363 London.

292 2388 344 2423 (3².
364 2400 399 2433 p.
420 2396 511 2431 223:
540 2386 579 2420 F.
597 2398 632 2431 p.
652 2388 718 2421 81:
748 2385 838 2421 HN:
866 2385 981 2421 Lond.
1000 2385 1037 2422 ii.
1057 2386 1100 2422 6:
1129 2386 1202 2421 LB.
1226 2388 1300 2421 181.
1484 2395 1505 2430 9
1522 2385 1673 2432 August
1693 2387 1796 2432 1516.

436 2488 572 2519 LEONI
605 2488 779 2520 DECIMO
810 2488 1040 2520 PONTIFICI
1070 2488 1192 2518 VERE
1223 2488 1411 2518 MAXIMO
1443 2487 1650 2518 ERASMVS

809 2556 1143 2588 ROTERODAMVS
1174 2557 1207 2588 S.
1234 2557 1277 2587 D.

299 2640 480 2677 ABVNDE
505 2638 605 2676 felix
632 2638 738 2677 mihi
762 2638 930 2678 videbar
958 2639 1136 2685 futurus,
1160 2638 1399 2677 beatissime
1426 2639 1554 2688 pater,
1580 2637 1616 2676 si
1644 2637 1842 2677 sanctitas

246 2706 317 2743 tua
344 2704 442 2743 boni
467 2704 590 2743 modo
616 2704 889 2743 consuluisset
910 2717 1047 2742 meam
1073 2704 1141 2742 vel
1165 2703 1443 2742 temeritatem
1468 2704 1535 2742 vel
1561 2703 1836 2750 sedulitatem,

244 2770 319 2818 qui
339 2782 424 2807 non
443 2769 601 2807 veritus
620 2782 752 2808 essem
767 2768 1012 2808 Pontificiae
1028 2768 1257 2807 maiestatis
1273 2767 1565 2807 celsitudinem
1585 2770 1637 2817 et,
1656 2767 1763 2818 quod
1778 2768 1842 2806 est

290 2873 366 2902 445.
410 2882 464 2911 55.
526 2871 780 2912 Enchiridion]
831 2871 1008 2911 Probably
1077 2872 1179 2912 point
1210 2871 1248 2902 of
1286 2870 1506 2910 publication
1529 2869 1638 2901 when
1670 2870 1839 2900 Erasmus

246 2915 432 2945 Schiirer’s
447 2915 585 2946 edition
600 2915 638 2946 of
651 2915 745 2955 Sept.
767 2924 848 2954 1515
866 2915 925 2955 (cf.
940 2915 1004 2955 Ep.
1077 2917 1190 2945 wrote
1205 2916 1241 2945 to
1257 2914 1354 2954 Grey
1368 2914 1462 2945 from
1478 2913 1583 2944 Basle
1599 2913 1638 2953 (1.
1662 2912 1726 2952 11).

245 2958 469 2998 93int1·od.).
518 2959 703 2989 Schiirer’s
721 2960 860 2998 reprint
875 2959 958 2997 also,
973 2958 1011 2989 of
1120 2968 1171 2997 59.
1198 2957 1405 2997 Rogerium]
1443 2957 1600 2995 Perhaps
1623 2955 1837 2996 Wentford3

245 3000 339 3031 June
374 3004 467 3039 1516,
502 3003 600 3033 must
631 3002 721 3033 have
752 3003 841 3032 been
873 3011 920 3032 011
945 3002 1008 3032 the
1076 3001 1119 3032 cf.
1139 3002 1202 3041 Ep.
1226 3003 1288 3041 196
1303 2999 1434 3032 introd.
