2010 3417
103 128 199 184 459]
504 129 657 170 FROM
696 129 1023 169 WOLFGANG
1062 119 1285 167 KOPFEL
1605 127 1685 166 335

101 241 366 291 castigatione
396 240 589 291 quicquid
609 253 694 278 non
714 238 1005 289 expurgauerit
1023 237 1310 288 properantior
1330 237 1409 276 ista
1427 250 1534 285 cura,
1557 236 1624 276 vel
1650 236 1687 274 si

100 305 265 357 quando
283 306 437 346 scholia
456 305 620 345 diuersa
636 306 835 352 sentiunt,
859 304 1048 354 protinus
1073 303 1381 342 calumniantur
1402 304 1445 342 te
1473 316 1556 342 non
1584 302 1687 341 bene

99 385 328 412 memorem
342 384 525 422 pugnare
537 372 686 417 tecum,
706 369 791 408 illic
811 369 993 420 positum
1006 369 1074 408 hic
1091 381 1236 409 rursus
1253 381 1497 418 expungere,
1522 368 1688 406 fluctua-
1705 383 1749 415 50

98 450 220 487 reque
248 436 420 475 incertis
446 435 562 475 velis.
636 435 747 474 Num
778 435 940 482 titulus,
974 434 1104 483 aiunt,
1135 434 1294 473 collatis
1326 433 1469 473 Grecis
1498 435 1539 472 et
1574 435 1686 472 vetu-

99 501 294 541 stissimis
311 501 556 540 Latinorum
577 500 881 550 exemplaribus
900 500 1123 539 Erasmum
1143 499 1351 549 promittit
1370 499 1688 549 castigatorem?

100 567 214 607 Num
247 566 429 606 eiusdem
462 568 560 605 sunt
592 565 780 604 scholia?
849 565 984 604 Vnius
1014 564 1192 614 pectoris
1224 563 1294 602 illa
1326 564 1612 613 interpretatio
1645 565 1688 602 et

99 632 255 672 scholia
272 633 318 671 vt
339 631 463 682 longo
492 631 695 670 dissident
724 629 945 669 interuallo
964 632 973 669 1
1030 629 1119 669 Has
1138 629 1282 668 nenias
1300 628 1481 678 argutuli
1501 628 1566 667 illi
1591 629 1688 667 occi·

100 700 218 737 nunt.
275 697 550 746 Quamobrem
578 696 790 742 admoneo,
826 695 1023 745 quoniam
1053 694 1388 744 incomparabilis
1417 694 1594 733 eruditio
1617 695 1687 734 tua
1705 709 1744 740 55

98 761 348 801 monitorem
378 762 592 800 sordidum
626 761 822 809 admittit,
845 760 1005 800 duobus
1038 759 1185 799 saltem
1221 759 1454 797 studiorum
1483 758 1688 798 ministris

100 840 191 870 eam
223 826 415 876 iniungas
446 827 713 877 prouinciam,
742 827 790 865 vt
824 826 977 865 Graeca
1007 825 1169 865 Latinis
1196 837 1241 862 ac
1271 823 1448 873 singulis
1483 824 1585 862 locis
1613 837 1688 862 sua

99 891 256 932 scholia
273 892 487 931 conferant
505 891 823 942 diligentissime
839 904 849 938 ;
893 890 935 929 id
956 890 1064 940 quod
1084 890 1129 927 in
1149 889 1336 928 Paulinis
1357 888 1555 938 Epistolis
1587 888 1687 927 item

97 958 308 1008 praestent
336 957 476 997 velim.
533 957 636 1006 Sepe
674 956 788 994 enim
819 956 966 994 dicunt
1001 954 1156 993 scholia
1193 953 1320 993 etiam
1351 954 1397 992 in
1435 953 1616 992 Paulum
1645 955 1688 992 te

99 1023 251 1066 clarius
275 1021 516 1074 explicuisse
534 1024 575 1061 et
593 1021 843 1064 nominatim
862 1020 987 1059 verba
1005 1022 1227 1059 numerant
1246 1019 1397 1069 quibus
1414 1031 1438 1057 a
1456 1020 1497 1057 te
1520 1019 1690 1058 obscura
1706 1024 1748 1056 60

98 1088 335 1128 illuminata
353 1089 545 1136 testaris;
586 1087 728 1127 eadem
746 1099 830 1125 non
850 1087 963 1124 tenet
982 1085 1152 1124 interim
1180 1084 1384 1123 traductio
1413 1086 1494 1132 tua,
1518 1084 1597 1123 etsi
1625 1086 1688 1123 est

99 1166 184 1191 non
203 1153 375 1193 crassior
394 1167 527 1204 neque
555 1152 758 1192 infelicior
785 1150 1037 1190 scholiorum
1057 1150 1257 1190 versione.
1324 1149 1528 1189 Mediocre
1546 1151 1686 1189 tamen

99 1218 314 1269 ingenium
326 1218 638 1258 consonantiam
652 1231 702 1256 ex
715 1216 843 1256 altera
856 1215 1097 1267 praesertim
1113 1215 1335 1254 emissione
1347 1216 1545 1265 expectat,
1564 1217 1687 1266 atque

98 1284 258 1325 inuidia
286 1286 402 1323 notat
422 1282 832 1334 quantulumcunque
852 1281 1107 1320 diuersitatis
1126 1280 1378 1331 compererit.
1451 1280 1688 1330 Pugnantia

98 1350 239 1399 itaque
275 1351 348 1388 aut
375 1362 493 1388 versa
524 1348 708 1398 ineptius
735 1361 759 1386 a
789 1347 959 1397 vulgato
991 1346 1216 1397 interprete
1246 1359 1369 1396 opera
1399 1345 1687 1384 ministrorum
1704 1349 1745 1392 65

97 1427 303 1464 agnoscas,
345 1416 386 1452 et
433 1414 478 1452 in
520 1426 743 1452 consonam
772 1412 1091 1463 germanitatem
1128 1411 1240 1450 facili
1272 1411 1351 1450 isto
1388 1411 1515 1450 ductu
1552 1424 1685 1460 cogas,

98 1479 267 1530 dignam
299 1481 466 1528 parente
499 1478 646 1518 reddas
687 1479 893 1517 foeturam
932 1480 1048 1516 tuam
1077 1479 1118 1516 et
1156 1476 1359 1516 Pontifice
1390 1479 1574 1526 patrono,
1606 1475 1688 1514 ista

98 1544 366 1594 exploratrice
385 1544 529 1595 lingua
546 1544 702 1582 iterum
721 1545 843 1592 atque
862 1543 1016 1581 iterum
1041 1541 1273 1581 lambendo.
1346 1540 1464 1579 Nihil
1492 1540 1688 1591 polliceor

98 1610 165 1651 vel
192 1609 331 1649 Momo
359 1609 692 1659 desyderandum
725 1608 1048 1658 superfuturum.
1108 1607 1212 1645 Nam
1247 1607 1541 1646 commentaria
1572 1606 1688 1644 dabis

99 1674 221 1724 plena
232 1688 359 1715 manu
372 1675 417 1713 in
431 1675 612 1714 Paulum
626 1688 636 1722 3
664 1674 848 1723 alioquin
864 1673 996 1712 fusius
1011 1672 1071 1722 (vt
1085 1674 1202 1723 potes
1217 1671 1363 1721 obiter)
1383 1671 1531 1721 exponi
1549 1671 1687 1710 abdita
1706 1683 1746 1718 70

99 1740 278 1789 diligens
307 1740 437 1778 lector
457 1741 673 1790 expeteret,
697 1739 769 1788 qui
796 1739 954 1777 dudum
984 1738 1150 1787 Lyram,
1169 1737 1411 1776 Carrensem
1430 1737 1473 1774 et
1501 1736 1615 1775 illius
1633 1737 1686 1775 fa-

99 1804 214 1844 rinae
233 1805 550 1843 commentarios
568 1803 728 1843 fastidit
750 1805 791 1841 te
818 1803 988 1842 authore
1017 1804 1057 1841 et
1086 1815 1137 1840 ex
1155 1801 1272 1840 libris
1291 1801 1376 1840 tuis
1398 1801 1607 1839 animatus
1634 1800 1685 1839 ad

98 1870 261 1920 frugem
280 1869 505 1908 meliorem.

154 1934 210 1973 Et
241 1935 336 1985 quia
368 1933 586 1972 monitoris
614 1946 768 1971 munus
798 1934 936 1983 inepte
974 1932 1100 1982 coepi,
1131 1931 1288 1970 audebo
1319 1930 1521 1981 ineptiam
1550 1943 1686 1969 meam

98 1999 356 2050 petulantius
388 1999 571 2049 prodere.
621 1998 797 2037 Obsecro
825 1998 962 2047 itaque
989 1997 1097 2036 nihil
1125 1996 1279 2035 dixeris
1306 1995 1373 2035 vel
1400 1996 1687 2035 vehementius
1706 2007 1745 2042 75

100 2064 165 2103 vel
193 2065 377 2114 apertius
406 2064 454 2102 de
484 2063 768 2113 superstitioso
801 2062 988 2102 ciborum
1013 2062 1174 2101 delectu
1212 2061 1321 2100 inter
1347 2060 1614 2108 Christianos,
1639 2061 1688 2099 de

99 2130 290 2180 precibus
318 2130 369 2168 ad
388 2141 611 2168 numerum
637 2129 797 2167 certum
816 2127 1080 2178 praescriptis
1097 2129 1138 2165 et
1168 2127 1217 2165 de
1240 2126 1306 2165 his
1328 2125 1450 2164 rebus
1468 2126 1684 2174 vniuersis,

100 2207 202 2244 quas
231 2208 281 2233 ex
300 2208 377 2233 vsu
399 2193 563 2244 publico
582 2193 708 2232 seculi
736 2193 867 2232 nostri
885 2193 952 2232 vel
981 2192 1199 2232 credulitas
1227 2192 1294 2230 vel
1323 2191 1425 2230 fides
1448 2191 1684 2240 assumpsit.

101 2260 325 2309 Hucusque
357 2259 524 2309 quidem
555 2259 713 2309 egregie
745 2258 989 2309 praestitisti
1016 2257 1229 2306 Periclem,
1256 2258 1397 2295 contra
1430 2256 1687 2295 voluntatem

100 2324 309 2374 supercilii
340 2324 474 2363 nostri
511 2337 584 2374 pro
621 2323 793 2363 veritate
827 2324 1001 2370 locutus,
1040 2323 1224 2372 idipsum
1260 2324 1401 2361 tamen
1434 2335 1517 2360 non
1546 2322 1687 2360 minus
1705 2330 1746 2362 80

100 2402 238 2428 seuere
259 2401 381 2438 quam
401 2391 647 2428 constanter.
706 2389 762 2427 Et
780 2388 935 2429 videris
957 2387 1078 2426 nobis
1097 2388 1221 2427 etiam
1251 2400 1373 2435 nunc,
1399 2388 1445 2426 vt
1474 2400 1528 2435 es,
1549 2387 1685 2425 iocun-

101 2454 300 2493 dissimus
326 2456 448 2504 atque
473 2454 572 2493 adeo
601 2455 852 2504 temperatus
871 2454 940 2493 vel
969 2453 1022 2491 iis
1047 2453 1196 2503 quibus
1227 2453 1361 2491 adhuc
1393 2452 1503 2491 dolet
1530 2452 1580 2490 ab
1609 2451 1686 2490 elo-

101 2519 268 2569 quentia
286 2521 358 2557 tua
371 2518 535 2557 illatum
554 2519 708 2558 vulnus
725 2533 734 2567 ;
762 2519 840 2558 hoc
857 2519 969 2557 istud
990 2520 1052 2556 est
1070 2518 1305 2565 artificium,
1327 2517 1425 2556 haec
1445 2516 1683 2563 authoritas.

101 2585 200 2623 haec
219 2584 362 2623 diuina
380 2597 506 2634 prope
525 2584 717 2623 maiestas
736 2586 809 2623 tua
829 2583 1002 2631 dicendi,
1024 2584 1088 2621 cui
1114 2597 1248 2633 neque
1266 2582 1403 2622 vexati
1424 2584 1508 2629 aut,
1530 2583 1576 2620 vt
1605 2581 1685 2619 sibi

101 2650 306 2697 videntur,
340 2648 414 2686 lesi
448 2651 600 2698 queant
631 2661 867 2698 repugnare.
937 2649 1097 2687 Ansam
1135 2650 1275 2686 tamen
1306 2647 1484 2696 coeperit
1516 2645 1684 2694 inuidia,
1703 2652 1744 2695 85

143 2725 196 2763 63.
224 2725 385 2763 expectat
403 2724 509 2762 atque
525 2725 655 2759 scripsi:
682 2723 934 2761 expectataque
952 2724 1021 2753 MS.
1087 2722 1139 2760 69.
1166 2720 1408 2761 desyderanda
1422 2723 1512 2752 MS.:
1537 2730 1611 2751 corr.
1621 2722 1685 2751 LB.

102 2777 154 2806 74.
179 2768 355 2806 ineptiam
371 2769 482 2802 scripsi
496 2777 503 2795 :
524 2766 693 2796 inertiam
709 2768 777 2796 MS.
884 2774 936 2805 79.
958 2764 1129 2796 Periclem
1145 2767 1215 2795 MS.
1230 2776 1236 2795 :
1262 2764 1460 2804 periculum
1476 2766 1537 2795 vult
1551 2766 1685 2794 Nichols.

144 2899 197 2928 71.
236 2886 461 2927 Carrensem]
499 2886 604 2927 Hugo
635 2886 672 2927 (†
694 2885 790 2927 1263)
823 2886 861 2916 of
927 2885 972 2916 he
989 2887 1098 2916 wrote
1120 2895 1139 2915 a
1161 2886 1406 2923 commentary
1422 2893 1468 2915 on
1485 2883 1547 2914 the
1567 2883 1682 2914 whole

100 2932 149 2964 St.
177 2932 278 2972 Cher,
305 2941 391 2962 near
412 2931 563 2962 Vienne.
611 2929 756 2960 Besides
784 2938 856 2960 cor·
927 2928 966 2959 of
997 2930 1037 2967 it,
1070 2928 1190 2959 which
1226 2928 1257 2959 is
1292 2927 1436 2967 printed
1466 2927 1556 2958 with
1587 2927 1683 2958 John

102 2976 240 3016 recting
267 2975 329 3006 the
356 2976 432 3005 text
462 2973 499 3005 of
521 2973 583 3004 the
613 2973 716 3004 Latin
743 2973 853 3011 Bible,
926 2971 1158 3003 Amorbach's
1173 2971 1311 3003 edition
1328 2971 1581 3012 0f1498—1502.
