2010 3417
248 121 335 163 ,206
719 116 968 155 LETTERS
1006 115 1075 155 OF
1112 114 1378 154 ERASMUS
1721 112 1763 166 [1
1773 124 1794 161 5
1804 125 1818 150 1
1828 114 1850 150 6

257 232 344 269 iure
364 227 597 276 Xenophon
617 226 661 264 in
686 225 792 263 libro
817 237 940 274 quem
966 223 1178 273 inscripsit
1198 222 1500 261 Oeconomicon
1518 222 1742 261 arbitretur
1761 235 1849 262 esse

218 308 236 337 5
258 294 455 345 quiddam
474 291 645 330 homine
665 289 799 329 maius
825 290 1024 339 planeque
1051 288 1249 326 diuinum
1266 287 1469 337 imperare
1487 286 1632 325 liberis
1649 300 1697 326 ac
1715 287 1853 326 volen-

257 358 379 397 tibus.
440 355 554 394 Haec
573 354 775 394 nimirum
794 356 857 393 est
875 353 949 393 illa
965 352 1223 404 principibus
1242 351 1473 402 expetenda
1492 351 1705 402 sapientia,
1727 365 1852 402 quam

257 435 383 462 vnam
420 420 590 460 caeteris
627 420 752 458 rebus
789 418 1040 469 contemptis
1078 418 1236 469 optauit
1268 416 1581 456 cordatissimus
1617 416 1854 455 adolescens

256 487 463 534 Solomon,
496 498 702 535 quamque
731 484 883 535 iugiter
911 483 1023 534 regio
1050 483 1203 522 throno
1230 482 1366 522 voluit
1393 481 1593 521 assistere.
1654 481 1767 520 Haec
1794 484 1856 521 est

257 552 328 592 illa
346 550 579 590 castissima
594 549 721 588 simul
741 551 783 588 et
801 549 1082 600 pulcherrima
1100 547 1343 597 Sunamitis,
1359 547 1476 587 cuius
1494 547 1619 586 vnius
1639 546 1857 598 complexi-

200 631 238 652 10
256 619 334 656 bus
372 616 490 655 vnice
530 615 759 654 delectatus
796 617 859 654 est
887 614 1034 664 Dauid,
1076 613 1371 664 sapientissimi
1408 613 1488 652 filii
1524 612 1857 662 sapientissimus

256 685 382 733 pater.
442 680 555 720 Haec
584 682 647 719 est
681 693 785 731 quae
813 680 998 731 loquitur
1026 679 1070 718 in
1099 679 1363 718 Prouerbiis:
1413 679 1514 717 ‘Per
1548 691 1616 716 me
1649 677 1856 728 principes

256 749 462 798 imperant
491 748 532 784 et
559 747 748 796 potentes
778 745 1007 784 decernunt
1034 744 1271 783 iusticiam?
1342 743 1463 783 Hanc
1493 743 1656 794 quoties
1686 743 1732 781 in
1764 756 1856 782 con-

258 813 400 852 silium
419 811 620 850 adhibent
634 824 762 861 reges,
777 811 954 850 exclusis
972 810 1163 861 pessimis
1177 809 1264 848 illis
1280 809 1597 857 consultoribus,
1615 808 1854 858 ambitione,

257 878 327 926 ira,
359 876 584 927 cupiditate
614 878 657 915 et
685 877 931 923 adulatione,
952 875 1037 915 iam
1066 875 1189 914 rebus
1220 874 1415 914 omnibus
1439 874 1592 913 florens
1615 873 1855 924 respublica,

202 959 238 989 15
258 942 458 995 principis
477 942 542 981 sui
561 942 787 992 sapientiae
806 941 1050 981 felicitatem
1069 953 1188 980 suam
1207 941 1417 990 acceptam
1436 940 1584 988 ferens,
1606 939 1755 978 merito
1776 939 1858 978 sibi

257 1008 489 1059 gratulatur
506 1022 515 1055 ;
547 1007 787 1046 ‘Venerunt
804 1007 812 1021 ³
832 1006 1026 1058 inquiens
1047 1009 1056 1026 ‘
1069 1006 1176 1045 mihi
1191 1006 1331 1045 omnia
1348 1005 1458 1044 bona
1474 1006 1629 1056 pariter
1644 1018 1740 1043 cum
1760 1004 1859 1043 illa.’

259 1074 442 1113 Proinde
471 1071 592 1111 Plato
619 1085 704 1111 non
735 1072 815 1111 alia
846 1072 892 1111 in
925 1085 967 1111 re
997 1071 1236 1122 diligentior
1264 1073 1327 1110 est
1356 1083 1482 1122 quam
1511 1070 1556 1108 in
1589 1069 1857 1109 instituendis

261 1137 508 1189 reipublicae
547 1150 645 1176 suae
682 1137 931 1185 custodibus,
972 1150 1075 1188 quos
1107 1150 1193 1176 non
1221 1137 1381 1187 opibus,
1422 1149 1507 1175 11011
1544 1135 1733 1185 gemmis,
1773 1147 1859 1173 non

264 1204 390 1251 cultu,
413 1216 498 1241 non
517 1202 781 1253 imaginibus,
804 1216 890 1241 non
917 1203 1124 1250 satellitio,
1148 1202 1218 1241 sed
1238 1202 1325 1241 sola
1344 1201 1545 1253 sapientia
1564 1203 1746 1240 caeteros
1764 1200 1857 1239 vult

202 1284 243 1307 20
260 1268 530 1316 antecellere,
563 1281 720 1318 negans
742 1280 928 1319 vnquam
959 1268 1097 1307 beatas
1124 1268 1211 1307 fore
1234 1267 1499 1318 respublicas,
1521 1266 1606 1305 nisi
1627 1268 1698 1305 aut
1722 1265 1858 1316 philo-

260 1334 382 1385 sophi
401 1333 692 1384 gubernaculis
710 1333 1021 1381 admoueantur,
1044 1335 1115 1373 aut
1134 1333 1166 1371 ii
1185 1333 1335 1384 quibus
1358 1333 1466 1371 forte
1493 1332 1668 1382 contigit
1687 1331 1859 1370 admini-

257 1400 401 1439 stratio
419 1398 728 1449 philosophiam
742 1398 1066 1448 amplectantur:
1095 1398 1415 1449 philosophiam,
1429 1398 1612 1448 inquam‚
1635 1410 1721 1436 non
1736 1397 1860 1436 istam

260 1478 364 1515 quae
388 1465 437 1503 de
461 1464 687 1514 principiis,
710 1464 759 1502 de
781 1464 916 1514 prima
944 1464 1128 1511 materia,
1152 1464 1202 1503 de
1231 1465 1349 1502 motu
1376 1466 1448 1502 aut
1474 1462 1642 1501 infinito
1662 1463 1858 1512 disputat,

261 1531 331 1569 sed
370 1543 474 1581 quae
512 1529 629 1568 falsis
665 1529 781 1580 vulgi
820 1529 1083 1580 opinionibus
1121 1543 1168 1568 ac
1212 1528 1379 1568 viciosis
1417 1527 1635 1567 affectibus
1671 1527 1859 1567 animum

204 1610 242 1640 25
262 1596 444 1636 liberans
482 1596 532 1634 ad
566 1595 723 1634 aeterni
757 1594 945 1633 numinis
975 1595 1185 1645 exemplar
1218 1596 1326 1633 recte
1361 1593 1622 1645 gubernandi
1655 1593 1859 1632 rationem

262 1662 573 1701 commonstrat.
633 1659 729 1699 Tale
744 1660 943 1710 quiddam
963 1660 1104 1710 sensit,
1123 1660 1281 1710 opinor,
1299 1660 1340 1698 et
1356 1659 1576 1707 Homerus,
1593 1672 1690 1698 cum
1710 1658 1862 1698 Mercu-

263 1724 348 1763 rius
366 1724 564 1773 Vlyssem
587 1722 786 1762 aduersus
811 1722 947 1761 Circes
965 1722 1165 1762 veneficia
1184 1722 1300 1773 moly
1319 1721 1447 1761 herba
1466 1721 1716 1772 praemunit.
1777 1721 1862 1760 Nec

261 1790 354 1829 sine
374 1801 494 1827 031153
514 1787 766 1827 Plutarchus
781 1787 993 1827 neminem
1013 1787 1224 1826 existimat
1245 1787 1295 1826 de
1315 1786 1527 1837 republica
1541 1785 1692 1825 melius
1710 1786 1863 1826 mereri

264 1868 388 1905 quam
409 1854 479 1905 qui
499 1853 699 1904 principis
718 1853 920 1902 animum,
944 1853 1141 1892 omnibus
1165 1852 1467 1901 consulturum,
1492 1851 1664 1902 optimis
1687 1865 1733 1891 ac
1753 1851 1863 1902 prin-

205 1937 246 1968 50
264 1920 353 1970 cipe
383 1919 522 1969 dignis
545 1918 780 1958 rationibus
807 1918 1028 1958 imbuerit:
1063 1932 1085 1957 e
1112 1919 1276 1958 diuerso
1300 1918 1512 1957 neminem
1537 1930 1664 1968 aeque
1689 1930 1862 1968 grauem

263 1985 489 2036 perniciem
515 1985 674 2023 adferre
702 1984 826 2023 rebus
854 1984 1097 2023 mortalium
1121 1985 1244 2035 atque
1273 1997 1370 2022 eum
1398 1984 1471 2034 qui
1495 1983 1694 2034 principis
1719 1985 1864 2034 pectus

265 2051 405 2101 prauis
430 2049 697 2100 opinionibus
722 2052 794 2090 3111
820 2049 1117 2100 cupiditatibus
1143 2049 1383 2099 corruperit,
1407 2048 1518 2087 haud
1546 2061 1662 2087 secus
1681 2061 1806 2099 quam
1827 2048 1862 2087 si

266 2116 358 2167 quis
377 2116 536 2154 fontem
561 2115 788 2164 publicum,
810 2115 920 2154 vnde
946 2115 1142 2154 hauriant
1162 2113 1363 2162 vniuersi,
1388 2113 1582 2153 letalibus
1607 2112 1780 2152 venenis
1799 2112 1861 2152 in-

266 2179 418 2218 fecerit.
477 2178 597 2216 Idem
626 2178 737 2217 haud
771 2178 845 2217 abs
878 2191 921 2217 re
949 2179 1065 2216 taxat
1094 2177 1469 2217 celebratissimum
1498 2176 1604 2215 illud
1633 2176 1863 2214 Alexandri

209 2262 247 2293 35
266 2244 409 2294 magni
435 2243 618 2291 dictum,
648 2242 718 2293 qui
748 2256 843 2282 cum
876 2256 900 2281 a
932 2242 1135 2293 colloquio
1169 2243 1277 2293 quod
1309 2242 1510 2280 habuerat
1548 2254 1644 2280 cum
1677 2240 1862 2291 Diogene

266 2309 421 2360 Cynico
433 2308 639 2358 digressus
650 2308 926 2347 admiraretur
938 2308 1128 2346 animum
1137 2307 1260 2347 illum
1274 2306 1621 2357 philosophicum,
1639 2306 1862 2354 excelsum,

267 2375 503 2422 infractum,
540 2373 747 2412 inuictum
783 2375 825 2411 et
863 2373 1057 2412 omnibus
1095 2373 1293 2411 humanis
1324 2371 1447 2410 rebus
1481 2372 1746 2421 superiorem,
1787 2371 1864 2411 ‘Ni

267 2438 525 2479 Alexander'
546 2438 685 2489 inquit
709 2440 875 2485 ‘essem,
895 2438 1100 2489 Diogenes
1120 2451 1208 2477 esse
1229 2438 1394 2488 cupiam
1410 2438 1438 2485 ’3
1467 2436 1553 2475 imo
1574 2450 1654 2487 quo
1674 2437 1863 2487 pluribus

268 2518 404 2543 rerum
419 2503 611 2555 procellis
627 2503 806 2542 obnoxia
819 2505 882 2542 est
896 2503 1044 2554 ingens
1060 2503 1171 2552 ditio,
1184 2503 1262 2541 hoc
1278 2503 1412 2553 magis
1427 2502 1493 2540 illi
1507 2502 1643 2540 fuerat
1658 2502 1864 2552 optandus

207 2590 250 2619 40
268 2569 467 2619 Diogenis
486 2569 663 2618 animus,
687 2568 758 2619 qui
777 2569 907 2607 tantis
926 2581 1067 2607 rerum
1087 2568 1269 2607 molibus
1288 2581 1363 2618 par
1383 2580 1472 2606 0550
1491 2569 1643 2617 posset.

324 2635 402 2674 Sed
427 2648 551 2685 quam
571 2634 859 2673 Alexandrum
881 2634 1081 2673 felicitate
1107 2647 1287 2685 superas,
1311 2633 1454 2673 Carole
1479 2633 1671 2683 princeps
1693 2632 1859 2682 inclyte,

268 2704 357 2739 tam
386 2713 599 2751 speramus
627 2700 816 2740 futurum
844 2702 890 2739 vt
918 2702 1086 2739 anteeas
1113 2702 1155 2738 et
1184 2699 1395 2749 sapientia.
1458 2698 1567 2737 Nam
1593 2698 1666 2737 ille
1695 2697 1864 2748 quidem

314 2855 342 2880 4.
368 2843 642 2884 Oeconomicon]
667 2854 719 2876 21.
744 2854 792 2874 12.
1140 2843 1192 2874 28.
1219 2840 1452 2882 Plutarchus]
1477 2844 1555 2872 Mor.
1575 2841 1690 2879 778n;
1721 2839 1791 2870 LB.
1808 2839 1855 2869 iv.

318 2896 366 2917 11.
392 2886 611 2926 Prouerbiis]
634 2888 665 2918 8.
686 2889 735 2918 16.
1098 2887 1182 2924 4813.

319 2931 367 2959 16.
394 2929 597 2970 Venerunt]
622 2931 701 2970 Sap.
721 2940 749 2969 7.
772 2941 824 2961 11.
1140 2939 1191 2968 34.
1215 2928 1335 2969 Idem]
1359 2931 1448 2960 Alex.
1477 2937 1528 2966 14,
1544 2926 1615 2958 and
1637 2928 1712 2956 Mor.
1733 2925 1794 2964 782
1809 2934 1856 2956 a:

315 2974 365 3002 26.
393 2972 588 3014 Homerus]
614 2976 666 3006 Ocl.
688 2984 736 3005 10.
755 2983 830 3013 305.
1097 2973 1167 3005 LB.
1185 2973 1231 3004 iv.
1250 2982 1292 3012 45
1305 2981 1360 3003 AB.
