2010 3417
91 146 191 202 380]
563 147 714 187 FROM
753 147 974 187 ULRICH
1012 146 1214 188 ZASIUS
1603 145 1680 184 179

88 271 221 309 nuper
239 257 348 307 belli,
371 258 430 297 ita
452 271 564 297 nunc
593 258 885 305 doctrinarum,
902 258 1053 297 vexilla
1073 258 1337 297 circumferre
1365 256 1516 296 victrix
1535 254 1676 306 possit.

87 323 190 372 Quis
217 323 325 362 mihi
353 323 551 373 loquendi
571 325 762 374 suggeret
780 322 1110 373 supellectilem?
1138 336 1219 373 quo
1245 323 1354 371 stilo,
1379 335 1459 372 qua
1476 319 1679 367 facundia,

86 402 166 439 qua
180 389 311 428 animi
321 389 563 437 intensione,
580 402 660 439 qua
678 388 832 427 mentis
845 388 1116 439 vehementia,
1134 402 1215 439 quo
1234 388 1334 427 nixu
1354 401 1451 426 eum
1467 385 1683 426 scribendo

88 453 302 503 feruorem,
334 454 412 493 hoc
440 453 702 504 desyderium
731 455 991 504 consequar?
1051 467 1131 504 quo
1159 466 1310 501 meum,
1341 453 1425 491 imo
1453 451 1680 502 peritorum
1702 465 1742 487 10

84 518 288 569 omnium,
330 519 603 569 Desyderium
633 519 853 557 Erasmum
884 518 950 557 vel
993 532 1043 557 ex
1071 519 1234 557 modico
1264 518 1538 568 contingam?
1609 516 1676 564 Os,

87 597 217 633 mens,
241 584 394 635 lingua,
427 584 600 630 animus,
629 583 758 631 ardor,
797 582 1002 622 industria
1031 584 1076 622 in
1112 585 1155 622 te
1193 584 1400 622 deficiunt.
1468 583 1536 621 Ita
1571 580 1681 632 quod

85 649 326 688 enixissime
345 649 474 698 cupio,
497 648 606 698 fugit
635 648 901 696 enixissime;
930 651 971 687 et
1000 649 1110 698 quod
1133 649 1183 688 ad
1214 649 1438 688 mediocres
1465 648 1568 687 alios
1593 662 1680 687 eru-

87 715 304 763 bescerem,
327 714 377 753 ad
406 726 619 752 summum
640 713 921 752 doctrinarum
940 713 1168 764 principem
1193 714 1408 753 scribendo
1426 714 1567 753 blesus
1593 727 1681 753 esse

88 793 209 831 cogor
228 781 267 818 et
295 779 504 818 barbarus.
577 778 633 817 Et
651 780 790 817 tamen
820 792 874 817 ne
891 781 1059 828 taceam,
1082 780 1141 818 ita
1160 779 1281 829 genio
1306 779 1509 828 impellor,
1533 782 1580 819 vt
1608 792 1681 829 pro
1701 793 1738 824 15

83 845 207 884 laude
228 845 374 883 ducam
392 843 647 883 manifestari
667 856 803 882 meam
830 844 1094 894 imperitiam,
1114 845 1159 883 in
1172 844 1288 883 cuius
1307 844 1475 884 sedibus
1493 845 1600 883 nihil
1618 847 1680 884 est

85 910 167 949 loci
186 910 428 960 imperitiae.

141 976 220 1015 Sed
239 975 423 1015 amicitia
442 974 654 1014 excusabit
680 975 789 1025 quod
815 977 976 1015 accusat
1000 976 1178 1023 inercia3
1210 988 1309 1014 nam
1331 977 1372 1013 et
1398 976 1468 1025 qui
1497 988 1611 1025 reges
1640 977 1681 1014 et

84 1041 292 1092 principes
309 1041 410 1080 foris
429 1054 528 1080 auro
548 1040 792 1090 integuntur
813 1043 855 1079 et
873 1054 1063 1092 purpura,
1086 1055 1181 1080 cum
1204 1041 1351 1080 amicis
1371 1040 1551 1080 amiculo
1570 1053 1681 1091 para-

82 1105 236 1155 biliori,
268 1106 477 1145 induculis
503 1104 780 1145 familiaribus
805 1106 1128 1156 conspiciuntur.
1188 1105 1280 1145 Hoc
1303 1105 1418 1153 habe,
1444 1107 1532 1145 tam
1561 1106 1611 1144 de
1639 1107 1680 1145 te
1700 1119 1742 1141 20

84 1186 168 1211 non
180 1185 297 1222 posse
309 1185 375 1211 me
395 1171 507 1222 loqui
527 1185 577 1210 ex
596 1171 798 1221 condigno
811 1184 935 1221 quam
950 1185 1000 1210 ex
1015 1173 1126 1211 iusto
1140 1185 1262 1211 nemo
1276 1171 1465 1210 mortalis
1480 1173 1522 1210 te
1537 1171 1681 1211 mirari

84 1238 226 1288 possit.
287 1237 420 1276 Testis
457 1239 521 1276 est
559 1236 664 1275 mihi
701 1236 897 1286 Saluator,
925 1237 1042 1276 cuius
1071 1237 1315 1287 imaginaria
1348 1237 1680 1276 circumferimus

86 1303 262 1353 (vtinam
291 1302 428 1354 digne)
461 1302 681 1352 praesepia,
718 1302 778 1341 ita
807 1316 874 1341 me
918 1303 962 1342 in
993 1305 1065 1342 tua
1097 1304 1270 1342 nomina
1303 1304 1598 1352 obstupescere,
1634 1304 1680 1341 vt

86 1381 170 1408 non
197 1367 281 1407 iam
310 1369 476 1417 stupore
504 1369 666 1406 attoner
693 1367 912 1416 Socratico,
944 1369 1014 1407 sed
1043 1370 1156 1408 totus
1180 1382 1229 1408 ex
1263 1369 1455 1408 Medusae
1473 1368 1680 1407 terricula·

85 1435 227 1473 mento
247 1434 441 1472 excutiar.
499 1431 611 1472 Vale.
1700 1439 1738 1472 25

139 1499 230 1538 Mea
242 1498 474 1538 mendicula
486 1499 582 1548 peto
600 1498 754 1538 videas,
789 1499 883 1538 Scio
899 1502 938 1539 te
958 1513 1005 1538 ea
1021 1499 1191 1549 probare
1211 1513 1296 1539 non
1318 1513 1448 1550 posse,
1471 1501 1564 1539 tum
1583 1499 1680 1550 quia

84 1577 187 1615 quae
216 1563 410 1603 historias
440 1564 606 1615 sapiunt
625 1564 702 1603 tibi
730 1578 856 1615 puero
880 1565 1045 1616 cognita
1073 1565 1195 1615 fuere,
1219 1566 1287 1604 sed
1315 1578 1417 1616 quae
1437 1565 1540 1605 iuris
1567 1567 1677 1614 sunt,

84 1643 131 1669 ea
161 1631 210 1669 tu
239 1643 323 1669 non
354 1631 539 1670 moraris.
600 1630 680 1669 Sed
711 1632 827 1680 potes
858 1632 926 1670 vel
950 1644 999 1670 ex
1027 1644 1175 1682 genere
1203 1631 1308 1670 ferre
1333 1631 1545 1680 iudicium,
1568 1631 1676 1682 quod

83 1695 189 1734 mihi
207 1695 412 1735 Hamonis
431 1695 642 1746 superabit
663 1695 837 1736 oraculo.
898 1696 1010 1735 Vale.

144 1770 164 1809 7
186 1761 278 1800 Kal.
303 1760 528 1800 Ianuarias.
558 1771 616 1809 15.
1696 1766 1739 1799 30

1274 1826 1388 1865 Tuus
1408 1826 1570 1865 Zasius.

343 1978 495 2020 2⁰0381.
557 1979 690 2021 FROM
721 1981 926 2021 ANDREW
957 1991 1012 2022 OF
1044 1980 1422 2023 HooesrRAETEN.

128 2080 318 2117 Deventer
334 2080 412 2116 MS.
432 2092 487 2126 91,
509 2081 534 2116 f.
557 2091 633 2125 142.
1364 2081 1488 2128 Liege.

129 2139 201 2175 LB.
217 2139 315 2185 App.
337 2149 413 2176 111.
1229 2152 1271 2177 10
1287 2141 1454 2187 January
1475 2139 1630 2188 (1516).

127 2228 228 2270 [This
251 2228 361 2261 letter,
379 2231 511 2260 cannot
538 2229 580 2261 be
603 2229 710 2261 dated
733 2229 852 2260 before
872 2231 963 2269 1516,
982 2230 1127 2261 because
1150 2230 1188 2260 of
1210 2231 1274 2270 Ep.
1294 2240 1369 2270 299.
1416 2230 1454 2261 It
1476 2230 1609 2261 cannot
1632 2229 1676 2260 be

61 2272 188 2303 -dated
216 2273 316 2312 later,
346 2273 494 2304 because
520 2274 560 2304 in
591 2274 713 2304 March
747 2275 828 2312 1516
857 2273 1037 2305 Aleander
1066 2273 1132 2305 left
1160 2274 1265 2314 Liege
1295 2274 1349 2305 for
1376 2273 1506 2312 Rome3
1541 2273 1585 2305 cf.
1618 2273 1676 2304 his

79 2318 229 2356 Journal,
249 2326 304 2357 pp.
322 2325 364 2356 35
380 2316 452 2347 and
472 2326 521 2356 17,
540 2317 611 2347 and
627 2317 684 2348 Al.
701 2317 741 2350 E.
758 2317 813 2358 ii.]

350 2414 560 2446 ANDREAS
591 2415 1018 2447 HOECHSTRATENSIS
1048 2415 1228 2447 ERASMO
1258 2416 1340 2447 SVO
1369 2416 1400 2447 S.

134 2492 208 2543 VT,
230 2507 325 2533 cum
350 2494 509 2535 litteras
534 2497 627 2535 tuas
651 2497 757 2535 mihi
778 2496 934 2547 alioqui
959 2497 1275 2536 iucundissimas
1303 2497 1347 2535 in
1375 2496 1544 2535 aedibus
1568 2494 1673 2534 meis

82 2571 191 2598 anno
218 2571 300 2596 vno
328 2562 368 2598 et
390 2559 569 2610 amplius
590 2561 675 2599 iam
703 2561 871 2601 decurso
902 2561 1066 2600 relictas
1096 2562 1406 2611 perspexissem,
1437 2559 1589 2610 quibus
1621 2558 1674 2597 ob

81 2633 220 2660 meam
239 2620 467 2660 absentiam
484 2622 568 2661 fato
583 2622 757 2662 aduerso
775 2625 817 2662 te
836 2623 1047 2673 proposito
1062 2625 1135 2662 tuo
1153 2623 1399 2661 frustratum
1418 2621 1564 2671 accepi,
1588 2634 1674 2660 non

81 2698 227 2736 parum
265 2684 389 2734 dolui,
421 2687 478 2724 sic
511 2687 750 2726 nouissimis
778 2688 862 2726 tuis
887 2687 1048 2735 litteris,
1084 2687 1134 2726 ad
1162 2700 1230 2726 me
1271 2694 1323 2735 30.
1356 2687 1496 2725 Nonas
1525 2685 1668 2725 Octob.

83 2764 166 2790 vna
194 2763 288 2789 cum
314 2749 475 2789 xeniolo
503 2765 576 2801 pro
606 2752 799 2791 donantis
827 2751 1115 2791 beneuolentia
1143 2751 1248 2790 mihi
1277 2751 1510 2802 gratissimo
1539 2764 1562 2789 e
1597 2750 1674 2790 Ba·
1692 2756 1712 2789 5

125 2853 200 2884 380.
225 2853 278 2884 26.
301 2852 508 2884 mendicula
523 2856 631 2891 scripsi
646 2864 653 2885 :
676 2854 853 2886 medicula
867 2857 935 2886 MS.
951 2865 958 2885 :
982 2853 1159 2885 modicula
1175 2856 1314 2893 Rieyqer.
1357 2856 1399 2892 Cf.
1415 2857 1473 2892 Ep.
1489 2863 1564 2895 303.
1582 2865 1620 2894 14
1633 2865 1670 2888 n.

80 2897 158 2928 381.
183 2905 214 2928 2.
236 2896 381 2927 relictas
395 2898 470 2927 LB:
494 2897 627 2929 relutas
641 2900 711 2930 MS.
845 2907 876 2938 5.
901 2901 976 2929 LB:
999 2897 1136 2928 zeniolo
1153 2899 1220 2929 MS.

449 2996 534 3038 380.
560 3006 610 3036 23.
637 2996 834 3039 praesepia]
851 2996 926 3028 The
942 2996 1142 3028 Christmas
1160 2998 1308 3028 custom.

844 3065 869 3091 N
890 3064 915 3090 2
