2010 3417
295 149 374 187 484
754 139 1006 181 LETTERS
1044 138 1113 178 or
1152 137 1420 177 ERASMUS
1762 133 1885 188 [1517

721 339 816 380 539.
877 337 941 378 ΤΟ
971 337 1176 377 ANDREW
1207 335 1473 376 AMMONIUS.

346 470 510 516 Farrago
528 482 562 515 p.
579 479 657 514 229.
1561 462 1752 507 Antwerp.

346 529 384 565 F.
403 541 438 574 p.
459 537 547 574 357:
574 526 666 562 HN:
693 526 810 562 Lond.
830 525 906 560 viii.
925 527 968 569 38
989 525 1086 571 (37):
1118 523 1188 558 LB.
1208 532 1287 567 231.
1474 532 1519 566 24
1537 520 1724 567 February
1745 520 1843 566 1514.

432 651 522 692 [The
539 648 722 691 year-date
739 647 855 679 added
872 648 911 677 in
929 646 964 677 H
981 648 1012 677 is
1027 644 1225 677 confirmed
1241 645 1288 684 by
1303 644 1367 675 the
1383 645 1509 675 events
1524 642 1763 683 mentioned]

625 764 829 795 ERASMVS
861 761 1076 793 ANDREAE
1107 761 1322 791 AMMONIO
1353 760 1437 791 SVO
1468 761 1501 791 S.
1530 761 1572 793 D.

355 864 443 903 V1x
475 862 627 910 credas,
660 861 721 900 mi
751 860 963 908 Ammoni,
997 871 1122 910 quam
1159 871 1263 909 pene
1300 858 1369 897 hic
1407 857 1697 909 theologorum
1735 856 1896 897 inuidia

303 928 600 978 conflagrarim.
659 926 834 966 Louanii
871 924 1114 976 gladiatorio
1142 924 1283 962 animo
1312 923 1362 962 ad
1392 937 1459 962 me
1496 923 1744 963 affectabant
1771 924 1895 971 viam,

303 995 427 1045 idque
457 992 669 1041 coniurati,
701 991 851 1030 Atensi
882 990 994 1038 duce,
1025 989 1103 1028 hoc
1138 988 1376 1028 nocentiore
1411 989 1519 1039 quod
1554 989 1687 1028 hostis
1717 990 1898 1028 amicum

304 1059 546 1107 simularet3
575 1057 752 1108 agebant
781 1058 822 1095 et
850 1055 957 1106 apud
983 1054 1223 1104 Principem
1253 1054 1406 1102 sedu10‚
1431 1056 1478 1093 vt
1505 1054 1724 1093 Pontificis
1753 1054 1898 1093 autori-

270 1140 286 1172 5
304 1127 433 1164 tatem
448 1137 543 1163 cum
558 1123 684 1161 huius
699 1121 920 1161 autoritate
933 1119 1243 1170 coniungerent.
1286 1119 1366 1158 Sed
1382 1119 1467 1169 ipse
1483 1119 1653 1158 tandem
1665 1119 1899 1158 Louanium

305 1190 511 1241 profectus
548 1201 714 1227 omnem
752 1187 875 1225 illum
913 1187 1078 1224 fumum
1110 1185 1170 1224 ita
1203 1184 1379 1223 discussi
1411 1187 1458 1224 vt
1491 1198 1586 1224 cum
1622 1185 1818 1224 maximis
1855 1198 1900 1224 ac

306 1255 494 1294 minimis
516 1253 720 1303 theologis
746 1265 955 1292 summam
976 1250 1142 1289 inierim
1167 1249 1407 1289 amicitiam.
1469 1250 1523 1289 In
1546 1250 1641 1289 aula
1664 1250 1901 1289 molitiones

305 1321 456 1372 partim
482 1332 698 1370 procerum
725 1320 877 1366 fauore,
900 1317 971 1367 qui
992 1316 1204 1366 theologos
1226 1315 1386 1354 omneis
1405 1315 1525 1354 vnice
1550 1315 1707 1355 habent
1726 1316 1897 1364 inuisos,

306 1387 457 1438 partim
477 1384 746 1431 eruditorum,
766 1385 807 1421 et
828 1383 874 1420 in
892 1381 960 1420 his
978 1381 1193 1431 praecipue
1208 1380 1414 1430 Theatini,
1432 1394 1554 1431 opera
1573 1381 1769 1420 coercitae
1789 1383 1898 1420 sunt.

253 1467 291 1490 10
360 1452 434 1490 Τὸν
451 1450 624 1501 χρησμὸν
642 1450 706 1487 τὸν
726 1449 907 1497 σωτήριον
927 1446 1171 1485 iamdudum
1199 1448 1381 1494 expecto.
1442 1446 1559 1494 Quod
1579 1447 1615 1484 si
1640 1460 1725 1485 non
1749 1459 1900 1485 succes-

307 1517 419 1565 serit,
458 1517 545 1554 tam
583 1514 707 1564 periit
744 1513 946 1563 Ἐράσμιος
982 1525 1106 1562 quam
1144 1513 1328 1550 extrema
1364 1511 1470 1560 faba,
1509 1522 1641 1561 neque
1680 1512 1900 1562 quicquam

309 1582 494 1633 superest
533 1579 617 1618 nisi
653 1581 700 1618 vt
737 1579 801 1617 illi
837 1577 1096 1628 epitaphium
1133 1589 1262 1626 pares.
1319 1576 1525 1626 Equidem
1562 1576 1805 1615 maluissem
1838 1576 1903 1615 bis

309 1647 483 1686 Romam
510 1644 713 1695 proficisci
741 1656 865 1694 quam
894 1643 971 1681 hoc
999 1644 1086 1681 tam
1115 1641 1278 1680 diutino
1306 1641 1444 1680 taedio
1471 1642 1653 1680 cruciari.
1712 1642 1796 1680 Nec
1825 1642 1903 1681 hoc

309 1712 398 1751 dico
419 1725 499 1761 quo
526 1713 648 1749 tuum
676 1709 835 1748 eleuem
858 1707 1115 1746 beneficium.
1177 1706 1269 1745 Scio
1295 1719 1456 1745 moram
1485 1706 1591 1745 hanc
1616 1720 1701 1745 non
1726 1707 1791 1745 tui
1816 1720 1903 1746 esse

254 1796 290 1828 15
309 1777 439 1816 animi
468 1776 536 1815 sed
566 1776 648 1814 mei
676 1775 764 1813 fati.
821 1773 1132 1823 Hieronymum
1168 1771 1433 1810 librariorum
1471 1771 1664 1810 manibus
1698 1772 1900 1819 commisi,

310 1856 389 1893 quo
427 1841 722 1880 concinnatum
759 1840 996 1878 mitterem:
1041 1837 1071 1875 ii
1109 1850 1184 1876 suo
1221 1850 1335 1875 more
1375 1837 1474 1876 dant
1512 1837 1645 1876 verba.
1713 1837 1831 1887 Quod
1869 1838 1905 1876 si

312 1907 500 1946 nondum
528 1906 679 1950 emisti,
708 1905 901 1943 mittam:
933 1906 1025 1942 tum
1054 1902 1248 1953 quicquid
1277 1902 1493 1953 imperaris
1520 1902 1716 1953 pecuniae
1743 1905 1907 1953 praesto

311 1973 399 2011 erit.
456 1972 540 2010 Nec
567 1984 749 2021 vnquam
777 1971 919 2008 tamen
947 1969 1133 2008 desinam
1160 1968 1206 2006 in
1236 1967 1417 2007 solidum
1445 1968 1523 2006 hoc
1550 1967 1801 2007 beneficium
1827 1968 1905 2007 tibi

314 2037 469 2076 debere.
526 2037 707 2079 Tantum
744 2037 906 2074 matura
935 2035 981 2072 vt
1019 2035 1116 2073 ante
1150 2033 1309 2072 Pascha
1346 2034 1427 2072 sim
1464 2033 1695 2081 incolumis,
1731 2047 1908 2084 vereque

257 2123 296 2145 20
312 2101 607 2152 Aesculapium
643 2103 816 2151 praesta.
873 2100 991 2149 Quod
1029 2100 1063 2137 si
1096 2099 1195 2150 quid
1233 2098 1386 2137 incidet
1425 2112 1496 2137 cur
1533 2098 1640 2137 mihi
1677 2099 1732 2137 sit
1770 2099 1906 2149 despe-

314 2168 507 2215 randum,
526 2167 714 2205 beneficii
732 2179 826 2216 pars
846 2166 970 2204 fuerit
989 2165 1105 2204 inani
1131 2178 1202 2214 spe
1221 2164 1535 2214 quamprimum
1559 2163 1727 2203 liberari
1741 2179 1751 2213 3
1781 2178 1907 2215 quan-

314 2247 438 2284 quam
477 2246 528 2271 ne
567 2233 777 2282 desperem
810 2234 933 2270 tuum
970 2230 1188 2281 ingenium
1225 2229 1333 2269 facit.
1392 2230 1523 2268 Offert
1555 2229 1691 2268 Gallia
1728 2231 1909 2269 monteis

313 2312 482 2337 aureos:
522 2298 592 2336 sed
621 2298 727 2336 mihi
755 2309 907 2336 manus
935 2296 1152 2335 obstrictae
1182 2297 1291 2334 sunt.
1348 2294 1393 2334 Si
1421 2294 1520 2345 quid
1549 2294 1676 2333 habes
1702 2295 1811 2345 quod
1840 2308 1909 2333 me

315 2365 359 2403 in
377 2364 509 2404 vitam
539 2363 740 2411 restituat,
763 2364 884 2401 mitte
912 2375 984 2413 per
1010 2362 1184 2410 Morum,
1213 2361 1296 2399 nisi
1324 2360 1543 2410 contigerit
1572 2360 1735 2399 certior.
1792 2360 1909 2399 Bene

259 2449 273 2469 2
281 2447 297 2479 5
315 2430 417 2469 vale.
474 2428 766 2478 Antuuerpiae.
815 2427 938 2466 Sexto
958 2427 1042 2466 Cal.
1063 2426 1246 2465 Martias.
1294 2439 1326 2464 M
1349 2439 1481 2464 D.XVI.

361 2561 391 2582 2.
414 2551 510 2581 viam
526 2552 572 2580 F:
595 2549 633 2579 vi
650 2549 717 2579 offii
734 2550 771 2579 E.
903 2557 938 2586 3.
959 2547 1087 2577 Atensi
1104 2549 1154 2576 F:
1179 2546 1220 2578 N.
1238 2549 1276 2577 E.
1402 2556 1433 2583 4.
1459 2544 1608 2576 simulat
1625 2548 1662 2576 F.
1788 2546 1820 2576 8.
1843 2545 1907 2584 qui

320 2619 327 2626 .
345 2618 352 2625 .
375 2618 383 2626 .
400 2594 537 2625 inuisos
553 2603 610 2623 om.
627 2595 664 2623 F.
797 2601 852 2631 25.
877 2591 1026 2622 Martias
1041 2601 1099 2622 om.
1117 2593 1158 2621 N.
1247 2599 1272 2620 M
1289 2598 1384 2619 D-XVI
1401 2590 1475 2619 add.
1492 2591 1534 2619 H.

361 2747 391 2775 3.
416 2736 638 2776 nocentiore]
658 2735 708 2766 Cf.
729 2736 793 2775 Ep.
813 2744 887 2774 337.
905 2743 969 2774 373
986 2745 1020 2765 n.
1193 2742 1242 2771 17.
1258 2731 1446 2772 pecuniae]
1458 2740 1541 2762 over
1551 2731 1613 2761 the
1626 2730 1909 2770 dispensations;

362 2789 392 2818 5.
419 2779 634 2820 Louanium]
658 2779 708 2810 Cf.
729 2789 760 2819 p.
781 2780 853 2817 426.
1146 2776 1190 2807 cf.
1208 2776 1294 2816 Epp.
1313 2786 1385 2815 479.
1406 2785 1456 2814 10,
1478 2784 1504 2813 1,
1524 2785 1598 2813 447.
1617 2776 1678 2813 767
1697 2784 1733 2807 n.

361 2834 393 2862 9.
429 2823 613 2863 Theatini]
651 2822 808 2862 Caraffa;
844 2821 889 2853 cf.
917 2821 979 2861 Ep.
1003 2822 1077 2859 287.
1194 2830 1243 2859 19.
1270 2818 1420 2859 Pascha]
1448 2827 1486 2848 12
1503 2817 1607 2858 April
1626 2826 1717 2857 1517.

322 2875 339 2904 7
357 2877 393 2897 n.
1190 2873 1242 2894 20.
1269 2861 1537 2902 Aesculapium]
1569 2861 1619 2892 Cf.
1650 2861 1739 2901 Epp.
1765 2861 1840 2900 483.
1867 2870 1910 2900 32

366 2919 413 2939 10.
442 2908 605 2950 χρησμὸν]
621 2910 694 2940 The
706 2919 843 2940 answer
852 2909 942 2940 from
953 2908 1078 2945 Rome;
1147 2907 1219 2938 and
1235 2907 1312 2946 498.
1325 2908 1377 2944 36.

320 2952 363 2982 cf.
381 2953 441 2992 Ep.
461 2963 523 2990 447
541 2953 670 2984 introd.
1192 2960 1243 2981 22.
1268 2948 1400 2989 Gallia]
1426 2949 1476 2980 Cf.
1496 2948 1582 2988 Epp.
1597 2957 1672 2987 522,
1689 2949 1755 2979 etc.

360 3005 380 3024 .1
389 3004 414 3026 1.
441 2994 620 3036 Ἐράσμιος]
645 2995 695 3027 Cf.
716 2995 777 3036 Ep.
797 2997 871 3034 463.
889 3005 931 3035 70
946 3005 979 3026 n.
1191 3004 1242 3032 24.
1269 3003 1333 3034 per
1349 2991 1505 3032 Morum]
1523 2991 1577 3023 Of.
1594 2992 1659 3032 Ep.
1677 2992 1751 3031 498.
1769 2991 1821 3023 28.
