<?xml version="1.0" encoding="UTF-8"?>
<!DOCTYPE html PUBLIC "-//W3C//DTD XHTML 1.0 Transitional//EN"
    "http://www.w3.org/TR/xhtml1/DTD/xhtml1-transitional.dtd">
<html xmlns="http://www.w3.org/1999/xhtml" xml:lang="en" lang="en">
 <head>
  <title>
</title>
<meta http-equiv="Content-Type" content="text/html;charset=utf-8" />
  <meta name='ocr-system' content='tesseract 3.04.00' />
  <meta name='ocr-capabilities' content='ocr_page ocr_carea ocr_par ocr_line ocrx_word'/>
</head>
<body>
  <div class='ocr_page' id='page_1' title='image "./opusepistolarumd02erasuoft/opusepistolarumd02erasuoft_0045.png"; bbox 0 0 2073 3464; ppageno 0'>
   <div class='ocr_carea' id='block_1_1' title="bbox 193 155 1792 210">
    <p class='ocr_par' dir='ltr' id='par_1_1' title="bbox 193 155 1792 210">
     <span class='ocr_line' id='line_1_1' title="bbox 193 155 1792 210; baseline -0.001 -14"><span class='ocrx_word' id='word_1_1' title='bbox 193 155 290 210; x_wconf 86' lang='lat'><strong>305]</strong></span> <span class='ocrx_word' id='word_1_2' title='bbox 639 156 709 194; x_wconf 88' lang='grc' dir='ltr'>ΤΟ</span> <span class='ocrx_word' id='word_1_3' title='bbox 745 155 928 196; x_wconf 84' lang='lat' dir='ltr'>JAMEs</span> <span class='ocrx_word' id='word_1_4' title='bbox 967 155 1345 195; x_wconf 87' lang='lat' dir='ltr'>WIMPFELING</span> <span class='ocrx_word' id='word_1_5' title='bbox 1741 157 1792 195; x_wconf 83' lang='lat'>21</span> 
     </span>
    </p>
   </div>
   <div class='ocr_carea' id='block_1_2' title="bbox 171 264 1792 2666">
    <p class='ocr_par' dir='ltr' id='par_1_2' title="bbox 187 264 1792 632">
     <span class='ocr_line' id='line_1_2' title="bbox 190 264 1792 317; baseline 0 -12"><span class='ocrx_word' id='word_1_6' title='bbox 190 266 572 317; x_wconf 84' lang='lat' dir='ltr'>Wimphelingum.</span> <span class='ocrx_word' id='word_1_7' title='bbox 631 264 834 304; x_wconf 86' lang='lat' dir='ltr'>Mathiam</span> <span class='ocrx_word' id='word_1_8' title='bbox 872 265 1000 316; x_wconf 85' lang='lat' dir='ltr'>igitur</span> <span class='ocrx_word' id='word_1_9' title='bbox 1037 264 1120 304; x_wconf 90' lang='lat' dir='ltr'>nisi</span> <span class='ocrx_word' id='word_1_10' title='bbox 1153 265 1421 303; x_wconf 88' lang='lat' dir='ltr'>vehementer</span> <span class='ocrx_word' id='word_1_11' title='bbox 1458 277 1604 313; x_wconf 83' lang='lat' dir='ltr'>amem,</span> <span class='ocrx_word' id='word_1_12' title='bbox 1642 266 1792 305; x_wconf 86' lang='lat' dir='ltr'>merito</span> 
     </span>
     <span class='ocr_line' id='line_1_3' title="bbox 187 330 1792 380; baseline -0.001 -9"><span class='ocrx_word' id='word_1_13' title='bbox 187 332 302 371; x_wconf 89' lang='lat' dir='ltr'>dicar</span> <span class='ocrx_word' id='word_1_14' title='bbox 332 332 485 370; x_wconf 85' lang='lat' dir='ltr'>ferrum</span> <span class='ocrx_word' id='word_1_15' title='bbox 519 333 560 369; x_wconf 88' lang='lat' dir='ltr'>et</span> <span class='ocrx_word' id='word_1_16' title='bbox 597 331 858 370; x_wconf 89' lang='lat' dir='ltr'>adamantem</span> <span class='ocrx_word' id='word_1_17' title='bbox 892 333 1050 380; x_wconf 84' lang='lat' dir='ltr'>gestare</span> <span class='ocrx_word' id='word_1_18' title='bbox 1080 330 1125 369; x_wconf 90' lang='lat' dir='ltr'>in</span> <span class='ocrx_word' id='word_1_19' title='bbox 1155 331 1329 380; x_wconf 91' lang='lat' dir='ltr'>pectore,</span> <span class='ocrx_word' id='word_1_20' title='bbox 1365 331 1464 368; x_wconf 90' lang='lat' dir='ltr'>adeo</span> <span class='ocrx_word' id='word_1_21' title='bbox 1508 343 1575 368; x_wconf 90' lang='lat' dir='ltr'>me</span> <span class='ocrx_word' id='word_1_22' title='bbox 1608 331 1720 380; x_wconf 92' lang='lat' dir='ltr'>prior</span> <span class='ocrx_word' id='word_1_23' title='bbox 1751 334 1792 370; x_wconf 86' lang='lat' dir='ltr'>et</span> 
     </span>
     <span class='ocr_line' id='line_1_4' title="bbox 188 395 1790 446; baseline 0 -10"><span class='ocrx_word' id='word_1_24' title='bbox 188 397 330 436; x_wconf 91' lang='lat' dir='ltr'>officiis</span> <span class='ocrx_word' id='word_1_25' title='bbox 350 397 436 436; x_wconf 89' lang='lat' dir='ltr'>suis</span> <span class='ocrx_word' id='word_1_26' title='bbox 455 398 496 435; x_wconf 89' lang='lat' dir='ltr'>et</span> <span class='ocrx_word' id='word_1_27' title='bbox 514 396 722 435; x_wconf 88' lang='lat' dir='ltr'>beneficiis</span> <span class='ocrx_word' id='word_1_28' title='bbox 741 396 791 435; x_wconf 86' lang='lat' dir='ltr'>ad</span> <span class='ocrx_word' id='word_1_29' title='bbox 811 396 1037 435; x_wconf 83' lang='lat' dir='ltr'>amicitiam</span> <span class='ocrx_word' id='word_1_30' title='bbox 1056 396 1307 446; x_wconf 86' lang='lat' dir='ltr'>prouocauit.</span> <span class='ocrx_word' id='word_1_31' title='bbox 1369 395 1510 446; x_wconf 80' lang='lat' dir='ltr'>Neque</span> <span class='ocrx_word' id='word_1_32' title='bbox 1531 397 1790 436; x_wconf 86' lang='lat' dir='ltr'>committam</span> 
     </span>
     <span class='ocr_line' id='line_1_5' title="bbox 190 460 1791 511; baseline 0 -10"><span class='ocrx_word' id='word_1_33' title='bbox 190 464 237 501; x_wconf 87' lang='lat' dir='ltr'>vt</span> <span class='ocrx_word' id='word_1_34' title='bbox 275 463 416 501; x_wconf 88' lang='lat' dir='ltr'>animo</span> <span class='ocrx_word' id='word_1_35' title='bbox 454 464 560 500; x_wconf 88' lang='lat' dir='ltr'>certe</span> <span class='ocrx_word' id='word_1_36' title='bbox 599 461 819 510; x_wconf 89' lang='lat' dir='ltr'>studioque</span> <span class='ocrx_word' id='word_1_37' title='bbox 852 461 995 499; x_wconf 88' lang='lat' dir='ltr'>videar</span> <span class='ocrx_word' id='word_1_38' title='bbox 1033 462 1260 511; x_wconf 86' lang='lat' dir='ltr'>superatus,</span> <span class='ocrx_word' id='word_1_39' title='bbox 1301 460 1428 499; x_wconf 82' lang='lat' dir='ltr'>etiam</span> <span class='ocrx_word' id='word_1_40' title='bbox 1461 461 1497 499; x_wconf 92' lang='lat' dir='ltr'>si</span> <span class='ocrx_word' id='word_1_41' title='bbox 1530 461 1602 500; x_wconf 92' lang='lat' dir='ltr'>ille</span> <span class='ocrx_word' id='word_1_42' title='bbox 1635 461 1791 511; x_wconf 83' lang='lat' dir='ltr'>priores</span> 
     </span>
     <span class='ocr_line' id='line_1_6' title="bbox 188 526 1789 578; baseline -0.001 -11"><span class='ocrx_word' id='word_1_43' title='bbox 188 528 432 578; x_wconf 84' lang='lat' dir='ltr'>occupauit;</span> <span class='ocrx_word' id='word_1_44' title='bbox 469 539 659 577; x_wconf 82' lang='lat' dir='ltr'>assequar</span> <span class='ocrx_word' id='word_1_45' title='bbox 679 526 902 576; x_wconf 81' lang='lat' dir='ltr'>aliquando</span> <span class='ocrx_word' id='word_1_46' title='bbox 926 528 966 564; x_wconf 91' lang='lat' dir='ltr'>et</span> <span class='ocrx_word' id='word_1_47' title='bbox 994 526 1149 573; x_wconf 85' lang='lat' dir='ltr'>officiis,</span> <span class='ocrx_word' id='word_1_48' title='bbox 1179 526 1214 564; x_wconf 90' lang='lat' dir='ltr'>si</span> <span class='ocrx_word' id='word_1_49' title='bbox 1240 526 1363 564; x_wconf 88' lang='lat' dir='ltr'>modo</span> <span class='ocrx_word' id='word_1_50' title='bbox 1388 539 1473 564; x_wconf 87' lang='lat' dir='ltr'>non</span> <span class='ocrx_word' id='word_1_51' title='bbox 1493 526 1630 565; x_wconf 88' lang='lat' dir='ltr'>desint</span> <span class='ocrx_word' id='word_1_52' title='bbox 1650 527 1789 566; x_wconf 86' lang='lat' dir='ltr'>animo</span> 
     </span>
     <span class='ocr_line' id='line_1_7' title="bbox 188 592 309 632; baseline 0.017 -2"><span class='ocrx_word' id='word_1_53' title='bbox 188 592 309 632; x_wconf 81' lang='lat' dir='ltr'>vires.</span> 
     </span>
    </p>

    <p class='ocr_par' dir='ltr' id='par_1_3' title="bbox 178 655 1787 2078">
     <span class='ocr_line' id='line_1_8' title="bbox 243 655 1787 705; baseline -0.001 -8"><span class='ocrx_word' id='word_1_54' title='bbox 243 659 311 697; x_wconf 90' lang='lat' dir='ltr'>Ad</span> <span class='ocrx_word' id='word_1_55' title='bbox 340 658 439 696; x_wconf 87' lang='lat' dir='ltr'>haec</span> <span class='ocrx_word' id='word_1_56' title='bbox 464 655 663 695; x_wconf 89' lang='lat' dir='ltr'>salutabis</span> <span class='ocrx_word' id='word_1_57' title='bbox 689 655 995 694; x_wconf 77' lang='lat' dir='ltr'>accuratissime</span> <span class='ocrx_word' id='word_1_58' title='bbox 1024 655 1321 694; x_wconf 85' lang='lat' dir='ltr'>Hieronimum</span> <span class='ocrx_word' id='word_1_59' title='bbox 1353 656 1634 705; x_wconf 81' lang='lat' dir='ltr'>Gebulerium,</span> <span class='ocrx_word' id='word_1_60' title='bbox 1656 669 1787 696; x_wconf 91' lang='lat' dir='ltr'>vnum</span> 
     </span>
     <span class='ocr_line' id='line_1_9' title="bbox 187 720 1785 772; baseline 0.001 -11"><span class='ocrx_word' id='word_1_61' title='bbox 187 722 378 761; x_wconf 87' lang='lat' dir='ltr'>omnium</span> <span class='ocrx_word' id='word_1_62' title='bbox 403 734 505 771; x_wconf 90' lang='lat' dir='ltr'>quos</span> <span class='ocrx_word' id='word_1_63' title='bbox 530 721 662 759; x_wconf 89' lang='lat' dir='ltr'>adhuc</span> <span class='ocrx_word' id='word_1_64' title='bbox 686 720 866 759; x_wconf 89' lang='lat' dir='ltr'>viderim</span> <span class='ocrx_word' id='word_1_65' title='bbox 892 721 1259 768; x_wconf 88' lang='lat' dir='ltr'>humanissimum,</span> <span class='ocrx_word' id='word_1_66' title='bbox 1285 721 1357 770; x_wconf 88' lang='lat' dir='ltr'>qui</span> <span class='ocrx_word' id='word_1_67' title='bbox 1386 735 1454 760; x_wconf 89' lang='lat' dir='ltr'>me</span> <span class='ocrx_word' id='word_1_68' title='bbox 1477 723 1564 761; x_wconf 85' lang='lat' dir='ltr'>suis</span> <span class='ocrx_word' id='word_1_69' title='bbox 1583 723 1785 772; x_wconf 84' lang='lat' dir='ltr'>laudibus,</span> 
     </span>
     <span class='ocr_line' id='line_1_10' title="bbox 186 785 1784 836; baseline 0 -10"><span class='ocrx_word' id='word_1_70' title='bbox 186 787 437 826; x_wconf 77' lang='lat' dir='ltr'>doctissimis</span> <span class='ocrx_word' id='word_1_71' title='bbox 467 785 634 836; x_wconf 90' lang='lat' dir='ltr'>quidem</span> <span class='ocrx_word' id='word_1_72' title='bbox 667 785 754 824; x_wconf 89' lang='lat' dir='ltr'>illis</span> <span class='ocrx_word' id='word_1_73' title='bbox 787 786 857 824; x_wconf 88' lang='lat' dir='ltr'>sed</span> <span class='ocrx_word' id='word_1_74' title='bbox 885 785 1017 835; x_wconf 83' lang='lat' dir='ltr'>plane,</span> <span class='ocrx_word' id='word_1_75' title='bbox 1052 788 1098 824; x_wconf 90' lang='lat' dir='ltr'>vt</span> <span class='ocrx_word' id='word_1_76' title='bbox 1134 786 1368 824; x_wconf 83' lang='lat' dir='ltr'>Germanus</span> <span class='ocrx_word' id='word_1_77' title='bbox 1403 787 1608 826; x_wconf 81' lang='lat' dir='ltr'>Germane</span> <span class='ocrx_word' id='word_1_78' title='bbox 1639 788 1784 836; x_wconf 89' lang='lat' dir='ltr'>dicam,</span> 
     </span>
     <span class='ocr_line' id='line_1_11' title="bbox 185 850 1787 902; baseline 0 -11"><span class='ocrx_word' id='word_1_79' title='bbox 185 852 435 899; x_wconf 82' lang='lat' dir='ltr'>vanissimis,</span> <span class='ocrx_word' id='word_1_80' title='bbox 456 851 508 890; x_wconf 89' lang='lat' dir='ltr'>ad</span> <span class='ocrx_word' id='word_1_81' title='bbox 529 850 691 890; x_wconf 90' lang='lat' dir='ltr'>coelum</span> <span class='ocrx_word' id='word_1_82' title='bbox 719 863 847 901; x_wconf 87' lang='lat' dir='ltr'>vsque</span> <span class='ocrx_word' id='word_1_83' title='bbox 874 851 1002 889; x_wconf 85' lang='lat' dir='ltr'>vexit.</span> <span class='ocrx_word' id='word_1_84' title='bbox 1059 850 1113 888; x_wconf 78' lang='lat' dir='ltr'>Et</span> <span class='ocrx_word' id='word_1_85' title='bbox 1141 850 1199 889; x_wconf 88' lang='lat' dir='ltr'>sic</span> <span class='ocrx_word' id='word_1_86' title='bbox 1220 851 1419 889; x_wconf 90' lang='lat' dir='ltr'>orationis</span> <span class='ocrx_word' id='word_1_87' title='bbox 1438 864 1534 890; x_wconf 85' lang='lat' dir='ltr'>suae</span> <span class='ocrx_word' id='word_1_88' title='bbox 1554 853 1787 902; x_wconf 83' lang='lat' dir='ltr'>praestigiis</span> 
     </span>
     <span class='ocr_line' id='line_1_12' title="bbox 184 915 1786 968; baseline 0.001 -12"><span class='ocrx_word' id='word_1_89' title='bbox 184 917 291 957; x_wconf 88' lang='lat' dir='ltr'>mihi</span> <span class='ocrx_word' id='word_1_90' title='bbox 310 916 520 968; x_wconf 78' lang='lat' dir='ltr'>imposuit,</span> <span class='ocrx_word' id='word_1_91' title='bbox 542 917 588 954; x_wconf 88' lang='lat' dir='ltr'>vt</span> <span class='ocrx_word' id='word_1_92' title='bbox 608 928 775 966; x_wconf 88' lang='lat' dir='ltr'>prorsus</span> <span class='ocrx_word' id='word_1_93' title='bbox 799 916 887 966; x_wconf 88' lang='lat' dir='ltr'>ipse</span> <span class='ocrx_word' id='word_1_94' title='bbox 911 916 1018 954; x_wconf 89' lang='lat' dir='ltr'>mihi</span> <span class='ocrx_word' id='word_1_95' title='bbox 1042 915 1207 954; x_wconf 88' lang='lat' dir='ltr'>viderer</span> <span class='ocrx_word' id='word_1_96' title='bbox 1225 915 1382 966; x_wconf 91' lang='lat' dir='ltr'>aliquid</span> <span class='ocrx_word' id='word_1_97' title='bbox 1403 929 1500 966; x_wconf 87' lang='lat' dir='ltr'>esse,</span> <span class='ocrx_word' id='word_1_98' title='bbox 1523 917 1673 967; x_wconf 82' lang='lat' dir='ltr'>vixque</span> <span class='ocrx_word' id='word_1_99' title='bbox 1692 921 1786 967; x_wconf 85' lang='lat' dir='ltr'>post</span> 
     </span>
     <span class='ocr_line' id='line_1_13' title="bbox 185 980 1785 1031; baseline 0 -10"><span class='ocrx_word' id='word_1_100' title='bbox 185 983 359 1021; x_wconf 88' lang='lat' dir='ltr'>biduum</span> <span class='ocrx_word' id='word_1_101' title='bbox 379 982 429 1020; x_wconf 87' lang='lat' dir='ltr'>ad</span> <span class='ocrx_word' id='word_1_102' title='bbox 451 994 516 1020; x_wconf 91' lang='lat' dir='ltr'>me</span> <span class='ocrx_word' id='word_1_103' title='bbox 539 980 748 1029; x_wconf 86' lang='lat' dir='ltr'>redierim,</span> <span class='ocrx_word' id='word_1_104' title='bbox 773 981 866 1031; x_wconf 88' lang='lat' dir='ltr'>quis</span> <span class='ocrx_word' id='word_1_105' title='bbox 891 994 1023 1020; x_wconf 89' lang='lat' dir='ltr'>essem</span> <span class='ocrx_word' id='word_1_106' title='bbox 1047 994 1285 1031; x_wconf 86' lang='lat' dir='ltr'>agnoscens.</span> <span class='ocrx_word' id='word_1_107' title='bbox 1345 980 1562 1020; x_wconf 88' lang='lat' dir='ltr'>Praeterea</span> <span class='ocrx_word' id='word_1_108' title='bbox 1583 982 1785 1021; x_wconf 88' lang='lat' dir='ltr'>Ioannem</span> 
     </span>
     <span class='ocr_line' id='line_1_14' title="bbox 186 1046 1783 1098; baseline -0.001 -11"><span class='ocrx_word' id='word_1_109' title='bbox 186 1047 554 1098; x_wconf 86' lang='lat' dir='ltr'>Rudalphingium,</span> <span class='ocrx_word' id='word_1_110' title='bbox 582 1046 703 1096; x_wconf 89' lang='lat' dir='ltr'>plane</span> <span class='ocrx_word' id='word_1_111' title='bbox 731 1047 1002 1095; x_wconf 82' lang='grc' dir='ltr'>μουσικότατον</span> <span class='ocrx_word' id='word_1_112' title='bbox 1028 1060 1113 1084; x_wconf 90' lang='lat' dir='ltr'>non</span> <span class='ocrx_word' id='word_1_113' title='bbox 1142 1047 1279 1085; x_wconf 88' lang='lat' dir='ltr'>solum</span> <span class='ocrx_word' id='word_1_114' title='bbox 1305 1049 1392 1085; x_wconf 86' lang='lat' dir='ltr'>arte</span> <span class='ocrx_word' id='word_1_115' title='bbox 1420 1048 1489 1086; x_wconf 86' lang='lat' dir='ltr'>sed</span> <span class='ocrx_word' id='word_1_116' title='bbox 1515 1049 1558 1085; x_wconf 87' lang='lat' dir='ltr'>et</span> <span class='ocrx_word' id='word_1_117' title='bbox 1586 1047 1783 1094; x_wconf 90' lang='lat' dir='ltr'>moribus,</span> 
     </span>
     <span class='ocr_line' id='line_1_15' title="bbox 183 1110 1784 1163; baseline 0.001 -12"><span class='ocrx_word' id='word_1_118' title='bbox 183 1115 262 1153; x_wconf 82' lang='lat' dir='ltr'>hoc</span> <span class='ocrx_word' id='word_1_119' title='bbox 310 1115 374 1152; x_wconf 89' lang='lat' dir='ltr'>est</span> <span class='ocrx_word' id='word_1_120' title='bbox 414 1110 738 1151; x_wconf 87' lang='lat' dir='ltr'>festiuissimum</span> <span class='ocrx_word' id='word_1_121' title='bbox 783 1114 824 1150; x_wconf 85' lang='lat' dir='ltr'>et</span> <span class='ocrx_word' id='word_1_122' title='bbox 871 1111 1284 1162; x_wconf 87' lang='lat' dir='ltr'>compositissimum,</span> <span class='ocrx_word' id='word_1_123' title='bbox 1330 1112 1400 1163; x_wconf 86' lang='lat' dir='ltr'>qui</span> <span class='ocrx_word' id='word_1_124' title='bbox 1446 1126 1514 1151; x_wconf 88' lang='lat' dir='ltr'>me</span> <span class='ocrx_word' id='word_1_125' title='bbox 1559 1126 1643 1152; x_wconf 86' lang='lat' dir='ltr'>vna</span> <span class='ocrx_word' id='word_1_126' title='bbox 1690 1127 1784 1152; x_wconf 88' lang='lat' dir='ltr'>cum</span> 
     </span>
     <span class='ocr_line' id='line_1_16' title="bbox 186 1176 1783 1229; baseline 0.001 -13"><span class='ocrx_word' id='word_1_127' title='bbox 186 1179 434 1218; x_wconf 89' lang='lat' dir='ltr'>Hieronimo</span> <span class='ocrx_word' id='word_1_128' title='bbox 453 1178 503 1217; x_wconf 88' lang='lat' dir='ltr'>ad</span> <span class='ocrx_word' id='word_1_129' title='bbox 530 1176 766 1227; x_wconf 85' lang='lat' dir='ltr'>proximum</span> <span class='ocrx_word' id='word_1_130' title='bbox 795 1177 1074 1217; x_wconf 87' lang='lat' dir='ltr'>diuersorium</span> <span class='ocrx_word' id='word_1_131' title='bbox 1099 1178 1160 1216; x_wconf 87' lang='lat' dir='ltr'>est</span> <span class='ocrx_word' id='word_1_132' title='bbox 1185 1180 1438 1227; x_wconf 84' lang='lat' dir='ltr'>prosecutus.</span> <span class='ocrx_word' id='word_1_133' title='bbox 1501 1179 1644 1228; x_wconf 87' lang='lat' dir='ltr'>Neque</span> <span class='ocrx_word' id='word_1_134' title='bbox 1674 1193 1783 1229; x_wconf 85' lang='lat' dir='ltr'>prae-</span> 
     </span>
     <span class='ocr_line' id='line_1_17' title="bbox 183 1241 1778 1293; baseline 0.001 -12"><span class='ocrx_word' id='word_1_135' title='bbox 183 1244 327 1283; x_wconf 75' lang='lat' dir='ltr'>teribis</span> <span class='ocrx_word' id='word_1_136' title='bbox 354 1244 613 1290; x_wconf 87' lang='lat' dir='ltr'>Othmarum,</span> <span class='ocrx_word' id='word_1_137' title='bbox 645 1241 860 1281; x_wconf 84' lang='lat' dir='ltr'>hominem</span> <span class='ocrx_word' id='word_1_138' title='bbox 890 1243 994 1281; x_wconf 91' lang='lat' dir='ltr'>citra</span> <span class='ocrx_word' id='word_1_139' title='bbox 1024 1243 1358 1293; x_wconf 79' lang='lat' dir='ltr'>ostentationem,</span> <span class='ocrx_word' id='word_1_140' title='bbox 1390 1246 1438 1282; x_wconf 84' lang='lat' dir='ltr'>vt</span> <span class='ocrx_word' id='word_1_141' title='bbox 1467 1244 1573 1282; x_wconf 90' lang='lat' dir='ltr'>mihi</span> <span class='ocrx_word' id='word_1_142' title='bbox 1602 1244 1778 1293; x_wconf 86' lang='lat' dir='ltr'>videtur,</span> 
     </span>
     <span class='ocr_line' id='line_1_18' title="bbox 180 1308 1782 1359; baseline -0.001 -11"><span class='ocrx_word' id='word_1_143' title='bbox 180 1309 404 1356; x_wconf 88' lang='lat' dir='ltr'>eruditum,</span> <span class='ocrx_word' id='word_1_144' title='bbox 447 1308 519 1359; x_wconf 88' lang='lat' dir='ltr'>qui</span> <span class='ocrx_word' id='word_1_145' title='bbox 545 1322 621 1348; x_wconf 90' lang='lat' dir='ltr'>nos</span> <span class='ocrx_word' id='word_1_146' title='bbox 661 1308 749 1347; x_wconf 86' lang='lat' dir='ltr'>suis</span> <span class='ocrx_word' id='word_1_147' title='bbox 789 1308 912 1347; x_wconf 87' lang='lat' dir='ltr'>toties</span> <span class='ocrx_word' id='word_1_148' title='bbox 949 1321 1092 1347; x_wconf 89' lang='lat' dir='ltr'>vocem</span> <span class='ocrx_word' id='word_1_149' title='bbox 1132 1308 1398 1347; x_wconf 89' lang='lat' dir='ltr'>mutantibus</span> <span class='ocrx_word' id='word_1_150' title='bbox 1439 1310 1595 1356; x_wconf 86' lang='lat' dir='ltr'>cannis,</span> <span class='ocrx_word' id='word_1_151' title='bbox 1629 1311 1675 1347; x_wconf 90' lang='lat' dir='ltr'>vt</span> <span class='ocrx_word' id='word_1_152' title='bbox 1717 1309 1782 1348; x_wconf 87' lang='lat' dir='ltr'>vel</span> 
     </span>
     <span class='ocr_line' id='line_1_19' title="bbox 183 1373 1782 1425; baseline 0.001 -13"><span class='ocrx_word' id='word_1_153' title='bbox 183 1375 403 1414; x_wconf 75' lang='lat' dir='ltr'>lusciniam</span> <span class='ocrx_word' id='word_1_154' title='bbox 440 1374 664 1422; x_wconf 90' lang='lat' dir='ltr'>vincerent,</span> <span class='ocrx_word' id='word_1_155' title='bbox 702 1373 800 1412; x_wconf 87' lang='lat' dir='ltr'>adeo</span> <span class='ocrx_word' id='word_1_156' title='bbox 839 1373 1059 1413; x_wconf 85' lang='lat' dir='ltr'>delectauit</span> <span class='ocrx_word' id='word_1_157' title='bbox 1091 1375 1139 1412; x_wconf 87' lang='lat' dir='ltr'>vt</span> <span class='ocrx_word' id='word_1_158' title='bbox 1177 1373 1322 1412; x_wconf 87' lang='lat' dir='ltr'>diuina</span> <span class='ocrx_word' id='word_1_159' title='bbox 1360 1375 1536 1424; x_wconf 88' lang='lat' dir='ltr'>quadam</span> <span class='ocrx_word' id='word_1_160' title='bbox 1569 1375 1782 1425; x_wconf 85' lang='lat' dir='ltr'>voluptate</span> 
     </span>
     <span class='ocr_line' id='line_1_20' title="bbox 182 1439 1782 1490; baseline -0.001 -11"><span class='ocrx_word' id='word_1_161' title='bbox 182 1441 289 1490; x_wconf 86' lang='lat' dir='ltr'>rapti</span> <span class='ocrx_word' id='word_1_162' title='bbox 334 1439 579 1479; x_wconf 86' lang='lat' dir='ltr'>videremur.</span> <span class='ocrx_word' id='word_1_163' title='bbox 655 1439 813 1478; x_wconf 87' lang='lat' dir='ltr'>Eadem</span> <span class='ocrx_word' id='word_1_164' title='bbox 852 1452 973 1489; x_wconf 87' lang='lat' dir='ltr'>opera</span> <span class='ocrx_word' id='word_1_165' title='bbox 1017 1439 1216 1478; x_wconf 84' lang='lat' dir='ltr'>salutabis</span> <span class='ocrx_word' id='word_1_166' title='bbox 1254 1440 1410 1488; x_wconf 90' lang='lat' dir='ltr'>optime</span> <span class='ocrx_word' id='word_1_167' title='bbox 1454 1441 1541 1490; x_wconf 90' lang='lat' dir='ltr'>spei</span> <span class='ocrx_word' id='word_1_168' title='bbox 1586 1441 1782 1479; x_wconf 89' lang='lat' dir='ltr'>iuuenem</span> 
     </span>
     <span class='ocr_line' id='line_1_21' title="bbox 182 1505 1781 1553; baseline 0.001 -9"><span class='ocrx_word' id='word_1_169' title='bbox 182 1505 382 1544; x_wconf 86' lang='lat' dir='ltr'>Ioannem</span> <span class='ocrx_word' id='word_1_170' title='bbox 428 1505 662 1553; x_wconf 87' lang='lat' dir='ltr'>Ruserium,</span> <span class='ocrx_word' id='word_1_171' title='bbox 706 1505 841 1543; x_wconf 87' lang='lat' dir='ltr'>nostri</span> <span class='ocrx_word' id='word_1_172' title='bbox 887 1506 933 1543; x_wconf 88' lang='lat' dir='ltr'>vt</span> <span class='ocrx_word' id='word_1_173' title='bbox 973 1506 1088 1543; x_wconf 87' lang='lat' dir='ltr'>visus</span> <span class='ocrx_word' id='word_1_174' title='bbox 1130 1507 1193 1543; x_wconf 86' lang='lat' dir='ltr'>est</span> <span class='ocrx_word' id='word_1_175' title='bbox 1233 1505 1599 1545; x_wconf 84' lang='lat' dir='ltr'>studiosissimum.</span> <span class='ocrx_word' id='word_1_176' title='bbox 1672 1506 1781 1546; x_wconf 86' lang='lat' dir='ltr'>Item</span> 
     </span>
     <span class='ocr_line' id='line_1_22' title="bbox 180 1570 1777 1622; baseline 0.001 -13"><span class='ocrx_word' id='word_1_177' title='bbox 180 1570 507 1622; x_wconf 88' lang='lat' dir='ltr'>elegantissimos</span> <span class='ocrx_word' id='word_1_178' title='bbox 553 1571 733 1617; x_wconf 83' lang='lat' dir='ltr'>iuuenes,</span> <span class='ocrx_word' id='word_1_179' title='bbox 775 1570 1034 1620; x_wconf 85' lang='lat' dir='ltr'>Stephanum</span> <span class='ocrx_word' id='word_1_180' title='bbox 1063 1570 1283 1619; x_wconf 83' lang='lat' dir='ltr'>Tielerum‚</span> <span class='ocrx_word' id='word_1_181' title='bbox 1334 1571 1537 1610; x_wconf 87' lang='lat' dir='ltr'>Ioannem</span> <span class='ocrx_word' id='word_1_182' title='bbox 1587 1572 1777 1621; x_wconf 86' lang='lat' dir='ltr'>Guidam,</span> 
     </span>
     <span class='ocr_line' id='line_1_23' title="bbox 181 1635 1780 1687; baseline 0.001 -13"><span class='ocrx_word' id='word_1_183' title='bbox 181 1635 354 1675; x_wconf 87' lang='lat' dir='ltr'>Petrum</span> <span class='ocrx_word' id='word_1_184' title='bbox 383 1635 667 1686; x_wconf 85' lang='lat' dir='ltr'>Heldungum,</span> <span class='ocrx_word' id='word_1_185' title='bbox 700 1636 753 1685; x_wconf 82' lang='lat' dir='ltr'>et,</span> <span class='ocrx_word' id='word_1_186' title='bbox 784 1638 830 1674; x_wconf 89' lang='lat' dir='ltr'>vt</span> <span class='ocrx_word' id='word_1_187' title='bbox 858 1635 1013 1684; x_wconf 86' lang='lat' dir='ltr'>finiam,</span> <span class='ocrx_word' id='word_1_188' title='bbox 1047 1637 1226 1675; x_wconf 86' lang='lat' dir='ltr'>caeteros</span> <span class='ocrx_word' id='word_1_189' title='bbox 1256 1649 1428 1684; x_wconf 86' lang='lat' dir='ltr'>omnes;</span> <span class='ocrx_word' id='word_1_190' title='bbox 1467 1651 1645 1687; x_wconf 86' lang='lat' dir='ltr'>quorum</span> <span class='ocrx_word' id='word_1_191' title='bbox 1675 1640 1716 1676; x_wconf 90' lang='lat' dir='ltr'>et</span> <span class='ocrx_word' id='word_1_192' title='bbox 1743 1639 1780 1676; x_wconf 91' lang='lat' dir='ltr'>si</span> 
     </span>
     <span class='ocr_line' id='line_1_24' title="bbox 182 1701 1779 1752; baseline 0.002 -13"><span class='ocrx_word' id='word_1_193' title='bbox 182 1703 353 1740; x_wconf 88' lang='lat' dir='ltr'>nomina</span> <span class='ocrx_word' id='word_1_194' title='bbox 372 1715 439 1740; x_wconf 87' lang='lat' dir='ltr'>me</span> <span class='ocrx_word' id='word_1_195' title='bbox 458 1701 635 1752; x_wconf 84' lang='lat' dir='ltr'>fugiunt,</span> <span class='ocrx_word' id='word_1_196' title='bbox 658 1703 799 1740; x_wconf 90' lang='lat' dir='ltr'>tamen</span> <span class='ocrx_word' id='word_1_197' title='bbox 820 1701 1022 1739; x_wconf 90' lang='lat' dir='ltr'>memoria</span> <span class='ocrx_word' id='word_1_198' title='bbox 1042 1702 1290 1751; x_wconf 87' lang='lat' dir='ltr'>praecordiis</span> <span class='ocrx_word' id='word_1_199' title='bbox 1309 1701 1474 1741; x_wconf 89' lang='lat' dir='ltr'>intimis</span> <span class='ocrx_word' id='word_1_200' title='bbox 1492 1703 1779 1752; x_wconf 91' lang='lat' dir='ltr'>poenitissime</span> 
     </span>
     <span class='ocr_line' id='line_1_25' title="bbox 180 1766 1775 1816; baseline 0.002 -12"><span class='ocrx_word' id='word_1_201' title='bbox 180 1767 390 1816; x_wconf 86' lang='lat' dir='ltr'>insculpta</span> <span class='ocrx_word' id='word_1_202' title='bbox 409 1768 471 1805; x_wconf 89' lang='lat' dir='ltr'>est</span> <span class='ocrx_word' id='word_1_203' title='bbox 489 1769 530 1805; x_wconf 90' lang='lat' dir='ltr'>et</span> <span class='ocrx_word' id='word_1_204' title='bbox 550 1767 629 1805; x_wconf 91' lang='lat' dir='ltr'>erit</span> <span class='ocrx_word' id='word_1_205' title='bbox 650 1779 824 1815; x_wconf 89' lang='lat' dir='ltr'>semper.</span> <span class='ocrx_word' id='word_1_206' title='bbox 885 1766 994 1805; x_wconf 91' lang='lat' dir='ltr'>Nam</span> <span class='ocrx_word' id='word_1_207' title='bbox 1016 1766 1306 1806; x_wconf 83' lang='lat' dir='ltr'>Sebastianum</span> <span class='ocrx_word' id='word_1_208' title='bbox 1326 1768 1471 1816; x_wconf 86' lang='lat' dir='ltr'>Erant,</span> <span class='ocrx_word' id='word_1_209' title='bbox 1494 1770 1541 1807; x_wconf 89' lang='lat' dir='ltr'>vt</span> <span class='ocrx_word' id='word_1_210' title='bbox 1561 1769 1775 1816; x_wconf 81' lang='lat' dir='ltr'>eximium,</span> 
     </span>
     <span class='ocr_line' id='line_1_26' title="bbox 178 1831 1778 1882; baseline 0.001 -13"><span class='ocrx_word' id='word_1_211' title='bbox 178 1834 297 1870; x_wconf 81' lang='lat' dir='ltr'>extra</span> <span class='ocrx_word' id='word_1_212' title='bbox 334 1845 501 1870; x_wconf 89' lang='lat' dir='ltr'>omnem</span> <span class='ocrx_word' id='word_1_213' title='bbox 538 1833 578 1870; x_wconf 92' lang='lat' dir='ltr'>et</span> <span class='ocrx_word' id='word_1_214' title='bbox 617 1831 806 1869; x_wconf 84' lang='lat' dir='ltr'>ordinem</span> <span class='ocrx_word' id='word_1_215' title='bbox 843 1833 883 1869; x_wconf 88' lang='lat' dir='ltr'>et</span> <span class='ocrx_word' id='word_1_216' title='bbox 922 1831 1054 1870; x_wconf 89' lang='lat' dir='ltr'>aleam</span> <span class='ocrx_word' id='word_1_217' title='bbox 1092 1845 1228 1881; x_wconf 89' lang='lat' dir='ltr'>pono;</span> <span class='ocrx_word' id='word_1_218' title='bbox 1270 1846 1393 1882; x_wconf 88' lang='lat' dir='ltr'>quem</span> <span class='ocrx_word' id='word_1_219' title='bbox 1430 1846 1504 1882; x_wconf 86' lang='lat' dir='ltr'>ego</span> <span class='ocrx_word' id='word_1_220' title='bbox 1533 1833 1682 1879; x_wconf 88' lang='lat' dir='ltr'>virum,</span> <span class='ocrx_word' id='word_1_221' title='bbox 1718 1834 1778 1872; x_wconf 92' lang='lat' dir='ltr'>mi</span> 
     </span>
     <span class='ocr_line' id='line_1_27' title="bbox 181 1896 1777 1947; baseline 0.001 -12"><span class='ocrx_word' id='word_1_222' title='bbox 181 1896 503 1946; x_wconf 88' lang='lat' dir='ltr'>Wimphelinge,</span> <span class='ocrx_word' id='word_1_223' title='bbox 544 1897 653 1935; x_wconf 85' lang='lat' dir='ltr'>tanti</span> <span class='ocrx_word' id='word_1_224' title='bbox 689 1896 805 1943; x_wconf 87' lang='lat' dir='ltr'>facio,</span> <span class='ocrx_word' id='word_1_225' title='bbox 848 1896 907 1935; x_wconf 87' lang='lat' dir='ltr'>sic</span> <span class='ocrx_word' id='word_1_226' title='bbox 944 1910 1048 1944; x_wconf 86' lang='lat' dir='ltr'>amO,</span> <span class='ocrx_word' id='word_1_227' title='bbox 1087 1897 1145 1935; x_wconf 89' lang='lat' dir='ltr'>sic</span> <span class='ocrx_word' id='word_1_228' title='bbox 1184 1897 1376 1947; x_wconf 87' lang='lat' dir='ltr'>suspicio,</span> <span class='ocrx_word' id='word_1_229' title='bbox 1413 1898 1471 1936; x_wconf 89' lang='lat' dir='ltr'>sic</span> <span class='ocrx_word' id='word_1_230' title='bbox 1510 1911 1693 1945; x_wconf 84' lang='lat' dir='ltr'>veneror,</span> <span class='ocrx_word' id='word_1_231' title='bbox 1730 1901 1777 1938; x_wconf 87' lang='lat' dir='ltr'>vt</span> 
     </span>
     <span class='ocr_line' id='line_1_28' title="bbox 180 1961 1775 2013; baseline 0.002 -14"><span class='ocrx_word' id='word_1_232' title='bbox 180 1974 330 2011; x_wconf 87' lang='lat' dir='ltr'>magna</span> <span class='ocrx_word' id='word_1_233' title='bbox 356 1961 556 2012; x_wconf 86' lang='lat' dir='ltr'>quaedam</span> <span class='ocrx_word' id='word_1_234' title='bbox 582 1961 816 2000; x_wconf 85' lang='lat' dir='ltr'>foelicitatis</span> <span class='ocrx_word' id='word_1_235' title='bbox 835 1974 929 2010; x_wconf 90' lang='lat' dir='ltr'>pars</span> <span class='ocrx_word' id='word_1_236' title='bbox 948 1961 1162 2000; x_wconf 86' lang='lat' dir='ltr'>accessisse</span> <span class='ocrx_word' id='word_1_237' title='bbox 1182 1963 1289 2001; x_wconf 91' lang='lat' dir='ltr'>mihi</span> <span class='ocrx_word' id='word_1_238' title='bbox 1304 1963 1502 2010; x_wconf 84' lang='lat' dir='ltr'>videatur,</span> <span class='ocrx_word' id='word_1_239' title='bbox 1527 1963 1636 2013; x_wconf 87' lang='lat' dir='ltr'>quod</span> <span class='ocrx_word' id='word_1_240' title='bbox 1655 1963 1775 2002; x_wconf 91' lang='lat' dir='ltr'>illum</span> 
     </span>
     <span class='ocr_line' id='line_1_29' title="bbox 178 2025 1356 2078; baseline 0.003 -15"><span class='ocrx_word' id='word_1_241' title='bbox 178 2038 316 2064; x_wconf 77' lang='lat' dir='ltr'>coram</span> <span class='ocrx_word' id='word_1_242' title='bbox 335 2025 498 2074; x_wconf 90' lang='lat' dir='ltr'>intueri,</span> <span class='ocrx_word' id='word_1_243' title='bbox 521 2040 659 2066; x_wconf 90' lang='lat' dir='ltr'>coram</span> <span class='ocrx_word' id='word_1_244' title='bbox 679 2026 834 2077; x_wconf 88' lang='lat' dir='ltr'>alloqui</span> <span class='ocrx_word' id='word_1_245' title='bbox 850 2028 892 2065; x_wconf 87' lang='lat' dir='ltr'>et</span> <span class='ocrx_word' id='word_1_246' title='bbox 912 2027 1108 2076; x_wconf 87' lang='lat' dir='ltr'>amplecti</span> <span class='ocrx_word' id='word_1_247' title='bbox 1128 2028 1356 2078; x_wconf 83' lang='lat' dir='ltr'>contigerit.</span> 
     </span>
    </p>

    <p class='ocr_par' dir='ltr' id='par_1_4' title="bbox 171 2091 1775 2666">
     <span class='ocr_line' id='line_1_30' title="bbox 231 2091 1775 2145; baseline 0.003 -16"><span class='ocrx_word' id='word_1_248' title='bbox 231 2091 325 2130; x_wconf 88' lang='lat' dir='ltr'>Iam</span> <span class='ocrx_word' id='word_1_249' title='bbox 356 2091 464 2142; x_wconf 88' lang='lat' dir='ltr'>quod</span> <span class='ocrx_word' id='word_1_250' title='bbox 491 2093 594 2130; x_wconf 89' lang='lat' dir='ltr'>scire</span> <span class='ocrx_word' id='word_1_251' title='bbox 623 2093 739 2143; x_wconf 90' lang='lat' dir='ltr'>cupis</span> <span class='ocrx_word' id='word_1_252' title='bbox 770 2092 974 2143; x_wconf 91' lang='lat' dir='ltr'>quomodo</span> <span class='ocrx_word' id='word_1_253' title='bbox 1008 2094 1087 2131; x_wconf 89' lang='lat' dir='ltr'>iter</span> <span class='ocrx_word' id='word_1_254' title='bbox 1116 2093 1323 2143; x_wconf 87' lang='lat' dir='ltr'>reliquum</span> <span class='ocrx_word' id='word_1_255' title='bbox 1348 2095 1599 2144; x_wconf 87' lang='lat' dir='ltr'>successerit,</span> <span class='ocrx_word' id='word_1_256' title='bbox 1634 2095 1775 2145; x_wconf 86' lang='lat' dir='ltr'>paucis</span> 
     </span>
     <span class='ocr_line' id='line_1_31' title="bbox 175 2156 1774 2211; baseline 0.001 -16"><span class='ocrx_word' id='word_1_257' title='bbox 175 2156 322 2208; x_wconf 88' lang='lat' dir='ltr'>accipe.</span> <span class='ocrx_word' id='word_1_258' title='bbox 381 2157 448 2196; x_wconf 90' lang='lat' dir='ltr'>Ad</span> <span class='ocrx_word' id='word_1_259' title='bbox 468 2158 668 2208; x_wconf 90' lang='lat' dir='ltr'>oppidum</span> <span class='ocrx_word' id='word_1_260' title='bbox 685 2157 992 2207; x_wconf 84' lang='lat' dir='ltr'>Selestadiense,</span> <span class='ocrx_word' id='word_1_261' title='bbox 1017 2160 1136 2196; x_wconf 86' lang='lat' dir='ltr'>tuam</span> <span class='ocrx_word' id='word_1_262' title='bbox 1155 2161 1347 2209; x_wconf 89' lang='lat' dir='ltr'>patriam,</span> <span class='ocrx_word' id='word_1_263' title='bbox 1372 2160 1572 2199; x_wconf 87' lang='lat' dir='ltr'>foeliciter</span> <span class='ocrx_word' id='word_1_264' title='bbox 1590 2161 1774 2211; x_wconf 85' lang='lat' dir='ltr'>perueni.</span> 
     </span>
     <span class='ocr_line' id='line_1_32' title="bbox 178 2222 1774 2273; baseline 0.003 -13"><span class='ocrx_word' id='word_1_265' title='bbox 178 2222 245 2260; x_wconf 93' lang='lat' dir='ltr'>Ibi</span> <span class='ocrx_word' id='word_1_266' title='bbox 273 2223 467 2262; x_wconf 88' lang='lat' dir='ltr'>continuo</span> <span class='ocrx_word' id='word_1_267' title='bbox 495 2224 694 2272; x_wconf 89' lang='lat' dir='ltr'>primores</span> <span class='ocrx_word' id='word_1_268' title='bbox 723 2223 980 2273; x_wconf 87' lang='lat' dir='ltr'>reipublicae,</span> <span class='ocrx_word' id='word_1_269' title='bbox 1014 2223 1124 2263; x_wconf 88' lang='lat' dir='ltr'>haud</span> <span class='ocrx_word' id='word_1_270' title='bbox 1153 2224 1236 2263; x_wconf 88' lang='lat' dir='ltr'>scio</span> <span class='ocrx_word' id='word_1_271' title='bbox 1264 2225 1381 2264; x_wconf 89' lang='lat' dir='ltr'>cuius</span> <span class='ocrx_word' id='word_1_272' title='bbox 1409 2225 1571 2269; x_wconf 85' lang='lat' dir='ltr'>indicio,</span> <span class='ocrx_word' id='word_1_273' title='bbox 1603 2226 1653 2264; x_wconf 91' lang='lat' dir='ltr'>de</span> <span class='ocrx_word' id='word_1_274' title='bbox 1682 2238 1774 2264; x_wconf 89' lang='lat' dir='ltr'>meo</span> 
     </span>
     <span class='ocr_line' id='line_1_33' title="bbox 175 2286 1772 2341; baseline 0.002 -16"><span class='ocrx_word' id='word_1_275' title='bbox 175 2286 359 2326; x_wconf 84' lang='lat' dir='ltr'>aduentu</span> <span class='ocrx_word' id='word_1_276' title='bbox 388 2287 485 2326; x_wconf 85' lang='lat' dir='ltr'>facti</span> <span class='ocrx_word' id='word_1_277' title='bbox 514 2289 717 2336; x_wconf 87' lang='lat' dir='ltr'>certiores,</span> <span class='ocrx_word' id='word_1_278' title='bbox 751 2301 823 2338; x_wconf 89' lang='lat' dir='ltr'>per</span> <span class='ocrx_word' id='word_1_279' title='bbox 848 2288 1062 2338; x_wconf 89' lang='lat' dir='ltr'>publicum</span> <span class='ocrx_word' id='word_1_280' title='bbox 1091 2289 1296 2328; x_wconf 90' lang='lat' dir='ltr'>nuncium</span> <span class='ocrx_word' id='word_1_281' title='bbox 1325 2291 1427 2330; x_wconf 87' lang='lat' dir='ltr'>treis</span> <span class='ocrx_word' id='word_1_282' title='bbox 1455 2290 1772 2341; x_wconf 86' lang='lat' dir='ltr'>exquisitissimi</span> 
     </span>
     <span class='ocr_line' id='line_1_34' title="bbox 177 2351 1772 2403; baseline 0.002 -14"><span class='ocrx_word' id='word_1_283' title='bbox 177 2351 268 2389; x_wconf 90' lang='lat' dir='ltr'>vini</span> <span class='ocrx_word' id='word_1_284' title='bbox 296 2351 445 2390; x_wconf 89' lang='lat' dir='ltr'>misere</span> <span class='ocrx_word' id='word_1_285' title='bbox 474 2355 661 2392; x_wconf 86' lang='lat' dir='ltr'>cantaros</span> <span class='ocrx_word' id='word_1_286' title='bbox 688 2354 803 2392; x_wconf 80' lang='lat' dir='ltr'>xenii</span> <span class='ocrx_word' id='word_1_287' title='bbox 831 2354 1014 2403; x_wconf 85' lang='lat' dir='ltr'>nomine,</span> <span class='ocrx_word' id='word_1_288' title='bbox 1047 2355 1117 2393; x_wconf 92' lang='lat' dir='ltr'>sed</span> <span class='ocrx_word' id='word_1_289' title='bbox 1151 2368 1219 2393; x_wconf 87' lang='lat' dir='ltr'>eos</span> <span class='ocrx_word' id='word_1_290' title='bbox 1250 2358 1438 2394; x_wconf 86' lang='lat' dir='ltr'>cantaros</span> <span class='ocrx_word' id='word_1_291' title='bbox 1465 2358 1512 2395; x_wconf 84' lang='lat' dir='ltr'>vt</span> <span class='ocrx_word' id='word_1_292' title='bbox 1536 2356 1603 2395; x_wconf 90' lang='lat' dir='ltr'>vel</span> <span class='ocrx_word' id='word_1_293' title='bbox 1631 2357 1772 2395; x_wconf 85' lang='lat' dir='ltr'>decem</span> 
     </span>
     <span class='ocr_line' id='line_1_35' title="bbox 176 2415 1771 2470; baseline 0.003 -17"><span class='ocrx_word' id='word_1_294' title='bbox 176 2415 389 2466; x_wconf 85' lang='lat' dir='ltr'>tricongiis</span> <span class='ocrx_word' id='word_1_295' title='bbox 408 2417 507 2456; x_wconf 86' lang='lat' dir='ltr'>satis</span> <span class='ocrx_word' id='word_1_296' title='bbox 525 2431 613 2456; x_wconf 90' lang='lat' dir='ltr'>esse</span> <span class='ocrx_word' id='word_1_297' title='bbox 630 2419 803 2468; x_wconf 85' lang='lat' dir='ltr'>possint.</span> <span class='ocrx_word' id='word_1_298' title='bbox 862 2418 1105 2458; x_wconf 87' lang='lat' dir='ltr'>Inuitarunt</span> <span class='ocrx_word' id='word_1_299' title='bbox 1128 2420 1178 2458; x_wconf 87' lang='lat' dir='ltr'>ad</span> <span class='ocrx_word' id='word_1_300' title='bbox 1205 2421 1426 2470; x_wconf 87' lang='lat' dir='ltr'>prandium</span> <span class='ocrx_word' id='word_1_301' title='bbox 1446 2421 1490 2459; x_wconf 92' lang='lat' dir='ltr'>in</span> <span class='ocrx_word' id='word_1_302' title='bbox 1511 2421 1621 2460; x_wconf 87' lang='lat' dir='ltr'>diem</span> <span class='ocrx_word' id='word_1_303' title='bbox 1641 2423 1771 2470; x_wconf 85' lang='lat' dir='ltr'>poste-</span> 
     </span>
     <span class='ocr_line' id='line_1_36' title="bbox 175 2485 1767 2536; baseline 0.003 -19"><span class='ocrx_word' id='word_1_304' title='bbox 175 2493 282 2526; x_wconf 90' lang='lat' dir='ltr'>rum,</span> <span class='ocrx_word' id='word_1_305' title='bbox 303 2494 448 2521; x_wconf 86' lang='lat' dir='ltr'>verum</span> <span class='ocrx_word' id='word_1_306' title='bbox 467 2485 669 2531; x_wconf 84' lang='lat' dir='ltr'>excusaui,</span> <span class='ocrx_word' id='word_1_307' title='bbox 690 2497 914 2534; x_wconf 89' lang='lat' dir='ltr'>properans</span> <span class='ocrx_word' id='word_1_308' title='bbox 933 2485 983 2523; x_wconf 87' lang='lat' dir='ltr'>ad</span> <span class='ocrx_word' id='word_1_309' title='bbox 1004 2485 1082 2523; x_wconf 90' lang='lat' dir='ltr'>hoc</span> <span class='ocrx_word' id='word_1_310' title='bbox 1101 2486 1321 2536; x_wconf 86' lang='lat' dir='ltr'>negocium</span> <span class='ocrx_word' id='word_1_311' title='bbox 1348 2486 1393 2524; x_wconf 94' lang='lat' dir='ltr'>in</span> <span class='ocrx_word' id='word_1_312' title='bbox 1419 2500 1500 2536; x_wconf 90' lang='lat' dir='ltr'>quo</span> <span class='ocrx_word' id='word_1_313' title='bbox 1526 2499 1640 2524; x_wconf 89' lang='lat' dir='ltr'>nunc</span> <span class='ocrx_word' id='word_1_314' title='bbox 1660 2498 1767 2524; x_wconf 89' lang='lat' dir='ltr'>sum.</span> 
     </span>
     <span class='ocr_line' id='line_1_37' title="bbox 177 2543 1770 2601; baseline 0.006 -20"><span class='ocrx_word' id='word_1_315' title='bbox 177 2543 354 2584; x_wconf 84' lang='lat' dir='ltr'>Ioannes</span> <span class='ocrx_word' id='word_1_316' title='bbox 391 2547 577 2596; x_wconf 87' lang='lat' dir='ltr'>Sapidus,</span> <span class='ocrx_word' id='word_1_317' title='bbox 614 2550 713 2588; x_wconf 85' lang='lat' dir='ltr'>tuus</span> <span class='ocrx_word' id='word_1_318' title='bbox 746 2549 791 2587; x_wconf 90' lang='lat' dir='ltr'>in</span> <span class='ocrx_word' id='word_1_319' title='bbox 827 2549 949 2588; x_wconf 89' lang='lat' dir='ltr'>bonis</span> <span class='ocrx_word' id='word_1_320' title='bbox 983 2549 1116 2588; x_wconf 82' lang='lat' dir='ltr'>literis</span> <span class='ocrx_word' id='word_1_321' title='bbox 1146 2551 1355 2599; x_wconf 86' lang='lat' dir='ltr'>alumnus,</span> <span class='ocrx_word' id='word_1_322' title='bbox 1397 2551 1468 2601; x_wconf 91' lang='lat' dir='ltr'>qui</span> <span class='ocrx_word' id='word_1_323' title='bbox 1505 2553 1547 2589; x_wconf 86' lang='lat' dir='ltr'>te</span> <span class='ocrx_word' id='word_1_324' title='bbox 1583 2551 1770 2590; x_wconf 86' lang='lat' dir='ltr'>moribus</span> 
     </span>
     <span class='ocr_line' id='line_1_38' title="bbox 171 2611 1765 2666; baseline 0.005 -19"><span class='ocrx_word' id='word_1_325' title='bbox 171 2622 339 2658; x_wconf 87' lang='lat' dir='ltr'>quoque</span> <span class='ocrx_word' id='word_1_326' title='bbox 359 2611 462 2649; x_wconf 86' lang='lat' dir='ltr'>mire</span> <span class='ocrx_word' id='word_1_327' title='bbox 481 2613 605 2651; x_wconf 88' lang='lat' dir='ltr'>refert</span> <span class='ocrx_word' id='word_1_328' title='bbox 625 2614 776 2663; x_wconf 87' lang='lat' dir='ltr'>quique</span> <span class='ocrx_word' id='word_1_329' title='bbox 795 2616 837 2652; x_wconf 89' lang='lat' dir='ltr'>te</span> <span class='ocrx_word' id='word_1_330' title='bbox 857 2627 941 2652; x_wconf 86' lang='lat' dir='ltr'>non</span> <span class='ocrx_word' id='word_1_331' title='bbox 957 2627 1072 2653; x_wconf 87' lang='lat' dir='ltr'>secus</span> <span class='ocrx_word' id='word_1_332' title='bbox 1090 2628 1136 2653; x_wconf 88' lang='lat' dir='ltr'>ac</span> <span class='ocrx_word' id='word_1_333' title='bbox 1155 2617 1316 2665; x_wconf 88' lang='lat' dir='ltr'>patrem</span> <span class='ocrx_word' id='word_1_334' title='bbox 1332 2618 1372 2653; x_wconf 89' lang='lat' dir='ltr'>et</span> <span class='ocrx_word' id='word_1_335' title='bbox 1393 2618 1505 2654; x_wconf 85' lang='lat' dir='ltr'>amat</span> <span class='ocrx_word' id='word_1_336' title='bbox 1524 2617 1564 2654; x_wconf 92' lang='lat' dir='ltr'>et</span> <span class='ocrx_word' id='word_1_337' title='bbox 1584 2616 1765 2666; x_wconf 88' lang='lat' dir='ltr'>suspicit,</span> 
     </span>
    </p>
   </div>
   <div class='ocr_carea' id='block_1_3' title="bbox 175 2729 1767 2960">
    <p class='ocr_par' dir='ltr' id='par_1_5' title="bbox 175 2729 1766 2857">
     <span class='ocr_line' id='line_1_39' title="bbox 223 2729 1765 2776; baseline 0.006 -18"><span class='ocrx_word' id='word_1_338' title='bbox 223 2738 293 2768; x_wconf 88' lang='lat'>152.</span> <span class='ocrx_word' id='word_1_339' title='bbox 322 2729 395 2768; x_wconf 85' lang='lat' dir='ltr'>ipse</span> <span class='ocrx_word' id='word_1_340' title='bbox 412 2732 484 2760; x_wconf 79' lang='lat' dir='ltr'>add.</span> <span class='ocrx_word' id='word_1_341' title='bbox 500 2731 533 2764; x_wconf 83' lang='grc' dir='ltr'>Β.</span> <span class='ocrx_word' id='word_1_342' title='bbox 649 2741 720 2770; x_wconf 86' lang='lat'><strong>154.</strong></span> <span class='ocrx_word' id='word_1_343' title='bbox 745 2734 768 2766; x_wconf 83' lang='grc' dir='ltr'><em>Β</em></span> <span class='ocrx_word' id='word_1_344' title='bbox 783 2743 792 2763; x_wconf 74' lang='lat' dir='ltr'>z</span> <span class='ocrx_word' id='word_1_345' title='bbox 815 2733 1057 2764; x_wconf 86' lang='lat' dir='ltr'>musicotaton</span> <span class='ocrx_word' id='word_1_346' title='bbox 1073 2744 1103 2765; x_wconf 89' lang='grc' dir='ltr'>α.</span> <span class='ocrx_word' id='word_1_347' title='bbox 1228 2734 1300 2773; x_wconf 85' lang='lat'>158.</span> <span class='ocrx_word' id='word_1_348' title='bbox 1327 2735 1401 2765; x_wconf 84' lang='lat' dir='ltr'>suis</span> <span class='ocrx_word' id='word_1_349' title='bbox 1416 2735 1455 2764; x_wconf 87' lang='grc' dir='ltr'>αδ</span> <span class='ocrx_word' id='word_1_350' title='bbox 1473 2746 1480 2765; x_wconf 86' lang='lat'>:</span> <span class='ocrx_word' id='word_1_351' title='bbox 1506 2744 1568 2766; x_wconf 86' lang='lat' dir='ltr'>sua</span> <span class='ocrx_word' id='word_1_352' title='bbox 1584 2736 1607 2769; x_wconf 85' lang='grc' dir='ltr'><em>Β</em></span> <span class='ocrx_word' id='word_1_353' title='bbox 1623 2746 1629 2765; x_wconf 92' lang='lat'>:</span> <span class='ocrx_word' id='word_1_354' title='bbox 1653 2741 1717 2767; x_wconf 77' lang='lat' dir='ltr'>sua</span> <span class='ocrx_word' id='word_1_355' title='bbox 1732 2748 1765 2776; x_wconf 77' lang='grc' dir='ltr'>γ.</span> 
     </span>
     <span class='ocr_line' id='line_1_40' title="bbox 179 2773 1766 2816; baseline 0.006 -14"><span class='ocrx_word' id='word_1_356' title='bbox 179 2773 250 2810; x_wconf 87' lang='grc'>165.</span> <span class='ocrx_word' id='word_1_357' title='bbox 275 2781 315 2803; x_wconf 85' lang='lat' dir='ltr'>ac</span> <span class='ocrx_word' id='word_1_358' title='bbox 331 2782 469 2812; x_wconf 83' lang='lat' dir='ltr'>semper</span> <span class='ocrx_word' id='word_1_359' title='bbox 485 2773 553 2804; x_wconf 85' lang='lat' dir='ltr'>erit</span> <span class='ocrx_word' id='word_1_360' title='bbox 569 2775 604 2808; x_wconf 84' lang='grc' dir='ltr'>β.</span> <span class='ocrx_word' id='word_1_361' title='bbox 733 2776 804 2805; x_wconf 91' lang='lat'><strong>166.</strong></span> <span class='ocrx_word' id='word_1_362' title='bbox 828 2778 863 2806; x_wconf 87' lang='lat' dir='ltr'>et</span> <span class='ocrx_word' id='word_1_363' title='bbox 879 2780 950 2806; x_wconf 77' lang='lat' dir='ltr'>ante</span> <span class='ocrx_word' id='word_1_364' title='bbox 966 2776 1128 2807; x_wconf 85' lang='lat' dir='ltr'>ordinem</span> <span class='ocrx_word' id='word_1_365' title='bbox 1144 2780 1218 2808; x_wconf 80' lang='lat' dir='ltr'>add.</span> <span class='ocrx_word' id='word_1_366' title='bbox 1237 2779 1272 2811; x_wconf 84' lang='grc' dir='ltr'>β.</span> <span class='ocrx_word' id='word_1_367' title='bbox 1408 2787 1478 2816; x_wconf 89' lang='lat'>171.</span> <span class='ocrx_word' id='word_1_368' title='bbox 1505 2778 1766 2811; x_wconf 80' lang='lat' dir='ltr'>Selestadiense</span> 
     </span>
     <span class='ocr_line' id='line_1_41' title="bbox 175 2815 1018 2857; baseline 0.007 -13"><span class='ocrx_word' id='word_1_369' title='bbox 175 2816 233 2846; x_wconf 78' lang='grc' dir='ltr'>οδε</span> <span class='ocrx_word' id='word_1_370' title='bbox 258 2815 513 2846; x_wconf 83' lang='lat' dir='ltr'>Slezestatense</span> <span class='ocrx_word' id='word_1_371' title='bbox 528 2818 562 2851; x_wconf 91' lang='grc' dir='ltr'>β.</span> <span class='ocrx_word' id='word_1_372' title='bbox 697 2827 767 2857; x_wconf 84' lang='grc'>177.</span> <span class='ocrx_word' id='word_1_373' title='bbox 793 2819 895 2850; x_wconf 84' lang='lat' dir='ltr'>bonis</span> <span class='ocrx_word' id='word_1_374' title='bbox 910 2829 967 2850; x_wconf 87' lang='lat' dir='ltr'>om.</span> <span class='ocrx_word' id='word_1_375' title='bbox 984 2821 1018 2853; x_wconf 87' lang='grc' dir='ltr'>β.</span> 
     </span>
    </p>

    <p class='ocr_par' dir='ltr' id='par_1_6' title="bbox 222 2915 1767 2960">
     <span class='ocr_line' id='line_1_42' title="bbox 222 2915 1767 2960; baseline 0.006 -15"><span class='ocrx_word' id='word_1_376' title='bbox 222 2923 290 2954; x_wconf 83' lang='lat'>150.</span> <span class='ocrx_word' id='word_1_377' title='bbox 310 2915 525 2956; x_wconf 81' lang='lat' dir='ltr'>Germanus]</span> <span class='ocrx_word' id='word_1_378' title='bbox 551 2915 602 2947; x_wconf 85' lang='lat' dir='ltr'>Cf.</span> <span class='ocrx_word' id='word_1_379' title='bbox 621 2915 643 2947; x_wconf 91' lang='lat'>1.</span> <span class='ocrx_word' id='word_1_380' title='bbox 662 2925 704 2956; x_wconf 84' lang='lat'>39</span> <span class='ocrx_word' id='word_1_381' title='bbox 719 2926 826 2953; x_wconf 76' lang='lat' dir='ltr'>supra.</span> <span class='ocrx_word' id='word_1_382' title='bbox 1002 2927 1022 2948; x_wconf 83' lang='lat' dir='ltr'>a</span> <span class='ocrx_word' id='word_1_383' title='bbox 1038 2917 1234 2958; x_wconf 83' lang='lat' dir='ltr'>Panegyric</span> <span class='ocrx_word' id='word_1_384' title='bbox 1244 2928 1289 2949; x_wconf 92' lang='lat' dir='ltr'>on</span> <span class='ocrx_word' id='word_1_385' title='bbox 1303 2919 1547 2960; x_wconf 82' lang='lat' dir='ltr'>Schlettstadt‚</span> <span class='ocrx_word' id='word_1_386' title='bbox 1560 2921 1682 2953; x_wconf 86' lang='lat' dir='ltr'>which</span> <span class='ocrx_word' id='word_1_387' title='bbox 1694 2933 1767 2954; x_wconf 83' lang='lat' dir='ltr'>was</span> 
     </span>
    </p>
   </div>
   <div class='ocr_carea' id='block_1_4' title="bbox 174 2958 1765 3042">
    <p class='ocr_par' dir='ltr' id='par_1_7' title="bbox 174 2958 1765 3042">
     <span class='ocr_line' id='line_1_43' title="bbox 221 2958 1765 3001; baseline 0.006 -13"><span class='ocrx_word' id='word_1_388' title='bbox 221 2967 291 2996; x_wconf 84' lang='lat'>171.</span> <span class='ocrx_word' id='word_1_389' title='bbox 309 2958 581 2999; x_wconf 84' lang='lat' dir='ltr'>Selestadiense]</span> <span class='ocrx_word' id='word_1_390' title='bbox 611 2959 655 2990; x_wconf 88' lang='lat' dir='ltr'>In</span> <span class='ocrx_word' id='word_1_391' title='bbox 673 2959 936 3000; x_wconf 77' lang='lat' dir='ltr'>acknowledge-</span> <span class='ocrx_word' id='word_1_392' title='bbox 1001 2961 1146 3000; x_wconf 85' lang='lat' dir='ltr'>printed</span> <span class='ocrx_word' id='word_1_393' title='bbox 1169 2962 1209 2992; x_wconf 90' lang='lat' dir='ltr'>in</span> <span class='ocrx_word' id='word_1_394' title='bbox 1232 2962 1276 3001; x_wconf 85' lang='lat' dir='ltr'>A,</span> <span class='ocrx_word' id='word_1_395' title='bbox 1302 2962 1373 2993; x_wconf 89' lang='lat' dir='ltr'>and</span> <span class='ocrx_word' id='word_1_396' title='bbox 1403 2963 1610 2996; x_wconf 77' lang='lat' dir='ltr'>afterwards</span> <span class='ocrx_word' id='word_1_397' title='bbox 1634 2965 1673 2996; x_wconf 91' lang='lat' dir='ltr'>in</span> <span class='ocrx_word' id='word_1_398' title='bbox 1704 2967 1765 2997; x_wconf 80' lang='lat' dir='ltr'>the</span> 
     </span>
     <span class='ocr_line' id='line_1_44' title="bbox 174 3002 1248 3042; baseline 0.006 -12"><span class='ocrx_word' id='word_1_399' title='bbox 174 3002 276 3031; x_wconf 85' lang='lat' dir='ltr'>ment</span> <span class='ocrx_word' id='word_1_400' title='bbox 287 3002 326 3032; x_wconf 86' lang='lat' dir='ltr'>of</span> <span class='ocrx_word' id='word_1_401' title='bbox 336 3002 410 3033; x_wconf 81' lang='lat' dir='ltr'>this</span> <span class='ocrx_word' id='word_1_402' title='bbox 422 3002 632 3042; x_wconf 80' lang='lat' dir='ltr'>hospitality</span> <span class='ocrx_word' id='word_1_403' title='bbox 644 3003 814 3034; x_wconf 83' lang='lat' dir='ltr'>Erasmus</span> <span class='ocrx_word' id='word_1_404' title='bbox 823 3005 935 3034; x_wconf 85' lang='lat' dir='ltr'>wrote</span> <span class='ocrx_word' id='word_1_405' title='bbox 1001 3007 1248 3042; x_wconf 63' lang='lat' dir='ltr'>Epzyrammata.</span> 
     </span>
    </p>
   </div>
   <div class='ocr_carea' id='block_1_5' title="bbox 1811 476 1870 509">
    <p class='ocr_par' dir='ltr' id='par_1_8' title="bbox 1811 476 1870 509">
     <span class='ocr_line' id='line_1_45' title="bbox 1811 476 1870 509; baseline -0.017 0"><span class='ocrx_word' id='word_1_406' title='bbox 1811 476 1870 509; x_wconf 75' lang='lat'>145</span> 
     </span>
    </p>
   </div>
   <div class='ocr_carea' id='block_1_6' title="bbox 1809 803 1869 834">
    <p class='ocr_par' dir='ltr' id='par_1_9' title="bbox 1809 803 1869 834">
     <span class='ocr_line' id='line_1_46' title="bbox 1809 803 1869 834; baseline 0.05 -11"><span class='ocrx_word' id='word_1_407' title='bbox 1809 803 1869 834; x_wconf 76' lang='lat'>150</span> 
     </span>
    </p>
   </div>
   <div class='ocr_carea' id='block_1_7' title="bbox 1807 1129 1864 1161">
    <p class='ocr_par' dir='ltr' id='par_1_10' title="bbox 1807 1129 1864 1161">
     <span class='ocr_line' id='line_1_47' title="bbox 1807 1129 1864 1161; baseline 0 0"><span class='ocrx_word' id='word_1_408' title='bbox 1807 1129 1864 1161; x_wconf 80' lang='grc' dir='ltr'>Ι55</span> 
     </span>
    </p>
   </div>
   <div class='ocr_carea' id='block_1_8' title="bbox 1804 1448 1863 1479">
    <p class='ocr_par' dir='ltr' id='par_1_11' title="bbox 1804 1448 1863 1479">
     <span class='ocr_line' id='line_1_48' title="bbox 1804 1448 1863 1479; baseline 0 -1"><span class='ocrx_word' id='word_1_409' title='bbox 1804 1448 1863 1479; x_wconf 92' lang='lat'>160</span> 
     </span>
    </p>
   </div>
   <div class='ocr_carea' id='block_1_9' title="bbox 1801 1774 1859 1816">
    <p class='ocr_par' dir='ltr' id='par_1_12' title="bbox 1801 1774 1859 1816">
     <span class='ocr_line' id='line_1_49' title="bbox 1801 1774 1859 1816; baseline 0.034 -12"><span class='ocrx_word' id='word_1_410' title='bbox 1801 1774 1859 1816; x_wconf 84' lang='lat'>165</span> 
     </span>
    </p>
   </div>
   <div class='ocr_carea' id='block_1_10' title="bbox 1797 2108 1857 2140">
    <p class='ocr_par' dir='ltr' id='par_1_13' title="bbox 1797 2108 1857 2140">
     <span class='ocr_line' id='line_1_50' title="bbox 1797 2108 1857 2140; baseline 0.017 -10"><span class='ocrx_word' id='word_1_411' title='bbox 1797 2108 1857 2140; x_wconf 87' lang='lat'>170</span> 
     </span>
    </p>
   </div>
   <div class='ocr_carea' id='block_1_11' title="bbox 1793 2434 1851 2467">
    <p class='ocr_par' dir='ltr' id='par_1_14' title="bbox 1793 2434 1851 2467">
     <span class='ocr_line' id='line_1_51' title="bbox 1793 2434 1851 2467; baseline 0 0"><span class='ocrx_word' id='word_1_412' title='bbox 1793 2434 1851 2467; x_wconf 83' lang='grc' dir='ltr'>Ι75</span> 
     </span>
    </p>
   </div>
  </div>
 </body>
</html>
