2010 3417
90 142 188 197 396]
555 146 625 185 To
661 145 928 185 WILLIAM
965 145 1235 184 WARHAM
1408 202 1410 204 Ι
1600 142 1679 179 217

87 254 230 294 omnia
255 255 594 296 circumuolitans
615 269 667 295 ex
688 269 772 295 vno
800 268 962 306 quoque
989 255 1098 305 quod
1119 256 1224 294 esset
1244 253 1445 292 eximium
1468 252 1520 291 ad
1544 251 1680 302 operis

87 320 153 359 sui
171 321 433 360 mellificium
452 322 671 371 congessit,
689 334 739 360 ex
757 321 884 360 variis
902 319 1084 359 flosculis
1098 320 1197 358 hinc
1212 319 1329 357 illinc
1348 317 1552 368 decerptis
1570 317 1680 356 serta

86 386 342 426 concinnans
358 389 431 426 aut
455 386 573 426 velut
596 400 646 426 ex
670 386 987 426 versicoloribus
1009 385 1188 424 tessellis
1210 383 1443 423 musaicum
1469 395 1572 433 opus
1590 394 1681 420 con-

86 454 241 490 texens.
312 453 368 491 Et
403 452 449 491 in
490 452 557 491 his
604 452 713 503 quod
753 451 936 491 maxime
973 452 1183 489 retrusum
1212 451 1284 497 est,
1315 449 1359 488 id
1401 447 1681 486 libentissime

86 517 301 556 consueuit
338 518 596 556 intertexere.
656 516 765 565 Quid
803 517 916 554 enim
953 517 1040 555 tam
1077 515 1266 554 abditum
1303 515 1348 553 in
1386 513 1680 564 prophetarum

87 580 324 629 inuolucris,
347 581 392 620 in
418 581 548 621 totius
573 581 854 620 Instrumenti
873 580 1038 620 Veteris
1057 580 1281 630 mysteriis,
1306 579 1404 629 quid
1424 579 1470 617 in
1489 578 1679 627 Euange-

87 646 179 685 licis
197 648 269 686 aut
286 646 538 697 Apostolicis
558 646 711 684 litteris
737 646 846 696 quod
868 646 939 684 ille
958 659 1044 684 non
1065 658 1137 683 ceu
1157 647 1305 683 notum
1324 644 1519 682 adhibeat
1528 645 1554 682 ·‘?
1581 655 1680 681 non-

87 724 304 761 nunquam
333 711 391 750 sic
428 711 618 750 alludens
650 714 698 751 vt
730 723 806 749 nec
839 711 1199 749 animaduertatur
1235 709 1319 748 nisi
1350 709 1400 747 ab
1434 708 1607 747 eruditis
1639 709 1680 745 et

83 776 267 815 attentis.
328 776 436 825 Quid
462 777 507 815 in
527 776 814 816 Hebraeorum
842 778 915 814 aut
934 774 1235 815 Chaldaeorum
1258 773 1559 821 monumentis,
1579 772 1678 823 quid

83 841 130 880 in
146 842 371 890 rhetorum,
389 842 794 892 cosmographorum,
810 843 1035 891 poetarum,
1051 838 1675 889 medicorum,philosophorum,

83 906 262 956 denique
281 906 582 946 haereticorum
601 907 720 946 libris
741 907 851 946 vnde
871 920 954 945 non
981 906 1138 956 aliquid
1160 918 1234 944 suo
1255 906 1412 943 attexat
1436 903 1679 942 volumini?

85 971 147 1010 Ea
165 985 261 1011 cum
280 972 461 1023 intelligi
484 986 569 1011 non
596 975 748 1023 queant
774 972 856 1010 nisi
879 972 1146 1022 vndiquaque
1174 970 1316 1017 doctis,
1338 970 1465 1008 etiam
1484 969 1520 1007 si
1542 969 1678 1006 forent

82 1037 430 1086 emendatissima,
448 1038 547 1088 quid
566 1038 659 1077 fieri
678 1038 820 1086 credis,
843 1051 938 1076 cum
957 1037 1017 1076 ita
1035 1037 1193 1085 vitiata,
1215 1035 1411 1074 mutilata
1429 1034 1678 1083 confusaque
1702 1050 1715 1071 2

82 1105 184 1141 sunt
202 1103 342 1142 omnia
367 1105 414 1142 vt
437 1103 474 1142 si
499 1104 586 1154 ipse
609 1103 875 1142 reuiuisceret
890 1103 1184 1153 Hieronymus,
1203 1102 1331 1140 libros
1350 1114 1446 1140 suos
1464 1114 1540 1139 nec
1559 1112 1679 1150 agno—

84 1170 217 1206 sceret
235 1181 311 1206 nec
330 1168 614 1219 intelligeret?

139 1232 270 1283 Super
315 1233 414 1272 haec
460 1234 601 1273 omnia
640 1234 722 1273 fuit
758 1236 799 1272 et
836 1233 940 1272 illud
982 1232 1306 1281 incommodum,
1343 1232 1453 1282 quod
1495 1230 1679 1269 maxima

84 1311 181 1347 pars
222 1299 445 1338 authorum
484 1312 506 1337 e
544 1312 722 1350 quorum
765 1299 953 1338 fontibus
999 1311 1074 1337 sua
1115 1299 1332 1337 mutuatus
1370 1298 1433 1336 est
1470 1296 1678 1346 Hierony-

84 1375 192 1412 mus,
235 1363 424 1412 interiit;
471 1378 648 1415 quorum
689 1364 906 1416 praesidiis
938 1366 1148 1415 vtcunque
1187 1363 1331 1402 sarciri
1368 1363 1532 1413 poterat
1569 1361 1679 1412 quod

83 1431 172 1468 erat
219 1429 304 1468 iam
350 1429 473 1468 toties
521 1430 793 1480 deprauatum
831 1431 905 1468 aut
946 1430 1073 1469 etiam
1113 1429 1341 1468 omissum:
1389 1427 1596 1478 siquidem
1633 1426 1679 1464 in

82 1495 280 1534 extremis
311 1507 452 1534 rerum
486 1494 798 1534 difficultatibus
835 1495 885 1533 ad
918 1495 1026 1533 hanc
1063 1508 1137 1534 ceu
1173 1507 1332 1534 sacram
1363 1506 1557 1532 ancoram
1587 1505 1679 1531 con-

84 1560 224 1611 fugere
243 1560 380 1599 solent
405 1560 571 1599 eruditi.
631 1560 740 1599 Nam
768 1574 836 1599 me
870 1561 1040 1611 quidem
1068 1562 1336 1611 posteaquam
1366 1573 1498 1609 neque
1526 1558 1680 1608 gloriae

85 1638 218 1677 neque
237 1627 434 1676 quaestus
455 1625 589 1675 gratia
613 1625 766 1664 laboris
791 1626 869 1664 hoc
889 1626 1158 1676 suscepimus,
1181 1638 1267 1664 non
1290 1625 1460 1675 perinde
1485 1624 1678 1663 mouebat

86 1692 195 1739 quod
219 1691 350 1730 alium
378 1691 554 1729 fortasse
575 1691 720 1739 procul
743 1691 795 1730 ab
818 1691 1061 1730 huiusmodi
1087 1690 1257 1740 negocio
1282 1690 1530 1740 capessendo
1554 1689 1680 1727 deter-

86 1756 245 1796 ruisset.
307 1756 415 1805 Quid
438 1756 561 1804 istuc,
579 1756 777 1806 inquies?
833 1756 992 1806 Nempe
1021 1756 1131 1806 quod
1154 1758 1202 1795 vt
1227 1769 1313 1794 non
1338 1755 1445 1794 alius
1472 1756 1534 1793 est
1563 1753 1681 1792 labor

83 1820 158 1870 qui
176 1821 271 1870 plus
289 1822 446 1860 adferat
465 1822 568 1860 tedii
587 1821 890 1871 molestiaeque,
907 1822 967 1859 ita
985 1834 1151 1860 rursum
1170 1820 1312 1859 nullus
1331 1822 1394 1859 est
1412 1820 1522 1859 vnde
1540 1819 1682 1858 minus

83 1884 137 1922 ad
166 1882 288 1923 suum
321 1885 462 1923 redeat
493 1884 712 1922 authorem
743 1883 811 1923 vel
843 1883 1000 1933 gloriae
1030 1884 1098 1922 vel
1127 1883 1294 1932 gratiae,
1327 1885 1543 1934 propterea
1571 1881 1681 1932 quod

87 1950 223 1988 omnis
246 1949 375 1988 huius
393 1949 547 1988 laboris
565 1949 724 1988 vtilitas
753 1949 812 1988 sic
837 1949 946 1988 redit
971 1950 1024 1988 ad
1051 1949 1258 1997 lectorem,
1282 1951 1330 1988 vt
1348 1962 1435 1987 non
1454 1948 1578 1986 modo
1596 1960 1681 1986 non

84 2015 237 2053 sentiat
273 2016 441 2053 nostros
478 2015 646 2054 sudores
677 2015 828 2066 quibus
853 2014 1016 2063 fruitur,
1049 2015 1120 2053 sed
1148 2028 1201 2053 ne
1229 2027 1353 2053 suum
1382 2014 1548 2064 quidem
1575 2026 1682 2051 com-

86 2080 270 2128 modum,
295 2080 377 2118 nisi
405 2081 440 2119 si
467 2081 562 2130 quis
584 2080 690 2119 forte
714 2082 857 2119 nostra
882 2092 978 2118 cum
1000 2080 1181 2130 vulgatis
1204 2080 1415 2119 codicibus
1443 2079 1678 2117 contulerit.

84 2146 147 2184 Ac
176 2145 278 2184 dum
306 2145 376 2184 ille
405 2146 450 2184 in
472 2146 603 2196 pratis
626 2146 929 2185 amoenissimis
954 2146 1116 2185 ociosus
1141 2149 1261 2194 errat,
1282 2146 1392 2185 ludit
1412 2147 1453 2184 et
1472 2145 1601 2183 currit
1620 2144 1681 2182 in-

83 2211 277 2259 offensus,
320 2211 432 2250 haud
469 2211 659 2250 aestimat
697 2211 910 2261 quamdiu,
947 2224 1071 2262 quam
1109 2211 1247 2250 odiose
1284 2211 1405 2250 nobis
1438 2211 1681 2249 luctandum

85 2276 210 2315 fuerit
238 2289 334 2315 cum
362 2277 496 2327 spinis
520 2289 566 2315 ac
590 2277 797 2327 vepribus,
821 2277 923 2315 dum
949 2275 1016 2315 illi
1041 2289 1235 2326 campum
1258 2277 1371 2315 hunc
1396 2287 1676 2326 repul-gamus.

87 2340 172 2380 Nec
186 2341 382 2391 expendit
401 2342 602 2391 quamdiu
620 2342 689 2381 vel
707 2342 826 2380 vnica
838 2341 983 2380 vocula
998 2354 1301 2391 nonnunquam
1313 2341 1481 2380 torserit
1493 2338 1681 2379 emenda—

86 2408 232 2453 torem,
248 2418 324 2445 nec
339 2407 455 2445 venit
469 2407 514 2445 in
528 2409 714 2446 mentem
736 2420 860 2457 quam
874 2407 1008 2445 multa
1019 2420 1095 2445 nos
1109 2406 1359 2445 offenderint
1371 2406 1448 2444 1100
1460 2405 1681 2443 molientes

87 2482 141 2507 ne
153 2470 254 2519 quid
265 2471 321 2509 sit
335 2472 443 2520 quod
458 2472 580 2510 illum
594 2473 827 2510 remoretur
844 2486 853 2519 ;
873 2471 1044 2521 quantis
1063 2471 1376 2510 difficultatibus
1387 2471 1528 2520 parata
1542 2468 1598 2506 sit
1610 2468 1681 2506 illa

88 2535 280 2584 facilitas,
296 2536 463 2585 quantis
481 2536 687 2575 molestiis
706 2536 941 2575 constiterit
959 2536 1069 2586 quod
1089 2536 1161 2574 ille
1180 2535 1287 2574 nihil
1306 2535 1433 2574 sentit
1454 2532 1679 2572 molestiae.

141 2600 221 2639 Sed
244 2613 297 2638 ne
325 2600 526 2639 molestus
554 2600 635 2639 sim
665 2601 824 2639 omneis
849 2601 974 2639 huius
1000 2600 1162 2651 negocii
1180 2600 1393 2638 molestias
1416 2610 1680 2648 persequens,

87 2678 218 2703 vnum
246 2664 352 2703 illud
377 2667 418 2703 et
445 2678 542 2703 vere
562 2665 697 2703 dicam
723 2667 766 2703 et
788 2665 993 2712 audacter,
1015 2665 1193 2703 minoris
1216 2664 1395 2703 arbitror
1417 2663 1680 2712 Hieronymo

86 2744 183 2769 suos
202 2729 435 2768 constitisse
455 2729 584 2768 libros
607 2730 796 2768 conditos
816 2742 941 2780 quam
969 2729 1088 2768 nobis
1108 2730 1335 2775 restitutos,
1359 2730 1400 2766 et
1419 2727 1681 2778 paucioribus

86 2794 244 2845 vigiliis
262 2794 370 2845 apud
389 2794 512 2833 illum
533 2796 651 2833 natos
669 2795 799 2833 fuisse
817 2807 942 2844 quam
962 2794 1071 2844 apud
1091 2807 1168 2832 nos
1187 2795 1362 2832 renatos.
1422 2793 1515 2831 Iam
1534 2805 1584 2830 ex
1603 2791 1680 2830 hoc

83 2862 241 2899 caetera
258 2860 339 2899 sibi
359 2860 531 2910 quisque
546 2859 744 2898 coniiciat.
805 2859 913 2907 Quid
927 2859 995 2897 hic
1012 2871 1335 2897 commemorem
1353 2857 1681 2908 ingratissimam

86 2926 349 2975 quorundam
367 2925 589 2964 hominum
609 2924 871 2974 imperitiam,
894 2924 966 2974 qui
985 2924 1093 2962 nihil
1112 2923 1283 2962 omnino
1303 2923 1449 2962 nouari
1467 2923 1615 2962 volunt
1634 2922 1679 2960 in

686 3015 759 3043 240.
783 3005 937 3036 arbitror
951 3007 1024 3036 add.
1040 3005 1074 3039 β.

1702 394 1761 426 205

1701 720 1762 742 210

1701 1377 1762 1399 220

1701 1704 1760 1735 225

1702 2030 1763 2060 230

1701 2356 1760 2387 235

1700 2677 1762 2709 240
