2010 3417
139 107 238 162 426]
1643 112 1721 151 263

583 165 680 205 426.
708 163 842 205 FROM
874 162 1064 205 THoMAs
1096 163 1283 207 BEDILL.

185 252 372 289 Deventer
389 253 465 288 MS.
485 264 541 299 91,
559 254 583 288 f.
609 255 672 299 189
691 259 739 289 v0.
1440 254 1583 290 Otford.

186 311 258 346 LB.
276 310 375 357 App.
397 322 474 356 142.
1343 323 1386 348 22
1404 312 1501 349 June
1522 311 1676 360 (1516).

193 393 366 433 ERASME
385 395 630 442 doctissime,
649 395 684 433 si
704 397 791 434 tam
810 394 929 433 facile
948 407 1112 444 possem
1129 395 1224 434 dare
1244 408 1367 445 quam
1388 395 1520 434 dicere
1535 395 1722 443 salutem,

139 472 225 498 non
244 459 510 510 interciperet
536 462 607 499 aut
633 460 816 499 differret
842 460 1022 498 reditum
1049 462 1170 498 tuum
1194 459 1393 500 insidiosa
1410 460 1538 501 febris
1557 473 1658 512 quae
1682 461 1724 499 te

138 524 358 573 molestat3
406 538 504 564 nam
542 538 652 564 vnus
683 538 727 564 es
763 526 950 563 omnium
985 538 1063 575 quo
1096 538 1193 564 cum
1231 538 1398 564 omnem
1426 525 1557 565 vitam
1589 538 1725 565 meam

136 589 420 640 transigerem,
457 589 491 628 si
523 603 615 628 mea
648 590 817 629 fortuna
854 581 1072 639 pateretur.
1149 590 1227 628 Sed
1262 590 1372 630 nosti
1405 593 1556 630 sortem
1589 603 1725 630 meam

136 654 316 704 pistrino
346 655 600 702 deteriorem,
631 655 703 705 qui
730 655 790 693 ita
817 656 1056 705 perpetuam
1086 656 1220 693 rotam
1254 669 1381 704 verso,
1412 658 1460 695 vt
1489 669 1574 694 non
1605 656 1724 695 liceat

136 719 273 758 latum
293 719 473 770 digitum
493 719 693 759 decedere.
751 720 895 770 Itaque
914 719 1153 769 frequenter
1176 720 1226 758 ab
1249 733 1296 758 eo
1314 723 1497 771 tempore
1516 734 1596 771 quo
1615 721 1725 759 inter

136 797 214 823 nos
234 784 458 824 discessum
479 787 552 834 est,
576 784 718 835 optaui
736 784 803 824 vel
829 784 1011 823 Dedalus
1032 783 1098 823 vel
1126 783 1344 835 Menippus
1362 785 1464 833 fieri,
1487 787 1534 824 vt
1552 785 1723 836 remigio

136 849 300 888 alarum
330 849 438 888 citus
464 849 515 888 ad
545 852 585 888 te
614 850 802 888 deuolare
830 862 993 899 possem
1022 850 1062 887 et
1089 851 1183 900 post
1211 849 1407 900 pauculas
1435 850 1554 889 horas
1581 850 1625 888 in
1652 853 1724 889 tuo

136 913 250 953 dulci
269 916 311 953 et
331 915 575 965 desyderato
596 915 798 966 colloquio
820 914 1060 964 absumptas
1082 914 1225 953 redire.
1286 915 1366 954 sed
1386 915 1455 953 hic
1474 928 1549 953 nec
1568 915 1725 965 aquilas

137 992 212 1018 1100
231 980 420 1019 vultures
438 980 651 1030 habemus,
673 994 749 1019 nec
768 979 1018 1019 Mercurium
1038 979 1275 1030 quempiam
1296 979 1368 1030 qui
1387 993 1453 1018 me
1473 981 1724 1030 transportet

135 1047 177 1083 et
197 1045 379 1084 reuehat.
426 1045 558 1094 Quare
577 1044 743 1084 obsecro
762 1046 816 1094 te,
839 1045 975 1083 anime
994 1045 1064 1094 mi,
1091 1058 1187 1083 cura
1207 1046 1248 1083 te
1268 1044 1496 1096 diligenter,
1520 1058 1594 1084 nec
1613 1045 1725 1084 sinas

136 1109 300 1161 longius
321 1110 538 1160 desyderio
563 1112 635 1150 tuo
663 1123 739 1150 nos
763 1109 1013 1150 discruciari.
1074 1110 1166 1149 Hoc
1191 1111 1330 1149 autem
1357 1110 1474 1161 quasi
1493 1110 1543 1149 de
1561 1110 1724 1160 tripode

136 1175 298 1215 dictum
327 1175 474 1226 accipe,
508 1175 720 1215 neminem
752 1189 935 1226 vnquam
968 1175 1214 1225 optatiorem
1246 1176 1525 1214 aduenturum
1555 1176 1723 1214 domino

136 1243 279 1280 nostro
310 1241 608 1290 cantuariensi,
644 1241 715 1291 qui
748 1241 798 1279 de
829 1242 871 1279 te
903 1240 1043 1279 omnia
1072 1253 1236 1279 summa
1269 1242 1310 1279 et
1342 1241 1471 1279 sentit
1503 1242 1545 1279 et
1573 1241 1726 1292 vbique

134 1306 331 1356 loquitur.
410 1306 455 1345 Is
496 1306 610 1345 enim
655 1308 701 1344 in
747 1305 886 1345 animo
933 1305 1059 1344 habet
1101 1306 1178 1344 tibi
1220 1319 1384 1345 reuerso
1425 1306 1719 1354 delectabilem,

136 1373 339 1421 quantum
376 1372 523 1421 potest,
562 1371 862 1410 habitationem
898 1371 1125 1421 prouidere,
1167 1371 1212 1410 in
1253 1384 1332 1422 qua
1368 1374 1461 1422 post
1498 1371 1724 1410 Herculeos

134 1435 231 1475 illos
259 1436 420 1475 labores
444 1436 579 1486 possis
606 1436 786 1475 molliter
811 1437 857 1475 in
886 1435 1036 1475 litteris
1062 1438 1102 1475 et
1127 1435 1174 1475 in
1197 1436 1285 1475 ocio
1311 1450 1622 1485 consenescere3
1651 1450 1724 1475 1100

135 1501 217 1539 erit
248 1501 362 1540 aliud
394 1502 614 1552 quicquam
649 1502 758 1552 quod
797 1502 847 1540 ab
886 1515 932 1540 eo
965 1501 1261 1540 conuenienter
1291 1501 1530 1552 postulabis,
1566 1502 1611 1540 in
1644 1515 1724 1552 quo

135 1566 345 1617 repulsam
377 1566 558 1616 patieris.
615 1566 819 1605 Absentia
851 1567 963 1605 enim
997 1568 1079 1616 tua,
1113 1580 1240 1617 quam
1274 1580 1438 1606 summa
1472 1580 1566 1606 cum
1596 1566 1725 1617 gloria

138 1631 387 1681 transegisti,
411 1631 528 1670 auxit
549 1644 732 1670 amorem
756 1633 798 1670 et
825 1632 1087 1681 desyderium
1111 1632 1230 1682 (sicut
1257 1632 1301 1670 in
1324 1632 1536 1670 amoribus
1554 1632 1726 1670 Veneris

135 1695 279 1746 solet);
318 1697 431 1735 nosti
461 1698 600 1735 autem
631 1699 679 1736 vt
709 1697 963 1735 consuetudo
992 1699 1189 1747 perpetua
1221 1697 1374 1735 minuit
1403 1697 1589 1746 gratiam,
1620 1710 1723 1746 quae

135 1774 203 1799 me
225 1760 410 1800 fortassis
433 1761 626 1801 viliorem
650 1761 747 1800 fecit
774 1764 814 1800 et
834 1761 1009 1800 minoris
1035 1761 1173 1811 precii.
1236 1762 1298 1800 Tu
1323 1763 1463 1800 autem
1492 1762 1568 1800 hoc
1591 1774 1723 1800 vnum

135 1839 220 1876 age,
243 1827 290 1865 vt
315 1839 410 1864 cum
435 1826 565 1865 salute
589 1826 896 1876 quamprimum
918 1826 961 1863 in
986 1826 1247 1865 Britanniam
1273 1828 1314 1864 te
1344 1825 1538 1876 recipias3
1569 1827 1722 1865 caetera

135 1891 229 1930 aliis
248 1904 368 1929 curae
387 1892 523 1939 erunt,
545 1892 592 1930 vt
612 1891 728 1930 nulla
746 1890 824 1930 tibi
844 1890 981 1930 desint
998 1891 1108 1930 vitae
1129 1891 1352 1930 commoda.

190 1956 294 1995 Vale
314 1969 364 1994 ex
384 1955 570 1996 Otfordia
589 1956 674 1994 xxii
695 1956 759 1994 die
778 1956 933 1994 mensis
954 1955 1076 1994 Iunii.

492 2172 643 2214 414427.
707 2173 837 2215 FRoM
870 2174 1074 2214 ANDREW
1101 2173 1366 2214 AMMONIL‘S.

182 2265 367 2300 Deventer
385 2263 461 2298 MS.
479 2273 534 2307 91,
555 2264 580 2298 f.
606 2274 671 2307 140
687 2268 736 2298 v0.
1423 2263 1592 2298 London.

181 2321 254 2357 LB.
272 2322 367 2367 App.
387 2331 417 2365 7.
1341 2332 1386 2356 22
1403 2322 1500 2356 June
1521 2320 1671 2368 (1516>.

181 2403 282 2444 [Sent
306 2404 351 2442 by
367 2412 387 2433 a
410 2402 529 2433 friend
553 2402 592 2433 of
610 2404 849 2441 Ammonius;
878 2403 919 2435 cf.
938 2404 1001 2443 Ep.
1020 2413 1096 2443 429.
1117 2413 1144 2435 1.
1191 2403 1259 2434 For
1282 2403 1343 2434 the
1367 2403 1489 2434 letters
1512 2401 1721 2434 mentioned

140 2455 198 2477 see
214 2446 275 2476 the
292 2446 557 2477 introductions
572 2448 610 2477 to
627 2447 715 2486 Epp.
733 2448 796 2485 338
812 2447 883 2478 and
900 2446 993 2487 389]

493 2543 703 2573 ANDREAS
736 2544 975 2574 AMMONIVS
1006 2543 1185 2574 ERASMO
1216 2543 1297 2574 SVO
1329 2543 1361 2574 S.

188 2623 354 2663 SEMPER
369 2623 656 2673 occupationes
671 2637 783 2662 meas
799 2637 938 2662 causer
954 2625 1123 2674 oportet,
1143 2637 1242 2674 quas
1258 2624 1325 2662 hic
1341 2625 1405 2663 cui
1420 2623 1495 2663 has
1514 2623 1718 2662 litterulas

135 2688 239 2737 dedi,
263 2688 413 2739 poterit
439 2688 582 2726 forsan
600 2688 678 2726 tibi
699 2685 812 2740 [tibi]
834 2688 1045 2738 explicare.
1105 2689 1199 2727 Non
1224 2689 1341 2738 potui
1368 2689 1417 2727 ad
1443 2691 1535 2728 tuas
1561 2689 1718 2728 litteras

134 2766 236 2803 quas
252 2752 358 2791 mihi
374 2751 599 2791 nouissime
613 2765 662 2791 ex
677 2752 775 2791 diuo
788 2752 995 2791 Odomaro
1010 2753 1220 2803 scripsisti,
1238 2753 1480 2803 respondere
1495 2755 1718 2803 maturius3

622 2850 695 2881 426.
722 2859 774 2889 25.
800 2849 969 2882 Oxfordia
985 2853 1049 2890 LB,
1063 2860 1237 2889 perperam.

483 2949 559 2980 426.
586 2960 613 2988 7.
641 2949 804 2991 remigio]
822 2950 924 2990 Verg.
942 2952 1021 2981 Aen.
1040 2951 1070 2981 6.
1092 2959 1132 2991 19
1148 2950 1219 2981 and
1240 2960 1265 2982 1.
1285 2960 1361 2990 301,

1744 660 1760 690 5

1746 993 1783 1013 10

1746 1317 1783 1348 15

1746 1645 1784 1666 20

1321 2021 1500 2060 Thomas
1520 2020 1718 2059 Bedillus.
1766 1989 1777 1997 ι
