2010 3417
267 118 346 157 136
729 117 976 157 LETTERS
1015 117 1084 156 OF
1123 115 1389 157 ERASMUS
1727 114 1765 169 [1
1775 129 1796 166 5
1805 129 1819 154 1
1829 128 1852 165 5

266 225 468 277 elegantia
501 225 661 264 nemini
693 226 799 264 cedit
831 225 1142 272 neotericorum,
1165 224 1314 263 itidem
1342 225 1385 263 et
1412 224 1678 273 Pomponeus
1701 224 1853 274 Letus;

267 293 386 341 atque
415 290 542 329 Grece
570 291 717 328 neuter
741 289 876 329 sciuit.
936 288 1189 328 Laurentius
1217 288 1395 338 denique
1415 288 1634 334 Vallensis,
1655 287 1855 330 Hercules

186 367 246 399 345
266 354 335 392 ille
367 357 651 394 monstrorum
683 354 850 404 linguae
880 353 1053 392 Latinae
1082 353 1278 401 domitor,
1297 365 1372 391 1100
1400 351 1488 402 ipse
1517 352 1600 391 nisi
1627 365 1753 391 senex
1771 353 1855 392 iam

268 420 392 458 Grece
430 418 583 458 didicit.
642 419 688 458 Si
724 418 789 457 illi
826 418 956 458 bonas
992 431 1095 469 quas
1131 419 1283 458 vocant
1319 417 1461 456 literas
1497 417 1589 456 sine
1632 418 1857 457 Grecarum

266 481 414 531 peritia
445 483 729 532 perceperunt,
746 483 788 520 et
818 494 913 520 cum
941 480 1072 531 gloria
1099 481 1184 520 sint
1208 481 1252 519 in
1278 480 1380 531 ipsis
1397 480 1559 528 versati,
1582 480 1682 530 quid
1701 481 1858 519 vetabit

266 560 346 597 quo
382 546 524 585 minus
565 560 639 597 ego
669 560 830 598 quoque
868 559 1004 586 sacras
1036 547 1124 585 sine
1158 546 1312 585 eisdem
1345 545 1428 584 sim
1460 545 1548 585 Deo
1580 545 1759 596 propitio
1798 545 1858 584 in·

267 611 516 660 tellecturus,
538 612 623 650 nisi
641 612 751 662 quod
772 612 939 663 ingenio
962 611 1092 651 tantis
1110 611 1212 650 viris
1231 612 1314 650 sim
1332 610 1504 649 inferior
1516 612 1536 649 ⁶?

187 693 250 724 350
320 676 461 716 Habes
480 677 533 716 ad
558 677 774 727 epistolam
800 679 918 716 tuam
942 677 1252 727 responsionem
1278 677 1448 726 longam
1475 677 1516 714 et
1535 674 1764 723 verbosam,
1788 674 1859 714 sed

267 742 396 781 amice
427 745 568 782 tamen
599 743 651 782 ab
676 743 930 782 amicissimo
958 742 1023 782 tui
1050 742 1289 793 profectam.
1350 741 1467 790 Quod
1502 740 1538 779 si
1570 740 1860 779 vehementius

267 807 438 847 interim
471 821 671 859 pungam,
691 808 824 847 nihilo
850 810 993 847 tamen
1015 807 1188 847 alienior
1214 809 1276 846 est
1301 820 1324 845 a
1343 808 1384 845 te
1402 805 1680 845 amicissimus
1698 818 1862 856 semper

267 873 432 913 animus
464 887 595 913 meus.
652 873 732 913 Sed
760 871 901 925 (quae)
928 873 978 912 ab
1008 873 1101 912 aliis
1128 872 1282 921 audiui,
1306 871 1458 921 partim
1487 884 1510 909 a
1537 870 1858 918 iurisconsultis,

268 937 422 987 partim
442 952 466 977 a
485 939 656 978 medicis
675 952 722 978 ac
746 938 1018 989 philosophis,
1041 951 1126 977 non
1152 937 1290 977 solum
1316 935 1521 985 theologis
1548 936 1801 986 (quanquam
1819 938 1862 974 et

192 1019 229 1050 35
235 1019 251 1050 5
269 1004 319 1042 ab
339 1003 450 1054 illis),
474 1017 520 1043 ea
538 1004 668 1045 veluti
687 1005 853 1055 sumpta
878 1016 1054 1054 persona
1078 1003 1157 1042 tibi
1176 1001 1390 1052 explicaui.
1450 1000 1496 1040 Si
1515 1014 1592 1051 qua
1610 1001 1863 1039 videbuntur

270 1082 355 1107 non
386 1083 410 1108 a
442 1082 510 1108 me
542 1070 810 1120 probabiliter
841 1069 915 1109 sed
947 1069 998 1108 ab
1030 1068 1122 1107 aliis
1155 1067 1273 1115 dicta,
1305 1065 1575 1116 amplectare3
1613 1065 1680 1104 sin
1707 1066 1862 1113 minus,

271 1134 508 1173 excitabunt
538 1136 680 1174 tamen
704 1137 745 1174 te
767 1136 814 1175 vt
839 1134 1007 1184 plenius
1032 1133 1254 1172 lectoribus
1278 1131 1511 1180 satisfatias,
1534 1130 1569 1170 si
1594 1130 1863 1180 praesciueris

271 1199 368 1249 quid
389 1198 454 1237 illi
469 1200 661 1239 sentiant.
708 1199 852 1250 Neque
866 1200 1094 1250 potuissem
1114 1198 1273 1246 adduci,
1289 1197 1437 1236 saltem
1457 1198 1505 1236 vt
1524 1198 1612 1235 tam
1624 1195 1752 1235 libere
1768 1195 1864 1234 scri-

271 1264 421 1313 berem,
439 1265 522 1304 nisi
539 1264 741 1316 plusculis
756 1266 803 1304 in
822 1265 924 1304 locis
943 1267 1113 1304 tuorum
1131 1263 1334 1302 librorum
1355 1262 1561 1313 legissem,
1577 1261 1674 1312 plus
1693 1261 1864 1300 interim

195 1337 257 1378 360
272 1330 464 1380 prodesse
502 1331 841 1381 reprehensorem
879 1344 1003 1381 quam
1039 1329 1314 1377 laudatorem,
1353 1330 1472 1377 teque
1503 1340 1665 1377 semper
1696 1326 1862 1376 (hunc)

275 1408 399 1445 quam
427 1395 551 1434 illum
579 1396 714 1444 malle,
736 1396 887 1446 quippe
911 1395 981 1446 qui
1006 1395 1101 1445 plus
1126 1393 1269 1444 prosit.
1328 1392 1535 1430 Fideliora
1564 1393 1664 1430 sunt
1692 1392 1866 1431 vulnera

273 1460 397 1499 amici
426 1474 551 1511 quam
583 1461 820 1501 voluntaria
847 1461 985 1500 oscula
1013 1460 1186 1499 inimici.
1244 1458 1484 1497 Memineris
1511 1470 1608 1507 ergo
1637 1457 1745 1507 quod
1774 1471 1866 1508 pru-

275 1526 518 1565 dentissime
538 1527 682 1565 dixisti
701 1527 789 1577 ipse
807 1529 854 1566 vt
880 1527 1082 1573 obserues,
1102 1525 1178 1564 hoc
1203 1526 1267 1563 est
1293 1523 1563 1574 reprehensus
1585 1522 1635 1561 ab
1661 1522 1793 1562 amico
1814 1537 1867 1562 ne

275 1592 553 1631 excandescas.
612 1592 807 1642 Magister
845 1592 1021 1631 Ioannes
1060 1590 1228 1639 Neuius,
1269 1589 1339 1640 qui
1377 1602 1489 1628 nunc
1527 1588 1746 1627 Rectorem
1782 1589 1868 1639 agit

198 1664 256 1706 365
276 1658 440 1695 nostrae
476 1657 736 1707 Academiae,
783 1659 824 1696 te
868 1657 982 1696 iubet
1021 1657 1179 1696 saluere
1216 1655 1389 1705 vultque
1427 1655 1475 1693 de
1523 1667 1566 1693 se
1607 1654 1748 1693 omnia
1790 1655 1869 1693 tibi

277 1721 518 1771 pollicearis,
540 1736 782 1773 quecunque
807 1722 859 1761 ab
884 1722 1138 1761 amicissimo
1164 1721 1243 1760 tibi
1267 1721 1437 1759 homine
1461 1719 1593 1770 possis
1612 1719 1840 1759 desiderare
1860 1735 1870 1768 ;

279 1787 387 1836 quod
407 1788 571 1836 senties,
594 1788 630 1827 si
649 1788 813 1840 quando
832 1788 1011 1828 volueris
1029 1787 1199 1838 prebere
1218 1800 1298 1837 qua
1316 1786 1395 1825 tibi
1413 1788 1485 1824 aut
1503 1787 1671 1823 tuorum
1691 1785 1870 1836 cuipiam

279 1852 409 1902 possit
428 1853 659 1902 gratificari.
705 1853 982 1893 Theodericus
1002 1854 1104 1892 item
1123 1852 1389 1899 Alustiensis,
1406 1851 1699 1901 calcographus
1718 1853 1868 1899 noster,

281 1918 352 1967 qui
384 1917 458 1957 has
489 1919 655 1968 perfert,
676 1933 764 1959 sese
799 1920 933 1958 orauit
958 1921 1005 1958 vt
1038 1918 1398 1965 commendarem;
1439 1917 1546 1967 quod
1576 1931 1650 1967 ego
1674 1917 1786 1966 satio,
1810 1917 1872 1956 mi

202 2000 264 2033 370
281 1982 463 2033 Erasme,
504 1984 834 2034 diligentissime.
894 1984 1056 2034 Dignus
1085 1986 1147 2023 est
1184 1997 1307 2034 quem
1351 1996 1465 2020 ames
1495 1985 1536 2021 et
1571 1982 1647 2030 cui,
1675 1984 1711 2021 si
1746 1983 1872 2021 fuerit

282 2049 545 2097 oportunum,
579 2049 807 2089 benefatias
839 2051 962 2099 atque
991 2048 1306 2099 inprimendum
1340 2047 1494 2097 aliquid
1527 2047 1789 2095 committas3
1831 2049 1872 2085 et

283 2112 393 2150 haud
426 2113 510 2151 scio
541 2127 596 2152 an
624 2115 812 2153 omnium
841 2114 1066 2153 hominum
1093 2114 1211 2153 viuat
1238 2114 1363 2151 homo
1391 2113 1455 2151 tui
1483 2113 1698 2151 amantior.
1754 2111 1872 2160 Quod

284 2177 460 2217 Abbatis
488 2179 674 2218 Menardi
711 2180 939 2219 decreueris
970 2179 1220 2227 meminisse,
1253 2180 1356 2218 bene
1388 2178 1605 2217 collocabis
1633 2177 1742 2227 apud
1776 2190 1872 2216 eum

285 2243 357 2293 qui
376 2256 460 2282 non
480 2244 535 2282 sit
554 2244 719 2283 futurus
737 2245 935 2295 ingratus.
995 2244 1210 2283 Postremo
1230 2244 1333 2282 scito
1353 2257 1420 2281 me
1439 2243 1490 2282 ad
1510 2245 1552 2281 te
1571 2242 1747 2281 scribere
1774 2242 1872 2292 quid

207 2327 266 2360 375
286 2307 357 2346 alii
376 2308 427 2347 de
454 2311 495 2348 te
526 2309 698 2348 absente
726 2310 916 2349 absentes
943 2310 1194 2360 loquantur3
1223 2308 1337 2358 loqui
1358 2321 1455 2347 vero
1484 2308 1535 2346 de
1563 2310 1604 2347 te
1632 2307 1742 2358 apud
1770 2307 1874 2346 alios

285 2372 410 2423 longe
429 2374 550 2413 aliter
569 2388 692 2426 quam
712 2375 858 2414 scribo.
916 2374 1098 2413 Proinde
1124 2375 1189 2413 fac
1214 2387 1281 2413 me
1306 2386 1441 2419 ames;
1471 2372 1631 2412 amabis
1651 2374 1791 2412 autem
1811 2372 1875 2411 tui

286 2437 657 2491 ama<n>tissimum
695 2443 736 2479 et
774 2440 836 2478 tui
879 2439 1063 2478 nominis
1093 2441 1135 2478 et
1178 2438 1331 2489 gloriae
1369 2438 1583 2489 publicum
1616 2451 1872 2488 praeconem,

287 2505 454 2543 tametsi
490 2505 535 2544 in
573 2506 820 2557 quibusdam
859 2519 944 2544 non
975 2505 1086 2544 idem
1117 2505 1250 2544 sentio
1282 2505 1390 2555 quod
1424 2506 1470 2543 tu
1503 2504 1569 2543 vir
1604 2503 1876 2554 vndecunque

288 2570 562 2610 doctissimus.
624 2571 739 2612 Vale.

209 2645 271 2684 380
342 2635 516 2674 Louanii
538 2638 581 2674 60
601 2636 757 2676 calend.
780 2635 1035 2686 Septembris
1060 2645 1173 2684 1515.

334 2722 407 2759 360.
432 2722 528 2752 hunc
545 2726 677 2754 addidi:
703 2725 741 2761 cs.
759 2726 778 2753 I.
797 2723 867 2762 136.
1073 2723 1148 2761 364.
1176 2721 1312 2752 Neuius
1326 2723 1457 2752 correxi:
1484 2720 1625 2751 Menius
1639 2731 1669 2752 a.

334 2802 407 2831 343.
446 2794 684 2835 Pomponeus]
730 2795 916 2834 (1425—21
965 2793 1047 2833 May
1116 2792 1309 2832 Creighton
1326 2791 1378 2822 iii.
1399 2801 1495 2830 41-7.

298 2840 405 2874 1497),
425 2846 444 2866 a
459 2838 559 2876 pupil
577 2838 614 2868 of
626 2838 730 2869 Valla
748 2838 820 2868 and
840 2837 992 2868 founder
1013 2837 1050 2867 of
1158 2845 1235 2875 359.
1262 2834 1453 2876 librorum]
1479 2834 1530 2865 Cf.
1555 2834 1643 2874 Epp.
1674 2834 1743 2864 180.
1771 2842 1874 2872 12-15

293 2879 354 2907 the
368 2879 501 2910 Roman
517 2881 698 2920 Academy
714 2893 721 2919 3
745 2891 791 2911 an
807 2881 1047 2911 enthusiastic
1115 2880 1183 2910 and
1203 2879 1273 2909 182.
1294 2880 1412 2917 57-60.

294 2922 491 2952 admirerof
499 2924 634 2955 Roman
644 2925 917 2963 antiquity‚and
925 2925 1047 2955 writer
1158 2924 1231 2962 369.
1258 2921 1407 2962 perfert]
1431 2921 1602 2960 Probably
1618 2922 1654 2951 to
1670 2919 1872 2958 Frankfort,

294 2974 338 2994 011
350 2965 485 2995 Roman
497 2967 738 3007 nrchaeology.
780 2968 841 2998 See
856 2968 962 2999 NBG.
974 2967 1045 2998 and
1116 2976 1161 2996 011
1178 2967 1236 2997 his
1251 2975 1330 3005 way
1345 2967 1382 2995 to
1399 2966 1460 2995 the
1478 2965 1554 2995 fair.
