2010 3417
262 180 342 218 560
728 177 980 215 LETTERS
1019 177 1088 215 oF
1128 176 1392 215 ERASMUS
1735 175 1857 229 [1517

263 290 382 336 Max„
406 289 522 326 cuius
549 288 836 326 miserationes
855 300 978 337 super
997 288 1137 325 omnia
1158 300 1279 336 opera
1299 286 1399 325 eius.
1463 286 1694 325 Glareanus
1721 289 1862 326 noster

262 358 303 394 et
321 354 393 393 alii
413 354 539 392 multi
555 353 836 391 adolescentes
858 352 1047 391 Heluetii
1067 353 1117 391 ad
1142 352 1472 390 Vniuersitatem
1498 351 1757 390 Parisiorum
1777 352 1860 390 iam

203 432 241 462 35
262 419 579 470 proficiscentur,
610 418 669 456 ibi
699 418 919 468 stipendiis
949 417 1072 467 regiis
1101 417 1413 456 manutenendi.
1476 417 1864 456 Reuerendissimus

264 484 458 524 dominus
482 484 728 522 Basiliensis
746 485 820 522 tua
841 497 938 534 erga
957 497 1055 522 eum
1075 483 1321 522 salutatione
1348 483 1515 533 tuisque
1534 482 1586 522 ad
1617 497 1684 521 me
1707 483 1862 521 litteris

263 549 513 588 exhilaratus
527 549 651 588 iussit
670 551 716 588 vt
735 549 824 588 eius
837 549 1009 587 nomine
1025 562 1192 588 rursum
1212 551 1252 587 te
1271 548 1453 599 plurima
1467 548 1600 587 salute
1612 548 1860 598 impartirer.

265 615 308 653 Si
337 614 435 664 quid
465 614 580 652 aliud
610 615 785 664 dignum
813 615 922 664 quod
950 615 999 653 ad
1031 621 1072 652 te
1092 614 1297 652 scribatur
1315 613 1545 663 occurrerit,
1567 613 1863 663 praestantiam

264 684 378 720 tuam
398 680 569 718 reddam
590 681 820 718 certiorem.
877 679 1055 718 Interim
1075 693 1170 718 cum
1190 679 1292 718 facie
1311 680 1362 718 ad
1388 679 1534 718 faciem
1554 681 1597 718 te
1617 680 1758 718 videre
1779 692 1863 717 non

205 759 248 790 40
264 746 394 792 liceat,
415 745 546 784 doctis
565 748 605 784 et
636 745 944 795 praestantibus
971 745 1328 784 lucubrationibus
1348 744 1432 783 tuis
1458 745 1695 783 lectitandis
1714 745 1865 783 intima

265 811 502 860 praecordia
531 824 625 849 cum
657 811 984 860 exquisitissima
1017 811 1204 849 doctrina
1239 812 1308 849 tua
1341 810 1506 849 assidue
1534 810 1860 860 contemplabor.

265 876 377 924 Vale,
402 877 758 926 praestantissime
777 877 976 924 virorum,
1000 889 1164 927 semper
1183 876 1294 914 felix.

321 942 383 980 Ex
403 942 548 980 edibus
569 943 723 980 nostris
744 943 931 982 Basileae
953 943 1022 991 5ss0.
1046 942 1150 981 Idus
1172 941 1301 981 Maias
1321 943 1448 980 Anno
1476 952 1586 988 1517.

315 1085 466 1126 ⁵⁷¹583.
528 1085 659 1125 FROM
696 1085 912 1125 WILLIAM
946 1085 1171 1126 BUDAEUS
1202 1095 1258 1126 To
1289 1083 1541 1126 CUTHBERT
1573 1084 1825 1124 TUNSTALL.

314 1174 533 1211 Auctarium
553 1188 588 1220 p.
612 1177 665 1220 76.
1597 1174 1713 1210 Paris.

316 1235 354 1269 F.
374 1247 408 1279 p.
433 1245 523 1280 119:
552 1234 643 1268 HN:
673 1234 786 1269 Lond.
807 1234 845 1269 ii.
868 1245 932 1279 30:
961 1234 1032 1269 LB.
1055 1244 1134 1279 249.
1499 1244 1539 1278 19
1557 1233 1647 1279 May
1668 1232 1823 1280 (1517).

317 1292 462 1329 Budaei
481 1292 678 1337 Epistolae
697 1293 821 1338 (1531)
839 1292 863 1328 f.
889 1303 954 1329 112
975 1298 1014 1327 v0
1033 1292 1098 1338 (β).

576 1374 658 1416 [F-·1·
673 1376 695 1408 β
713 1384 770 1404 see
786 1374 849 1405 the
865 1374 1129 1405 introductions
1148 1376 1182 1404 to
1200 1374 1286 1414 Epp.
1304 1384 1369 1414 403
1386 1374 1459 1405 and
1477 1374 1570 1415 435.]

481 1462 739 1493 GVLIELMVS
772 1461 979 1492 BVDAEVS
1009 1461 1240 1492 CVTBERTO
1271 1462 1529 1492 TVNSTALLO
1561 1464 1593 1499 S.
1622 1463 1664 1491 D.

326 1538 479 1575 EADEM
496 1551 615 1587 opera
629 1538 753 1576 fidem
768 1538 930 1576 Erasmi
945 1538 1006 1576 tui
1023 1537 1186 1587 meique
1200 1537 1394 1585 liberasti,
1410 1537 1604 1577 Cutberte
1619 1538 1869 1587 doctissime,

272 1606 311 1640 et
332 1603 389 1640 ita
410 1616 476 1640 me
495 1602 573 1640 tibi
595 1603 852 1642 obstrinxisti
871 1605 917 1641 vt
937 1603 1004 1641 vel
1024 1603 1127 1641 iuris
1143 1602 1326 1641 cuiusuis
1345 1602 1411 1640 vel
1426 1603 1744 1642 necessitudinis
1764 1617 1871 1643 nexu

271 1669 457 1707 tenacius
478 1668 655 1718 astringi
682 1669 915 1718 certiusque
942 1682 1026 1706 non
1050 1668 1268 1718 potuerim.
1343 1668 1468 1706 Nullo
1499 1669 1613 1706 enim
1639 1669 1809 1708 nomine
1828 1669 1873 1707 in

272 1733 553 1773 calendarium
573 1747 714 1772 meum
744 1734 887 1772 referri
908 1734 974 1772 vel
995 1732 1246 1783 auspicatius
1265 1733 1335 1771 vel
1354 1733 1696 1772 honorificentius
1716 1736 1876 1784 poteras

236 1816 252 1845 5
274 1813 400 1849 quam
418 1802 464 1837 vt
485 1801 531 1837 tu
543 1799 702 1848 ingenii
724 1800 847 1837 istius
866 1812 911 1838 ac
924 1799 1134 1837 doctrinae
1149 1798 1361 1848 specimen
1376 1798 1482 1836 mihi
1502 1799 1620 1838 dares
1638 1801 1726 1838 tam
1745 1800 1876 1850 graui,

274 1867 362 1903 tam
377 1866 497 1911 tersa,
515 1866 601 1903 tam
614 1865 736 1913 plena
748 1864 1059 1903 beneuolentiae
1075 1867 1198 1914 atque
1213 1863 1417 1913 elegantis
1432 1863 1647 1903 cuiusdam
1662 1865 1878 1915 ingenuae-

275 1943 354 1980 que
374 1930 652 1969 humanitatis
672 1930 868 1979 epistola:
899 1943 1024 1979 quam
1047 1930 1097 1968 ad
1126 1943 1192 1967 me
1218 1929 1417 1979 scriptam
1440 1943 1526 1968 esse
1548 1930 1630 1969 scio
1650 1931 1696 1969 in
1715 1931 1878 1981 magnis

275 1996 359 2034 tuis
378 1995 727 2045 occupationibus.
747 1996 812 2033 vel
837 1995 1044 2045 Principis
1069 1995 1131 2033 tui
1154 1995 1304 2045 potius.
1378 1995 1510 2044 Quem
1536 2008 1612 2045 ego
1631 1995 1771 2046 ipsum
1799 1997 1878 2035 hoc

277 2061 492 2111 praecipue
527 2061 696 2099 nomine
738 2061 837 2099 olim
880 2061 966 2099 fore
1000 2060 1336 2099 illustrissimum
1375 2061 1487 2107 duco,
1530 2061 1639 2110 quod
1679 2061 1879 2101 obeundis

223 2144 258 2165 ιο
276 2126 552 2175 legationibus
573 2127 658 2164 suis
679 2128 788 2164 viros
808 2126 986 2176 deligere
999 2126 1117 2165 nouit-
1134 2126 1319 2164 doctrina
1332 2125 1564 2176 iudicioque
1583 2128 1879 2176 praestanteis:

277 2190 348 2240 qui
368 2191 403 2229 si
427 2192 489 2229 tui
513 2191 671 2230 similes
695 2205 827 2230 vnum
852 2195 893 2230 et
919 2192 1097 2231 alterum
1126 2192 1172 2230 in
1195 2205 1321 2241 regno
1347 2205 1423 2230 suo
1449 2205 1562 2230 nunc
1586 2192 1721 2240 habet,
1751 2193 1880 2232 etiam

277 2269 440 2295 summe
460 2258 506 2294 vt
532 2257 629 2294 felix
655 2257 708 2295 sit
731 2270 896 2295 necesse
916 2260 989 2296 est.
1051 2257 1256 2308 Equidem
1275 2257 1496 2307 epistolam
1515 2260 1633 2297 tuam
1652 2257 1881 2297 identidem

278 2322 468 2360 lectitans
499 2325 702 2371 quantum
733 2323 904 2361 debeam
935 2323 1098 2362 Erasmi
1127 2322 1331 2361 amicitiae
1364 2322 1643 2372 persentisco;
1676 2336 1757 2373 quo
1786 2336 1881 2362 cum

278 2401 409 2437 nuper
444 2387 582 2437 pepigi
630 2388 679 2426 de
727 2388 1084 2427 communicandis
1129 2388 1240 2426 inter
1287 2402 1362 2426 nos
1405 2388 1563 2436 amicis,
1601 2390 1646 2426 vt
1693 2389 1883 2428 alterutri

224 2467 257 2496 15
278 2452 533 2500 accesserint,
557 2453 639 2501 illa,
662 2456 707 2491 vt
727 2454 915 2503 arbit-ror,
932 2454 1108 2504 epistola
1128 2467 1254 2504 quam
1274 2456 1321 2492 tu
1340 2453 1417 2492 tibi
1436 2467 1684 2504 magnopere
1704 2454 1883 2494 affirmas

280 2518 478 2567 placuisse
493 2533 501 2556 :
524 2532 602 2568 quo
622 2522 740 2568 pacto
758 2533 842 2557 non
859 2520 1041 2558 rationes
1056 2533 1169 2558 meas
1187 2519 1350 2558 auxisse
1370 2519 1603 2558 luculenter
1622 2519 1882 2571 fortunisque

282 2584 384 2622 meis
409 2584 661 2634 praesidium
691 2585 862 2622 firmum
893 2585 1146 2635 quaesiuisse
1176 2585 1281 2623 mihi
1314 2585 1487 2624 videar?
1561 2585 1730 2634 Ecquod
1771 2585 1882 2624 enim

282 2651 546 2697 conuentum,
571 2650 711 2698 ecquis
739 2652 985 2698 contractus,
1006 2663 1154 2701 ecquae
1179 2650 1406 2700 negotiatio
1433 2650 1611 2700 denique
1638 2664 1726 2688 rem
1749 2664 1883 2689 meam
1933 2660 1936 2663 '

282 2716 505 2752 auctiorem
538 2714 704 2753 reddere
732 2715 1040 2765 vberioremque
1073 2715 1211 2765 potuit
1242 2717 1314 2753 aut
1339 2717 1509 2764 penates
1538 2728 1653 2753 meos
1684 2716 1884 2754 beatiores

226 2794 264 2815 20
283 2780 410 2818 facere
429 2780 548 2829 (quos
565 2793 647 2817 non
664 2783 750 2818 tam
768 2781 879 2830 ipsos
894 2780 1271 2819 substructionibus
1286 2780 1472 2818 mirificis
1487 2780 1746 2819 architectari
1762 2793 1884 2831 quam

326 2866 402 2897 583.
422 2875 451 2896 2.
475 2865 513 2895 D²
530 2878 536 2896 :
561 2867 769 2897 obstruxisti
787 2866 839 2898 D¹.
951 2877 998 2898 10.
1026 2868 1264 2906 praestanteis
1279 2869 1330 2898 D:
1353 2867 1551 2907 praestanti
1568 2869 1601 2902 β.
1712 2877 1759 2898 11.
1787 2876 1884 2898 nunc

285 2911 357 2938 tzela.
376 2910 408 2941 β.
517 2911 565 2939 16.
592 2919 662 2939 non
681 2920 738 2941 om.
757 2912 793 2944 β.
901 2919 949 2949 17.
978 2911 1127 2941 videar?
1145 2914 1194 2941 D:
1216 2910 1350 2942 videor.
1367 2912 1400 2944 β.
1508 2911 1557 2943 18.
1584 2910 1739 2950 denique
1756 2913 1831 2942 add.
1850 2911 1882 2944 β.

287 2961 338 2981 20.
363 2961 435 2982 non
453 2954 527 2982 tam
545 2953 639 2992 ipsos
655 2956 683 2983 D
698 2966 704 2984 z
728 2954 895 2993 equidem
913 2955 1007 2994 ipsos
1024 2964 1097 2985 non
1113 2956 1146 2988 β.
1239 2963 1348 2993 quam
1365 2957 1393 2984 D
1408 2965 1415 2985 :
1439 2954 1500 2985 sed
1516 2956 1549 2988 Β.

330 3028 404 3059 582.
423 3039 474 3068 33.
502 3031 765 3070 miserationes]
793 3031 843 3062 Cf.
864 3031 918 3062 Ps.
941 3041 1008 3069 144.
1028 3042 1057 3071 9.
1191 3031 1266 3062 583.
1294 3041 1342 3069 14.
1370 3030 1505 3071 pepigi]
1533 3032 1595 3071 Ep.
1613 3041 1687 3071 493.
1708 3040 1770 3069 432
1787 3039 1856 3068 seq.
