2010 3417
99 141 195 196 335]
743 145 813 184 ΤΟ
850 145 958 185 LEO
998 145 1038 184 X
1634 144 1685 182 87

96 254 433 305 magnitudinem
469 257 678 306 susceptae
714 255 949 306 prouinciae
982 254 1346 306 suppoenitentem
1382 254 1598 293 reuerendi
1640 253 1684 291 in

97 319 262 359 Christo
299 321 429 371 patris
463 320 635 360 Ioannis
666 321 782 360 Petri
815 321 982 369 Caraffa,
1017 321 1197 371 episcopi
1230 320 1433 368 Theatini,
1465 320 1537 369 qui
1573 332 1685 357 nunc

96 385 205 435 apud
222 385 385 435 Anglos
403 386 570 424 nomine
596 387 833 425 Sanctitatis
856 388 950 425 tuae
979 388 1182 425 oratorem
1205 386 1302 436 agit,
1324 385 1458 424 denuo
1477 385 1686 424 redaccen-

97 449 160 488 dit
187 450 329 499 oratio,
350 463 505 501 suaque
523 464 623 490 voce
651 454 693 490 et
720 451 920 502 applausu
946 451 1106 490 reddito
1133 451 1238 490 mihi
1257 450 1396 489 animo
1416 450 1460 488 in
1479 452 1686 489 certamen

97 516 316 554 reuocauit.
378 515 485 564 Quid
519 516 632 555 enim
660 530 745 555 non
771 517 1012 566 persuadeat
1040 516 1114 554 illa
1140 517 1227 555 tam
1255 515 1477 565 singularis
1504 514 1687 554 hominis

97 580 362 631 eloquentia?
417 593 540 630 quem
559 594 644 619 non
671 583 910 631 permoneat
931 583 1017 619 tam
1040 581 1203 630 integri,
1226 583 1312 619 tam
1333 580 1470 630 grauis
1488 580 1687 619 autoritas

97 645 341 684 Praesulis'?
402 658 525 695 quem
567 658 652 684 non
688 646 919 684 inflammet
956 648 1044 684 tam
1087 658 1179 683 rara
1215 645 1362 695 optimi
1399 645 1480 683 viri
1523 646 1688 696 pietas?

98 710 206 749 Nam
243 711 293 748 ad
327 709 456 748 trium
494 709 735 759 linguarum
772 710 883 749 haud
915 711 1129 759 vulgarem
1162 710 1366 759 peritiam,
1395 711 1445 748 ad
1479 723 1687 749 summam

97 788 193 814 cum
221 774 410 813 omnium
438 774 755 824 disciplinarum
778 778 872 814 tum
898 774 1114 825 praecipue
1140 774 1391 823 theologicae
1416 774 1475 812 rei
1495 775 1689 824 cognitio-

95 853 203 888 nem,
233 841 400 878 tantum
434 839 560 878 homo
597 840 762 879 iuuenis
794 840 985 879 adiunxit
1017 839 1268 890 integritatis
1302 841 1342 877 et
1375 839 1684 887 sanctimoniae,

94 906 260 944 tantum
287 905 525 953 modestiae,
547 907 713 944 tantum
742 905 848 944 mira
875 905 1079 955 grauitate
1109 905 1296 943 conditae
1320 904 1552 952 comitatis3
1581 905 1627 942 vt
1647 907 1687 943 et

94 969 193 1009 Sedi
208 969 419 1009 Romanae
437 983 590 1021 magno
611 971 666 1009 sit
682 972 926 1009 ornamento
946 972 987 1009 et
1001 969 1218 1009 Britannis
1239 970 1434 1008 omnibus
1453 968 1688 1008 absolutum

94 1035 301 1085 quoddam
321 1036 532 1086 exemplar
550 1035 752 1083 exhibeat,
777 1035 887 1074 vnde
908 1048 1054 1074 omnes
1073 1035 1263 1073 omnium
1282 1034 1492 1073 virtutum
1510 1033 1688 1072 formam

95 1100 175 1140 sibi
193 1103 331 1150 petere
350 1101 523 1150 possint.
579 1101 661 1140 Hie
680 1103 824 1140 tantus
848 1102 1016 1140 tantum
1043 1100 1192 1139 tribuit
1211 1099 1322 1138 hisce
1341 1099 1446 1138 meis
1465 1099 1688 1147 laboribus,

94 1169 141 1205 vt
159 1179 212 1205 ne
231 1166 268 1204 si
286 1166 682 1205 immodestissimus
702 1167 873 1216 quidem
893 1167 984 1216 sim,
1007 1166 1164 1217 possim
1184 1178 1414 1216 agnoscere.
1473 1164 1528 1203 Et
1548 1166 1687 1203 tamen

94 1232 234 1271 nescio
263 1245 343 1282 quo
371 1233 489 1282 pacto
517 1232 712 1271 laudibus
739 1232 825 1271 illis
855 1233 940 1271 suis
963 1232 1048 1271 iam
1071 1232 1180 1270 fesso
1209 1231 1339 1270 calcar
1367 1231 1537 1279 addidit,
1563 1230 1687 1269 sathi-

94 1299 278 1337 scentem
296 1298 436 1346 erexit,
460 1298 720 1337 deficientem
740 1298 933 1337 restituit.

146 1362 312 1400 Horum
343 1363 472 1413 igitur
499 1365 541 1401 et
571 1363 638 1402 his
666 1363 951 1402 consimilium
979 1362 1215 1402 hortatibus
1244 1361 1528 1411 extimulatus,
1564 1363 1687 1411 atque

92 1428 138 1466 in
156 1427 306 1478 primis
324 1428 412 1467 eius
430 1428 587 1467 auxilio
605 1429 734 1467 fretus
755 1428 827 1479 qui
845 1442 929 1467 non
949 1429 1053 1467 solet
1071 1441 1255 1479 vnquam
1275 1427 1354 1477 piis
1373 1427 1512 1465 deesse
1537 1426 1688 1464 conati-

93 1493 181 1541 bus,
209 1493 340 1532 veluti
377 1507 511 1532 nouus
547 1493 631 1532 iam
670 1495 721 1533 ad
758 1494 1044 1533 intermissum
1078 1507 1180 1544 opus
1212 1493 1344 1531 redeo.
1403 1491 1688 1541 Epistolarum

93 1558 463 1597 volumina—nam
495 1559 595 1598 haec
627 1559 734 1597 mihi
767 1560 934 1610 proprie
968 1559 1209 1609 sumpsi—a
1242 1557 1407 1596 mendis
1440 1556 1591 1606 quibus
1624 1570 1687 1595 ex-

92 1623 223 1662 tincta
240 1624 406 1662 fuerant
425 1625 563 1663 verius
583 1638 708 1674 quam
724 1624 954 1674 deprauata,
972 1625 1125 1674 partim
1144 1625 1332 1662 veterum
1351 1622 1569 1660 collatione
1585 1622 1688 1660 codi-
1709 1636 1745 1658 ε-

94 1701 200 1737 cum,
220 1689 373 1738 partim
393 1691 605 1739 nostrapte
626 1689 845 1739 sagacitate
865 1689 1202 1740 repurgauimus3
1232 1689 1396 1735 Graeca,
1416 1700 1517 1737 quae
1536 1686 1604 1726 vel
1624 1687 1687 1724 de-

94 1755 213 1792 erant
226 1754 395 1793 omnino
407 1755 474 1793 vel
486 1768 702 1804 perperam
714 1756 831 1794 erant
843 1755 997 1804 addita,
1013 1754 1273 1804 reposuimus
1287 1753 1516 1802 diligenter.
1570 1752 1686 1800 Quod

94 1819 206 1857 idem
223 1818 379 1858 factum
400 1823 463 1859 est
483 1822 524 1858 et
542 1821 587 1858 in
607 1819 827 1858 Hebraicis
843 1835 852 1868 ;
881 1833 1028 1859 verum
1049 1821 1113 1857 οὐκ
1133 1821 1216 1857 ἄνευ
1236 1819 1397 1868 Θησέως,
1419 1819 1466 1856 vt
1486 1817 1687 1856 Graecum

93 1884 218 1924 habet
246 1885 525 1935 prouerbium,
556 1887 663 1935 quod
697 1899 766 1924 eas
798 1886 959 1924 litteras
988 1885 1076 1935 ipse
1114 1884 1365 1935 primoribus
1401 1883 1524 1921 modo
1560 1882 1687 1921 labris

93 1950 360 1999 degustarim.
419 1951 488 1989 Ad
525 1951 603 1989 hoc
643 1951 837 2001 quoniam
875 1951 998 1989 diuus
1038 1950 1336 2000 Hieronymus,
1374 1950 1421 1987 vt
1465 1950 1526 1986 est
1571 1948 1686 1986 omni
1729 1959 1744 1970 ’-

93 2027 241 2065 genere
258 2015 491 2054 litterarum
511 2016 856 2064 absolutissimus,
873 2017 931 2055 ita
945 2017 1078 2055 mirus
1092 2018 1155 2054 est
1177 2028 1301 2066 opum
1320 2027 1490 2053 suarum
1511 2015 1685 2052 ostenta-

92 2082 173 2128 tor,
203 2082 250 2118 vt
279 2081 350 2130 qui
378 2081 534 2131 passim
564 2082 737 2131 gaudeat
764 2081 955 2120 infulcire
985 2081 1179 2131 quicquid
1211 2092 1386 2130 vsquam
1412 2079 1520 2128 apud
1547 2079 1685 2117 omnis

91 2144 259 2196 linguae
292 2146 513 2195 scriptores
546 2147 786 2185 abstrusum
813 2159 858 2185 ac
886 2146 1147 2185 reconditum
1174 2144 1538 2184 habeatur—vnde
1567 2144 1616 2182 fit
1637 2147 1684 2183 vt

93 2211 282 2250 eruditus
314 2212 441 2250 etiam
470 2213 599 2250 lector
625 2212 676 2250 ad
702 2212 917 2262 plerosque
936 2212 1046 2251 locos
1064 2212 1182 2250 velut
1200 2211 1251 2249 ad
1271 2210 1448 2249 salebras
1468 2210 1683 2248 restitet—

93 2275 317 2315 adiecimus
337 2278 552 2316 commoda
570 2277 657 2316 suis
677 2277 777 2316 locis
797 2278 962 2326 scholia,
986 2277 1145 2327 quoties
1163 2276 1339 2314 incurrit
1359 2276 1468 2325 quod
1487 2276 1683 2314 lectorem

93 2343 395 2380 remoraturum
439 2355 526 2381 esse
570 2343 769 2381 videatur.
827 2343 1044 2381 Praeterea
1088 2342 1221 2392 quoad
1259 2341 1377 2379 licuit
1414 2341 1458 2378 in
1497 2340 1681 2379 ordinem

95 2406 326 2456 redegimus
348 2407 499 2447 omnia.
560 2407 721 2446 Nothos
741 2421 788 2447 ac
807 2407 1044 2446 subdititios
1062 2406 1234 2456 libellos,
1257 2419 1360 2456 quos
1378 2405 1529 2455 partim
1553 2417 1679 2450 casus,

92 2471 245 2521 partim
263 2471 528 2511 librariorum
547 2475 744 2523 quaestus
768 2475 840 2512 aut
864 2473 1038 2520 inscitia,
1063 2472 1216 2522 partim
1235 2469 1532 2520 improbissimi
1552 2468 1682 2506 cuius-

95 2537 192 2575 dam
210 2535 447 2586 impostoris
468 2539 682 2577 temeritas
701 2538 1045 2588 Hieronymianis
1069 2534 1427 2575 lucubrationibus
1445 2532 1680 2582 admiscuit,

139 2637 214 2667 250.
232 2628 389 2659 Caraffae
398 2631 440 2659 H.
512 2632 585 2670 269.
602 2631 761 2661 extincta
776 2654 783 2660 .
801 2653 808 2661 .
821 2654 829 2662 .
846 2639 919 2668 271.
939 2629 1127 2668 sagacitate
1138 2631 1169 2659 A
1183 2639 1188 2659 :
1206 2636 1370 2667 prorsum
1382 2626 1584 2655 extinctum
1595 2625 1681 2662 erat,

95 2682 169 2703 non
181 2671 413 2711 deprauatum
423 2683 453 2703 a.
561 2684 633 2712 272.
658 2675 807 2704 omnino
823 2676 895 2704 add.
912 2676 953 2704 A.
1019 2674 1122 2703 erant
1138 2674 1168 2701 A
1185 2682 1192 2700 ε
1216 2671 1359 2700 fuerant
1376 2681 1405 2699 α.
1469 2667 1567 2707 Quod
1583 2667 1679 2697 idem

93 2719 124 2746 A
142 2726 149 2746 :
171 2715 217 2747 Id
232 2715 325 2753 quod
342 2716 429 2745 item
446 2727 476 2746 α.
582 2726 654 2754 273.
681 2719 716 2747 et
732 2719 805 2746 acm.
821 2720 863 2746 A.
969 2725 1042 2754 273.
1070 2717 1110 2745 vt
1129 2737 1135 2744 .
1153 2738 1159 2744 .
1179 2738 1185 2745 .
1205 2724 1276 2752 274.
1302 2711 1530 2752 prouerbium
1546 2713 1620 2742 add.
1636 2714 1677 2742 A.

95 2769 168 2798 275.
194 2759 418 2798 degustarint
434 2770 466 2789 α.
590 2760 647 2789 Ad
665 2784 672 2791 .
691 2785 697 2791 .
718 2784 725 2790 .
742 2760 847 2790 diuus
862 2762 892 2789 A
909 2770 916 2789 ε
939 2759 984 2789 Et
1002 2759 1172 2796 quoniam
1189 2769 1218 2786 α.
1351 2756 1425 2794 276.
1451 2755 1632 2785 absolutus
1648 2766 1677 2784 α.

94 2812 168 2842 277.
187 2804 226 2832 vt
243 2803 304 2840 qui
320 2826 327 2832 .
342 2826 349 2832 .
368 2826 375 2833 .
389 2811 462 2840 279.
480 2803 621 2833 restitet
634 2805 705 2833 aad.
720 2805 761 2832 A.
832 2802 905 2832 281.
923 2801 1089 2831 videatur
1101 2804 1130 2831 A
1142 2812 1161 2830 α
1179 2811 1186 2830 :
1202 2799 1390 2829 videbatur
1401 2802 1436 2829 F.
1497 2798 1679 2828 Praeterea

95 2849 145 2877 A:
169 2845 226 2876 Ad
242 2846 307 2876 hec
322 2856 354 2875 α.
456 2845 529 2876 282.
556 2845 756 2884 redegimus
772 2847 802 2875 A
817 2857 822 2876 :
847 2845 1058 2884 digessimus
1075 2855 1105 2874 α.
1203 2843 1277 2880 283.
1302 2842 1433 2881 partim
1451 2841 1679 2872 librariorum

93 2912 101 2920 .
121 2913 128 2920 .
147 2914 155 2921 .
173 2889 317 2919 inscitia
334 2890 405 2919 aad.
426 2891 466 2919 A.
602 2889 675 2927 284.
699 2888 994 2927 Hieronymianis
1009 2886 1317 2917 lucubrationibus
1333 2887 1406 2916 add.
1423 2888 1464 2916 A.

137 2999 212 3028 250.
230 2988 381 3030 Caraffa]
406 2989 469 3019 See
486 2987 547 3026 Ep.
569 2987 642 3024 287.
662 2996 679 3024 7
697 2995 730 3017 n.
970 2994 1042 3023 270.
1062 2982 1238 3023 codicum]
1264 2983 1326 3014 See
1343 2982 1406 3022 Ep.
1426 2991 1489 3021 373
1506 2981 1638 3012 introd.

1709 333 1769 364 250

1710 974 1769 1006 260

1707 1300 1768 1342 265

1706 2280 1766 2310 280
