<?xml version="1.0" encoding="UTF-8"?>
<!DOCTYPE html PUBLIC "-//W3C//DTD XHTML 1.0 Transitional//EN"
    "http://www.w3.org/TR/xhtml1/DTD/xhtml1-transitional.dtd">
<html xmlns="http://www.w3.org/1999/xhtml" xml:lang="en" lang="en">
 <head>
  <title>
</title>
<meta http-equiv="Content-Type" content="text/html;charset=utf-8" />
  <meta name='ocr-system' content='tesseract 3.04.00' />
  <meta name='ocr-capabilities' content='ocr_page ocr_carea ocr_par ocr_line ocrx_word'/>
</head>
<body>
  <div class='ocr_page' id='page_1' title='image "./opusepistolarumd02erasuoft/opusepistolarumd02erasuoft_0028.png"; bbox 0 0 2073 3464; ppageno 0'>
   <div class='ocr_carea' id='block_1_1' title="bbox 250 1239 286 1260">
    <p class='ocr_par' dir='ltr' id='par_1_1' title="bbox 250 1239 286 1260">
     <span class='ocr_line' id='line_1_1' title="bbox 250 1239 286 1260; baseline -0.028 0"><span class='ocrx_word' id='word_1_1' title='bbox 250 1239 286 1260; x_wconf 83' lang='lat'>10</span> 
     </span>
    </p>
   </div>
   <div class='ocr_carea' id='block_1_2' title="bbox 247 2206 284 2237">
    <p class='ocr_par' dir='ltr' id='par_1_2' title="bbox 247 2206 284 2237">
     <span class='ocr_line' id='line_1_2' title="bbox 247 2206 284 2237; baseline 0 0"><span class='ocrx_word' id='word_1_2' title='bbox 247 2206 284 2237; x_wconf 82' lang='lat'>25</span> 
     </span>
    </p>
   </div>
   <div class='ocr_carea' id='block_1_3' title="bbox 247 2532 288 2561">
    <p class='ocr_par' dir='ltr' id='par_1_3' title="bbox 247 2532 288 2561">
     <span class='ocr_line' id='line_1_3' title="bbox 247 2532 288 2561; baseline 0 -8"><span class='ocrx_word' id='word_1_3' title='bbox 247 2532 288 2561; x_wconf 73' lang='lat'>30</span> 
     </span>
    </p>
   </div>
   <div class='ocr_carea' id='block_1_4' title="bbox 306 175 1896 229">
    <p class='ocr_par' dir='ltr' id='par_1_4' title="bbox 306 175 1896 229">
     <span class='ocr_line' id='line_1_4' title="bbox 306 175 1896 229; baseline 0 -15"><span class='ocrx_word' id='word_1_4' title='bbox 306 177 331 214; x_wconf 87' lang='grc'>4</span> <span class='ocrx_word' id='word_1_5' title='bbox 770 176 1020 216; x_wconf 84' lang='lat' dir='ltr'><strong>LETTERS</strong></span> <span class='ocrx_word' id='word_1_6' title='bbox 1060 176 1129 214; x_wconf 90' lang='lat' dir='ltr'>OF</span> <span class='ocrx_word' id='word_1_7' title='bbox 1166 175 1432 215; x_wconf 80' lang='lat' dir='ltr'><strong>ERASMUS</strong></span> <span class='ocrx_word' id='word_1_8' title='bbox 1776 175 1812 229; x_wconf 89' lang='lat'>[1</span> <span class='ocrx_word' id='word_1_9' title='bbox 1821 189 1842 226; x_wconf 91' lang='lat'>5</span> <span class='ocrx_word' id='word_1_10' title='bbox 1852 190 1866 214; x_wconf 93' lang='lat'>1</span> <span class='ocrx_word' id='word_1_11' title='bbox 1875 190 1896 223; x_wconf 86' lang='lat'><strong>4</strong></span> 
     </span>
    </p>
   </div>
   <div class='ocr_carea' id='block_1_5' title="bbox 306 282 1900 497">
    <p class='ocr_par' dir='ltr' id='par_1_5' title="bbox 306 282 1900 497">
     <span class='ocr_line' id='line_1_5' title="bbox 352 282 1898 324; baseline 0.001 -9"><span class='ocrx_word' id='word_1_12' title='bbox 352 285 480 324; x_wconf 84' lang='lat' dir='ltr'>Geiger</span> <span class='ocrx_word' id='word_1_13' title='bbox 497 283 595 316; x_wconf 86' lang='lat' dir='ltr'>dates</span> <span class='ocrx_word' id='word_1_14' title='bbox 612 284 703 315; x_wconf 89' lang='lat' dir='ltr'>from</span> <span class='ocrx_word' id='word_1_15' title='bbox 720 284 893 322; x_wconf 87' lang='lat' dir='ltr'>Louvain‚</span> <span class='ocrx_word' id='word_1_16' title='bbox 911 284 975 314; x_wconf 80' lang='lat' dir='ltr'>but</span> <span class='ocrx_word' id='word_1_17' title='bbox 991 283 1053 313; x_wconf 87' lang='lat' dir='ltr'>the</span> <span class='ocrx_word' id='word_1_18' title='bbox 1070 283 1177 313; x_wconf 85' lang='lat' dir='ltr'>letter</span> <span class='ocrx_word' id='word_1_19' title='bbox 1194 283 1225 312; x_wconf 87' lang='lat' dir='ltr'>is</span> <span class='ocrx_word' id='word_1_20' title='bbox 1241 282 1373 322; x_wconf 84' lang='lat' dir='ltr'>clearly</span> <span class='ocrx_word' id='word_1_21' title='bbox 1390 283 1540 314; x_wconf 77' lang='lat' dir='ltr'><strong>written</strong></span> <span class='ocrx_word' id='word_1_22' title='bbox 1557 283 1646 314; x_wconf 86' lang='lat' dir='ltr'>from</span> <span class='ocrx_word' id='word_1_23' title='bbox 1664 284 1777 316; x_wconf 87' lang='lat' dir='ltr'>Basle.</span> <span class='ocrx_word' id='word_1_24' title='bbox 1825 285 1898 317; x_wconf 81' lang='lat' dir='ltr'>The</span> 
     </span>
     <span class='ocr_line' id='line_1_6' title="bbox 307 325 1898 366; baseline 0.001 -7"><span class='ocrx_word' id='word_1_25' title='bbox 307 329 468 359; x_wconf 89' lang='lat' dir='ltr'>contrast</span> <span class='ocrx_word' id='word_1_26' title='bbox 491 328 649 358; x_wconf 87' lang='lat' dir='ltr'>between</span> <span class='ocrx_word' id='word_1_27' title='bbox 674 327 736 357; x_wconf 90' lang='lat' dir='ltr'>the</span> <span class='ocrx_word' id='word_1_28' title='bbox 760 326 921 366; x_wconf 89' lang='lat' dir='ltr'>proposal</span> <span class='ocrx_word' id='word_1_29' title='bbox 946 327 981 356; x_wconf 84' lang='lat' dir='ltr'>to</span> <span class='ocrx_word' id='word_1_30' title='bbox 1006 335 1106 356; x_wconf 86' lang='lat' dir='ltr'>move</span> <span class='ocrx_word' id='word_1_31' title='bbox 1130 335 1176 356; x_wconf 91' lang='lat' dir='ltr'>on</span> <span class='ocrx_word' id='word_1_32' title='bbox 1201 326 1236 355; x_wconf 93' lang='lat' dir='ltr'>to</span> <span class='ocrx_word' id='word_1_33' title='bbox 1259 325 1355 364; x_wconf 81' lang='lat' dir='ltr'>Italy</span> <span class='ocrx_word' id='word_1_34' title='bbox 1371 326 1410 355; x_wconf 92' lang='lat' dir='ltr'>in</span> <span class='ocrx_word' id='word_1_35' title='bbox 1427 325 1452 356; x_wconf 90' lang='grc'>1.</span> <span class='ocrx_word' id='word_1_36' title='bbox 1469 335 1508 364; x_wconf 83' lang='lat'>41</span> <span class='ocrx_word' id='word_1_37' title='bbox 1534 326 1606 357; x_wconf 88' lang='lat' dir='ltr'>and</span> <span class='ocrx_word' id='word_1_38' title='bbox 1629 327 1692 357; x_wconf 87' lang='lat' dir='ltr'>the</span> <span class='ocrx_word' id='word_1_39' title='bbox 1717 328 1898 360; x_wconf 87' lang='lat' dir='ltr'>intention</span> 
     </span>
     <span class='ocr_line' id='line_1_7' title="bbox 308 368 1900 410; baseline 0.001 -9"><span class='ocrx_word' id='word_1_40' title='bbox 308 371 347 401; x_wconf 86' lang='lat' dir='ltr'>of</span> <span class='ocrx_word' id='word_1_41' title='bbox 358 371 502 410; x_wconf 85' lang='lat' dir='ltr'>staying</span> <span class='ocrx_word' id='word_1_42' title='bbox 522 370 679 410; x_wconf 78' lang='lat' dir='ltr'>through</span> <span class='ocrx_word' id='word_1_43' title='bbox 697 370 760 400; x_wconf 91' lang='lat' dir='ltr'>the</span> <span class='ocrx_word' id='word_1_44' title='bbox 777 370 910 400; x_wconf 77' lang='lat' dir='ltr'>winter</span> <span class='ocrx_word' id='word_1_45' title='bbox 925 368 1113 408; x_wconf 80' lang='lat' dir='ltr'>expressed</span> <span class='ocrx_word' id='word_1_46' title='bbox 1130 368 1169 398; x_wconf 91' lang='lat' dir='ltr'>in</span> <span class='ocrx_word' id='word_1_47' title='bbox 1187 368 1251 407; x_wconf 87' lang='lat' dir='ltr'>Ep.</span> <span class='ocrx_word' id='word_1_48' title='bbox 1270 377 1342 407; x_wconf 87' lang='lat'>305.</span> <span class='ocrx_word' id='word_1_49' title='bbox 1361 378 1435 407; x_wconf 89' lang='lat'><strong>217,</strong></span> <span class='ocrx_word' id='word_1_50' title='bbox 1455 370 1486 408; x_wconf 89' lang='lat'>8,</span> <span class='ocrx_word' id='word_1_51' title='bbox 1505 368 1619 400; x_wconf 86' lang='lat' dir='ltr'>shows</span> <span class='ocrx_word' id='word_1_52' title='bbox 1636 370 1716 400; x_wconf 89' lang='lat' dir='ltr'>that</span> <span class='ocrx_word' id='word_1_53' title='bbox 1733 371 1900 403; x_wconf 85' lang='lat' dir='ltr'>Erasmus</span> 
     </span>
     <span class='ocr_line' id='line_1_8' title="bbox 306 411 1900 453; baseline 0.001 -9"><span class='ocrx_word' id='word_1_54' title='bbox 306 424 378 446; x_wconf 84' lang='lat' dir='ltr'>was</span> <span class='ocrx_word' id='word_1_55' title='bbox 409 415 557 453; x_wconf 85' lang='lat' dir='ltr'>writing</span> <span class='ocrx_word' id='word_1_56' title='bbox 586 414 725 453; x_wconf 80' lang='lat' dir='ltr'>shortly</span> <span class='ocrx_word' id='word_1_57' title='bbox 754 413 847 444; x_wconf 83' lang='lat' dir='ltr'>after</span> <span class='ocrx_word' id='word_1_58' title='bbox 877 412 935 442; x_wconf 88' lang='lat' dir='ltr'>his</span> <span class='ocrx_word' id='word_1_59' title='bbox 965 411 1107 451; x_wconf 84' lang='lat' dir='ltr'>arrival,</span> <span class='ocrx_word' id='word_1_60' title='bbox 1134 411 1253 442; x_wconf 80' lang='lat' dir='ltr'><strong>before</strong></span> <span class='ocrx_word' id='word_1_61' title='bbox 1283 412 1328 442; x_wconf 89' lang='lat' dir='ltr'>he</span> <span class='ocrx_word' id='word_1_62' title='bbox 1360 411 1432 442; x_wconf 89' lang='lat' dir='ltr'>had</span> <span class='ocrx_word' id='word_1_63' title='bbox 1463 411 1594 443; x_wconf 84' lang='lat' dir='ltr'>settled</span> <span class='ocrx_word' id='word_1_64' title='bbox 1625 413 1703 443; x_wconf 88' lang='lat' dir='ltr'>into</span> <span class='ocrx_word' id='word_1_65' title='bbox 1730 414 1900 446; x_wconf 73' lang='lat' dir='ltr'>Froben’s</span> 
     </span>
     <span class='ocr_line' id='line_1_9' title="bbox 308 455 445 497; baseline 0.007 -9"><span class='ocrx_word' id='word_1_66' title='bbox 308 455 445 497; x_wconf 85' lang='lat' dir='ltr'>circle.]</span> 
     </span>
    </p>
   </div>
   <div class='ocr_carea' id='block_1_6' title="bbox 652 530 1552 563">
    <p class='ocr_par' dir='ltr' id='par_1_6' title="bbox 652 530 1552 563">
     <span class='ocr_line' id='line_1_10' title="bbox 652 530 1552 563; baseline 0.001 -2"><span class='ocrx_word' id='word_1_67' title='bbox 652 530 858 562; x_wconf 84' lang='lat' dir='ltr'><strong>ERASMVS</strong></span> <span class='ocrx_word' id='word_1_68' title='bbox 889 530 1050 562; x_wconf 91' lang='lat' dir='ltr'>IOANNI</span> <span class='ocrx_word' id='word_1_69' title='bbox 1082 531 1299 563; x_wconf 86' lang='lat' dir='ltr'>CAPNIONI</span> <span class='ocrx_word' id='word_1_70' title='bbox 1332 531 1415 561; x_wconf 88' lang='lat' dir='ltr'>SVO</span> <span class='ocrx_word' id='word_1_71' title='bbox 1448 532 1481 561; x_wconf 72' lang='lat' dir='ltr'>S.</span> <span class='ocrx_word' id='word_1_72' title='bbox 1510 532 1552 562; x_wconf 89' lang='lat' dir='ltr'>D.</span> 
     </span>
    </p>
   </div>
   <div class='ocr_carea' id='block_1_7' title="bbox 304 632 1902 1855">
    <p class='ocr_par' dir='ltr' id='par_1_7' title="bbox 304 632 1902 1855">
     <span class='ocr_line' id='line_1_11' title="bbox 360 632 1902 684; baseline 0.001 -11"><span class='ocrx_word' id='word_1_73' title='bbox 360 635 451 673; x_wconf 77' lang='lat' dir='ltr'>CVM</span> <span class='ocrx_word' id='word_1_74' title='bbox 480 646 643 683; x_wconf 83' lang='lat' dir='ltr'>agerem</span> <span class='ocrx_word' id='word_1_75' title='bbox 671 633 780 684; x_wconf 86' lang='lat' dir='ltr'>apud</span> <span class='ocrx_word' id='word_1_76' title='bbox 810 632 1049 682; x_wconf 75' lang='lat' dir='ltr'>Britannos,</span> <span class='ocrx_word' id='word_1_77' title='bbox 1071 634 1252 673; x_wconf 76' lang='lat' dir='ltr'>redditae</span> <span class='ocrx_word' id='word_1_78' title='bbox 1278 636 1375 672; x_wconf 90' lang='lat' dir='ltr'>sunt</span> <span class='ocrx_word' id='word_1_79' title='bbox 1400 633 1505 673; x_wconf 87' lang='lat' dir='ltr'>mihi</span> <span class='ocrx_word' id='word_1_80' title='bbox 1534 637 1628 673; x_wconf 91' lang='lat' dir='ltr'>tuae</span> <span class='ocrx_word' id='word_1_81' title='bbox 1658 634 1801 674; x_wconf 86' lang='lat' dir='ltr'>literae</span> <span class='ocrx_word' id='word_1_82' title='bbox 1821 649 1902 675; x_wconf 88' lang='lat' dir='ltr'>vna</span> 
     </span>
     <span class='ocr_line' id='line_1_12' title="bbox 305 698 1900 749; baseline 0.001 -11"><span class='ocrx_word' id='word_1_83' title='bbox 305 712 399 738; x_wconf 91' lang='lat' dir='ltr'>cum</span> <span class='ocrx_word' id='word_1_84' title='bbox 428 699 687 738; x_wconf 90' lang='lat' dir='ltr'>absolutione</span> <span class='ocrx_word' id='word_1_85' title='bbox 717 698 911 749; x_wconf 81' lang='lat' dir='ltr'>Episcopi</span> <span class='ocrx_word' id='word_1_86' title='bbox 940 699 1173 749; x_wconf 77' lang='lat' dir='ltr'>Spirensis3</span> <span class='ocrx_word' id='word_1_87' title='bbox 1213 699 1517 738; x_wconf 90' lang='lat' dir='ltr'>communicaui</span> <span class='ocrx_word' id='word_1_88' title='bbox 1545 713 1641 739; x_wconf 91' lang='lat' dir='ltr'>cum</span> <span class='ocrx_word' id='word_1_89' title='bbox 1671 700 1802 739; x_wconf 88' lang='lat' dir='ltr'>doctis</span> <span class='ocrx_word' id='word_1_90' title='bbox 1829 701 1900 740; x_wconf 91' lang='lat' dir='ltr'>ali-</span> 
     </span>
     <span class='ocr_line' id='line_1_13' title="bbox 305 763 1900 815; baseline 0.001 -13"><span class='ocrx_word' id='word_1_91' title='bbox 305 766 406 814; x_wconf 85' lang='lat' dir='ltr'>quot</span> <span class='ocrx_word' id='word_1_92' title='bbox 434 763 588 811; x_wconf 87' lang='lat' dir='ltr'>amicis‚</span> <span class='ocrx_word' id='word_1_93' title='bbox 621 777 797 814; x_wconf 88' lang='lat' dir='ltr'>quorum</span> <span class='ocrx_word' id='word_1_94' title='bbox 831 764 971 803; x_wconf 88' lang='lat' dir='ltr'>nullus</span> <span class='ocrx_word' id='word_1_95' title='bbox 1006 766 1066 802; x_wconf 92' lang='lat' dir='ltr'>est</span> <span class='ocrx_word' id='word_1_96' title='bbox 1095 765 1196 815; x_wconf 88' lang='lat' dir='ltr'>quin</span> <span class='ocrx_word' id='word_1_97' title='bbox 1229 766 1270 803; x_wconf 87' lang='lat' dir='ltr'>et</span> <span class='ocrx_word' id='word_1_98' title='bbox 1303 764 1499 815; x_wconf 87' lang='lat' dir='ltr'>suspiciat</span> <span class='ocrx_word' id='word_1_99' title='bbox 1529 765 1745 814; x_wconf 84' lang='lat' dir='ltr'>ingenium</span> <span class='ocrx_word' id='word_1_100' title='bbox 1779 768 1900 805; x_wconf 90' lang='lat' dir='ltr'>tuum</span> 
     </span>
     <span class='ocr_line' id='line_1_14' title="bbox 305 829 1900 880; baseline 0.001 -13"><span class='ocrx_word' id='word_1_101' title='bbox 305 832 391 868; x_wconf 90' lang='lat' dir='ltr'>tam</span> <span class='ocrx_word' id='word_1_102' title='bbox 421 829 546 868; x_wconf 83' lang='lat' dir='ltr'>foelix</span> <span class='ocrx_word' id='word_1_103' title='bbox 572 830 724 880; x_wconf 88' lang='lat' dir='ltr'>tanque</span> <span class='ocrx_word' id='word_1_104' title='bbox 751 829 1013 868; x_wconf 87' lang='lat' dir='ltr'>foecundum.</span> <span class='ocrx_word' id='word_1_105' title='bbox 1075 829 1274 869; x_wconf 83' lang='lat' dir='ltr'>Riserunt</span> <span class='ocrx_word' id='word_1_106' title='bbox 1299 832 1340 868; x_wconf 93' lang='lat' dir='ltr'>et</span> <span class='ocrx_word' id='word_1_107' title='bbox 1367 843 1390 868; x_wconf 86' lang='lat' dir='ltr'>a</span> <span class='ocrx_word' id='word_1_108' title='bbox 1415 843 1482 868; x_wconf 90' lang='lat' dir='ltr'>me</span> <span class='ocrx_word' id='word_1_109' title='bbox 1508 831 1754 869; x_wconf 88' lang='lat' dir='ltr'>damnatum</span> <span class='ocrx_word' id='word_1_110' title='bbox 1778 830 1900 870; x_wconf 88' lang='lat' dir='ltr'>illum</span> 
     </span>
     <span class='ocr_line' id='line_1_15' title="bbox 305 893 1902 943; baseline 0.003 -12"><span class='ocrx_word' id='word_1_111' title='bbox 305 894 497 933; x_wconf 92' lang='lat' dir='ltr'>libellum</span> <span class='ocrx_word' id='word_1_112' title='bbox 527 894 795 933; x_wconf 87' lang='lat' dir='ltr'>vehementer</span> <span class='ocrx_word' id='word_1_113' title='bbox 828 893 1116 943; x_wconf 88' lang='lat' dir='ltr'>efflagitarunt,</span> <span class='ocrx_word' id='word_1_114' title='bbox 1152 895 1219 934; x_wconf 87' lang='lat' dir='ltr'>vel</span> <span class='ocrx_word' id='word_1_115' title='bbox 1251 895 1348 933; x_wconf 91' lang='lat' dir='ltr'>hinc</span> <span class='ocrx_word' id='word_1_116' title='bbox 1384 894 1661 934; x_wconf 87' lang='lat' dir='ltr'>coniectantes</span> <span class='ocrx_word' id='word_1_117' title='bbox 1693 909 1782 934; x_wconf 89' lang='lat' dir='ltr'>rem</span> <span class='ocrx_word' id='word_1_118' title='bbox 1816 909 1902 935; x_wconf 85' lang='lat' dir='ltr'>esse</span> 
     </span>
     <span class='ocr_line' id='line_1_16' title="bbox 305 959 1901 1012; baseline 0.002 -15"><span class='ocrx_word' id='word_1_119' title='bbox 305 959 565 1009; x_wconf 85' lang='lat' dir='ltr'>praeclaram,</span> <span class='ocrx_word' id='word_1_120' title='bbox 594 961 700 1010; x_wconf 86' lang='lat' dir='ltr'>quod</span> <span class='ocrx_word' id='word_1_121' title='bbox 729 959 881 998; x_wconf 87' lang='lat' dir='ltr'>talibus</span> <span class='ocrx_word' id='word_1_122' title='bbox 907 959 1194 1010; x_wconf 77' lang='lat' dir='ltr'>displicuisset.</span> <span class='ocrx_word' id='word_1_123' title='bbox 1255 960 1310 999; x_wconf 91' lang='lat' dir='ltr'>In</span> <span class='ocrx_word' id='word_1_124' title='bbox 1336 960 1482 1010; x_wconf 84' lang='lat' dir='ltr'>primis</span> <span class='ocrx_word' id='word_1_125' title='bbox 1507 961 1648 999; x_wconf 90' lang='lat' dir='ltr'>autem</span> <span class='ocrx_word' id='word_1_126' title='bbox 1673 961 1901 1012; x_wconf 84' lang='lat' dir='ltr'>Episcopus</span> 
     </span>
     <span class='ocr_line' id='line_1_17' title="bbox 306 1025 1898 1076; baseline 0.001 -13"><span class='ocrx_word' id='word_1_127' title='bbox 306 1025 521 1073; x_wconf 85' lang='lat' dir='ltr'>Roffensis,</span> <span class='ocrx_word' id='word_1_128' title='bbox 538 1025 603 1063; x_wconf 91' lang='lat' dir='ltr'>vir</span> <span class='ocrx_word' id='word_1_129' title='bbox 617 1025 820 1075; x_wconf 88' lang='lat' dir='ltr'>singulari</span> <span class='ocrx_word' id='word_1_130' title='bbox 833 1038 998 1063; x_wconf 92' lang='lat' dir='ltr'>morum</span> <span class='ocrx_word' id='word_1_131' title='bbox 1012 1025 1250 1075; x_wconf 87' lang='lat' dir='ltr'>integritate</span> <span class='ocrx_word' id='word_1_132' title='bbox 1265 1038 1310 1064; x_wconf 89' lang='lat' dir='ltr'>ac</span> <span class='ocrx_word' id='word_1_133' title='bbox 1323 1025 1542 1075; x_wconf 89' lang='lat' dir='ltr'>theologus</span> <span class='ocrx_word' id='word_1_134' title='bbox 1556 1025 1898 1076; x_wconf 82' lang='lat' dir='ltr'>absolutissimus,</span> 
     </span>
     <span class='ocr_line' id='line_1_18' title="bbox 306 1090 1900 1141; baseline 0.002 -13"><span class='ocrx_word' id='word_1_135' title='bbox 306 1090 453 1129; x_wconf 88' lang='lat' dir='ltr'>deinde</span> <span class='ocrx_word' id='word_1_136' title='bbox 473 1091 652 1130; x_wconf 87' lang='lat' dir='ltr'>Ioannes</span> <span class='ocrx_word' id='word_1_137' title='bbox 679 1091 858 1138; x_wconf 86' lang='lat' dir='ltr'>Coletus‚</span> <span class='ocrx_word' id='word_1_138' title='bbox 881 1091 1058 1130; x_wconf 86' lang='lat' dir='ltr'>decanus</span> <span class='ocrx_word' id='word_1_139' title='bbox 1080 1091 1221 1130; x_wconf 83' lang='lat' dir='ltr'>Sancti</span> <span class='ocrx_word' id='word_1_140' title='bbox 1241 1091 1362 1130; x_wconf 90' lang='lat' dir='ltr'>Pauli</span> <span class='ocrx_word' id='word_1_141' title='bbox 1387 1091 1497 1141; x_wconf 92' lang='lat' dir='ltr'>apud</span> <span class='ocrx_word' id='word_1_142' title='bbox 1523 1091 1774 1131; x_wconf 89' lang='lat' dir='ltr'>Londinum.</span> <span class='ocrx_word' id='word_1_143' title='bbox 1835 1093 1900 1131; x_wconf 87' lang='lat' dir='ltr'>Me</span> 
     </span>
     <span class='ocr_line' id='line_1_19' title="bbox 305 1155 1899 1206; baseline 0.001 -12"><span class='ocrx_word' id='word_1_144' title='bbox 305 1158 446 1194; x_wconf 88' lang='lat' dir='ltr'>tamen</span> <span class='ocrx_word' id='word_1_145' title='bbox 478 1155 706 1194; x_wconf 89' lang='lat' dir='ltr'>nonnullus</span> <span class='ocrx_word' id='word_1_146' title='bbox 739 1155 872 1194; x_wconf 91' lang='lat' dir='ltr'>adhuc</span> <span class='ocrx_word' id='word_1_147' title='bbox 905 1156 1083 1195; x_wconf 87' lang='lat' dir='ltr'>habebat</span> <span class='ocrx_word' id='word_1_148' title='bbox 1114 1156 1332 1206; x_wconf 87' lang='lat' dir='ltr'>scrupulus</span> <span class='ocrx_word' id='word_1_149' title='bbox 1362 1170 1414 1194; x_wconf 88' lang='lat' dir='ltr'>ne</span> <span class='ocrx_word' id='word_1_150' title='bbox 1444 1156 1543 1206; x_wconf 91' lang='lat' dir='ltr'>quid</span> <span class='ocrx_word' id='word_1_151' title='bbox 1573 1156 1804 1206; x_wconf 86' lang='lat' dir='ltr'>scripsisses</span> <span class='ocrx_word' id='word_1_152' title='bbox 1837 1158 1899 1196; x_wconf 87' lang='lat' dir='ltr'>in—</span> 
     </span>
     <span class='ocr_line' id='line_1_20' title="bbox 306 1220 1900 1272; baseline 0.001 -13"><span class='ocrx_word' id='word_1_153' title='bbox 306 1220 479 1270; x_wconf 83' lang='lat' dir='ltr'>cautius,</span> <span class='ocrx_word' id='word_1_154' title='bbox 502 1221 610 1270; x_wconf 85' lang='lat' dir='ltr'>quod</span> <span class='ocrx_word' id='word_1_155' title='bbox 629 1221 814 1260; x_wconf 86' lang='lat' dir='ltr'>viderem</span> <span class='ocrx_word' id='word_1_156' title='bbox 840 1221 1037 1272; x_wconf 85' lang='lat' dir='ltr'>Episcopi</span> <span class='ocrx_word' id='word_1_157' title='bbox 1063 1222 1311 1260; x_wconf 87' lang='lat' dir='ltr'>sententiam</span> <span class='ocrx_word' id='word_1_158' title='bbox 1339 1221 1566 1260; x_wconf 88' lang='lat' dir='ltr'>subtimide</span> <span class='ocrx_word' id='word_1_159' title='bbox 1593 1221 1791 1271; x_wconf 88' lang='lat' dir='ltr'>scriptam</span> <span class='ocrx_word' id='word_1_160' title='bbox 1814 1235 1900 1261; x_wconf 87' lang='lat' dir='ltr'>esse</span> 
     </span>
     <span class='ocr_line' id='line_1_21' title="bbox 305 1286 1901 1336; baseline 0 -11"><span class='ocrx_word' id='word_1_161' title='bbox 305 1300 349 1325; x_wconf 80' lang='lat' dir='ltr'>ac</span> <span class='ocrx_word' id='word_1_162' title='bbox 370 1299 473 1336; x_wconf 89' lang='lat' dir='ltr'>pene</span> <span class='ocrx_word' id='word_1_163' title='bbox 491 1286 788 1335; x_wconf 84' lang='lat' dir='ltr'>meticulosam,</span> <span class='ocrx_word' id='word_1_164' title='bbox 808 1287 915 1336; x_wconf 88' lang='lat' dir='ltr'>quod</span> <span class='ocrx_word' id='word_1_165' title='bbox 935 1287 1104 1325; x_wconf 87' lang='lat' dir='ltr'>adderet</span> <span class='ocrx_word' id='word_1_166' title='bbox 1129 1286 1354 1325; x_wconf 88' lang='lat' dir='ltr'>‘haeresim</span> <span class='ocrx_word' id='word_1_167' title='bbox 1374 1288 1559 1336; x_wconf 89' lang='lat' dir='ltr'>apertam</span> <span class='ocrx_word' id='word_1_168' title='bbox 1573 1286 1583 1302; x_wconf 88' lang='lat'>&#39;</span> <span class='ocrx_word' id='word_1_169' title='bbox 1603 1288 1644 1325; x_wconf 87' lang='lat' dir='ltr'>et</span> <span class='ocrx_word' id='word_1_170' title='bbox 1664 1287 1901 1326; x_wconf 86' lang='lat' dir='ltr'>‘accedente</span> 
     </span>
     <span class='ocr_line' id='line_1_22' title="bbox 307 1351 1902 1402; baseline 0.001 -12"><span class='ocrx_word' id='word_1_171' title='bbox 307 1353 481 1391; x_wconf 90' lang='lat' dir='ltr'>tractatu</span> <span class='ocrx_word' id='word_1_172' title='bbox 496 1351 518 1399; x_wconf 83' lang='lat'>&#39;,</span> <span class='ocrx_word' id='word_1_173' title='bbox 551 1352 679 1390; x_wconf 90' lang='lat' dir='ltr'>donec</span> <span class='ocrx_word' id='word_1_174' title='bbox 713 1351 952 1402; x_wconf 86' lang='lat' dir='ltr'>Moguntiae</span> <span class='ocrx_word' id='word_1_175' title='bbox 990 1354 1137 1391; x_wconf 90' lang='lat' dir='ltr'>nactus</span> <span class='ocrx_word' id='word_1_176' title='bbox 1168 1352 1305 1402; x_wconf 90' lang='lat' dir='ltr'>ipsum</span> <span class='ocrx_word' id='word_1_177' title='bbox 1343 1351 1544 1398; x_wconf 91' lang='lat' dir='ltr'>libellum,</span> <span class='ocrx_word' id='word_1_178' title='bbox 1580 1351 1773 1391; x_wconf 88' lang='lat' dir='ltr'>articulos</span> <span class='ocrx_word' id='word_1_179' title='bbox 1808 1352 1902 1391; x_wconf 88' lang='lat' dir='ltr'>illos</span> 
     </span>
     <span class='ocr_line' id='line_1_23' title="bbox 310 1416 1898 1467; baseline 0 -12"><span class='ocrx_word' id='word_1_180' title='bbox 310 1419 319 1436; x_wconf 86' lang='lat'>‘</span> <span class='ocrx_word' id='word_1_181' title='bbox 332 1416 557 1455; x_wconf 86' lang='lat' dir='ltr'>haereticos</span> <span class='ocrx_word' id='word_1_182' title='bbox 571 1416 901 1455; x_wconf 88' lang='lat' dir='ltr'>irreuerentiales</span> <span class='ocrx_word' id='word_1_183' title='bbox 920 1418 960 1455; x_wconf 91' lang='lat' dir='ltr'>et</span> <span class='ocrx_word' id='word_1_184' title='bbox 976 1416 1126 1467; x_wconf 88' lang='lat' dir='ltr'>impios</span> <span class='ocrx_word' id='word_1_185' title='bbox 1141 1418 1150 1433; x_wconf 76' lang='lat'><strong><em>⁹</em></strong></span> <span class='ocrx_word' id='word_1_186' title='bbox 1166 1417 1359 1467; x_wconf 84' lang='lat' dir='ltr'>legissem</span> <span class='ocrx_word' id='word_1_187' title='bbox 1375 1431 1384 1465; x_wconf 91' lang='grc'><strong>;</strong></span> <span class='ocrx_word' id='word_1_188' title='bbox 1414 1416 1497 1455; x_wconf 87' lang='lat' dir='ltr'>iam</span> <span class='ocrx_word' id='word_1_189' title='bbox 1513 1417 1644 1455; x_wconf 90' lang='lat' dir='ltr'>risum</span> <span class='ocrx_word' id='word_1_190' title='bbox 1660 1418 1799 1455; x_wconf 92' lang='lat' dir='ltr'>tenere</span> <span class='ocrx_word' id='word_1_191' title='bbox 1814 1430 1898 1456; x_wconf 91' lang='lat' dir='ltr'>non</span> 
     </span>
     <span class='ocr_line' id='line_1_24' title="bbox 305 1478 1898 1529; baseline 0 -11"><span class='ocrx_word' id='word_1_192' title='bbox 305 1479 432 1529; x_wconf 82' lang='lat' dir='ltr'>potui.</span> <span class='ocrx_word' id='word_1_193' title='bbox 492 1478 768 1528; x_wconf 86' lang='lat' dir='ltr'>Posteaquam</span> <span class='ocrx_word' id='word_1_194' title='bbox 801 1481 942 1518; x_wconf 90' lang='lat' dir='ltr'>autem</span> <span class='ocrx_word' id='word_1_195' title='bbox 976 1479 1286 1518; x_wconf 88' lang='lat' dir='ltr'>damnationem</span> <span class='ocrx_word' id='word_1_196' title='bbox 1315 1479 1442 1527; x_wconf 91' lang='lat' dir='ltr'>illam,</span> <span class='ocrx_word' id='word_1_197' title='bbox 1476 1479 1581 1517; x_wconf 92' lang='lat' dir='ltr'>bone</span> <span class='ocrx_word' id='word_1_198' title='bbox 1614 1479 1736 1529; x_wconf 88' lang='lat' dir='ltr'>Deus,</span> <span class='ocrx_word' id='word_1_199' title='bbox 1773 1492 1898 1529; x_wconf 83' lang='lat' dir='ltr'>quam</span> 
     </span>
     <span class='ocr_line' id='line_1_25' title="bbox 306 1543 1900 1594; baseline 0 -12"><span class='ocrx_word' id='word_1_200' title='bbox 306 1544 414 1582; x_wconf 86' lang='lat' dir='ltr'>belle</span> <span class='ocrx_word' id='word_1_201' title='bbox 448 1543 728 1594; x_wconf 87' lang='lat' dir='ltr'>compositam,</span> <span class='ocrx_word' id='word_1_202' title='bbox 761 1544 966 1594; x_wconf 85' lang='lat' dir='ltr'>legissem,</span> <span class='ocrx_word' id='word_1_203' title='bbox 998 1544 1157 1583; x_wconf 91' lang='lat' dir='ltr'>absolui</span> <span class='ocrx_word' id='word_1_204' title='bbox 1195 1546 1247 1593; x_wconf 91' lang='lat' dir='ltr'>te,</span> <span class='ocrx_word' id='word_1_205' title='bbox 1280 1557 1406 1594; x_wconf 87' lang='lat' dir='ltr'>eaque</span> <span class='ocrx_word' id='word_1_206' title='bbox 1439 1544 1545 1582; x_wconf 90' lang='lat' dir='ltr'>mihi</span> <span class='ocrx_word' id='word_1_207' title='bbox 1572 1544 1782 1594; x_wconf 85' lang='lat' dir='ltr'>apologiae</span> <span class='ocrx_word' id='word_1_208' title='bbox 1811 1544 1900 1583; x_wconf 83' lang='lat' dir='ltr'>vice</span> 
     </span>
     <span class='ocr_line' id='line_1_26' title="bbox 304 1609 1899 1660; baseline 0.001 -13"><span class='ocrx_word' id='word_1_209' title='bbox 304 1610 397 1658; x_wconf 86' lang='lat' dir='ltr'>fuit,</span> <span class='ocrx_word' id='word_1_210' title='bbox 421 1609 697 1660; x_wconf 85' lang='lat' dir='ltr'>maioremque</span> <span class='ocrx_word' id='word_1_211' title='bbox 726 1610 770 1648; x_wconf 91' lang='lat' dir='ltr'>in</span> <span class='ocrx_word' id='word_1_212' title='bbox 800 1610 973 1648; x_wconf 90' lang='lat' dir='ltr'>modum</span> <span class='ocrx_word' id='word_1_213' title='bbox 1005 1610 1195 1660; x_wconf 88' lang='lat' dir='ltr'>optabam</span> <span class='ocrx_word' id='word_1_214' title='bbox 1215 1612 1261 1648; x_wconf 87' lang='lat' dir='ltr'>vt</span> <span class='ocrx_word' id='word_1_215' title='bbox 1287 1624 1334 1648; x_wconf 84' lang='lat' dir='ltr'>ea</span> <span class='ocrx_word' id='word_1_216' title='bbox 1356 1610 1401 1648; x_wconf 93' lang='lat' dir='ltr'>in</span> <span class='ocrx_word' id='word_1_217' title='bbox 1426 1610 1685 1648; x_wconf 90' lang='lat' dir='ltr'>eruditorum</span> <span class='ocrx_word' id='word_1_218' title='bbox 1709 1610 1899 1648; x_wconf 89' lang='lat' dir='ltr'>omnium</span> 
     </span>
     <span class='ocr_line' id='line_1_27' title="bbox 305 1674 1896 1725; baseline 0.001 -13"><span class='ocrx_word' id='word_1_219' title='bbox 305 1675 499 1714; x_wconf 87' lang='lat' dir='ltr'>manibus</span> <span class='ocrx_word' id='word_1_220' title='bbox 528 1677 643 1714; x_wconf 87' lang='lat' dir='ltr'>esset.</span> <span class='ocrx_word' id='word_1_221' title='bbox 722 1675 781 1713; x_wconf 91' lang='lat' dir='ltr'>At</span> <span class='ocrx_word' id='word_1_222' title='bbox 810 1675 938 1713; x_wconf 88' lang='lat' dir='ltr'>simul</span> <span class='ocrx_word' id='word_1_223' title='bbox 966 1677 1089 1725; x_wconf 85' lang='lat' dir='ltr'>atque</span> <span class='ocrx_word' id='word_1_224' title='bbox 1117 1675 1311 1725; x_wconf 88' lang='lat' dir='ltr'>legissem</span> <span class='ocrx_word' id='word_1_225' title='bbox 1340 1676 1381 1713; x_wconf 92' lang='lat' dir='ltr'>et</span> <span class='ocrx_word' id='word_1_226' title='bbox 1409 1674 1729 1725; x_wconf 91' lang='lat' dir='ltr'>Apologeticum</span> <span class='ocrx_word' id='word_1_227' title='bbox 1763 1675 1896 1722; x_wconf 82' lang='lat' dir='ltr'>tuum,</span> 
     </span>
     <span class='ocr_line' id='line_1_28' title="bbox 305 1740 1900 1791; baseline -0.001 -12"><span class='ocrx_word' id='word_1_228' title='bbox 305 1743 421 1779; x_wconf 86' lang='lat' dir='ltr'>tanta</span> <span class='ocrx_word' id='word_1_229' title='bbox 455 1740 676 1788; x_wconf 84' lang='lat' dir='ltr'>alacritate,</span> <span class='ocrx_word' id='word_1_230' title='bbox 719 1742 834 1779; x_wconf 87' lang='lat' dir='ltr'>tanta</span> <span class='ocrx_word' id='word_1_231' title='bbox 881 1740 1043 1789; x_wconf 90' lang='lat' dir='ltr'>fiducia,</span> <span class='ocrx_word' id='word_1_232' title='bbox 1084 1741 1202 1779; x_wconf 90' lang='lat' dir='ltr'>tanto</span> <span class='ocrx_word' id='word_1_233' title='bbox 1248 1740 1504 1791; x_wconf 84' lang='lat' dir='ltr'>eloquentiae</span> <span class='ocrx_word' id='word_1_234' title='bbox 1548 1740 1736 1788; x_wconf 90' lang='lat' dir='ltr'>fulmine,</span> <span class='ocrx_word' id='word_1_235' title='bbox 1782 1742 1900 1779; x_wconf 88' lang='lat' dir='ltr'>tanto</span> 
     </span>
     <span class='ocr_line' id='line_1_29' title="bbox 305 1805 1899 1855; baseline -0.001 -11"><span class='ocrx_word' id='word_1_236' title='bbox 305 1806 504 1849; x_wconf 77' lang='lat' dir='ltr'>acumine,</span> <span class='ocrx_word' id='word_1_237' title='bbox 528 1807 613 1844; x_wconf 87' lang='lat' dir='ltr'>tam</span> <span class='ocrx_word' id='word_1_238' title='bbox 640 1805 863 1855; x_wconf 89' lang='lat' dir='ltr'>multiiuga</span> <span class='ocrx_word' id='word_1_239' title='bbox 889 1805 1135 1845; x_wconf 88' lang='lat' dir='ltr'>eruditionis</span> <span class='ocrx_word' id='word_1_240' title='bbox 1154 1805 1337 1845; x_wconf 86' lang='lat' dir='ltr'>vbertate</span> <span class='ocrx_word' id='word_1_241' title='bbox 1365 1805 1656 1855; x_wconf 87' lang='lat' dir='ltr'>conscriptum,</span> <span class='ocrx_word' id='word_1_242' title='bbox 1682 1805 1766 1843; x_wconf 88' lang='lat' dir='ltr'>iam</span> <span class='ocrx_word' id='word_1_243' title='bbox 1794 1805 1899 1844; x_wconf 90' lang='lat' dir='ltr'>mihi</span> 
     </span>
    </p>
   </div>
   <div class='ocr_carea' id='block_1_8' title="bbox 252 1869 1900 1921">
    <p class='ocr_par' dir='ltr' id='par_1_8' title="bbox 252 1869 1900 1921">
     <span class='ocr_line' id='line_1_30' title="bbox 252 1869 1900 1921; baseline 0 -13"><span class='ocrx_word' id='word_1_244' title='bbox 252 1893 262 1906; x_wconf 47' lang='grc' dir='ltr'><strong><em>ψ</em></strong></span> <span class='ocrx_word' id='word_1_245' title='bbox 306 1871 474 1909; x_wconf 90' lang='lat' dir='ltr'>videbar</span> <span class='ocrx_word' id='word_1_246' title='bbox 498 1885 583 1909; x_wconf 89' lang='lat' dir='ltr'>non</span> <span class='ocrx_word' id='word_1_247' title='bbox 610 1870 749 1909; x_wconf 88' lang='lat' dir='ltr'>audire</span> <span class='ocrx_word' id='word_1_248' title='bbox 775 1883 891 1909; x_wconf 87' lang='lat' dir='ltr'>reum</span> <span class='ocrx_word' id='word_1_249' title='bbox 918 1884 993 1921; x_wconf 88' lang='lat' dir='ltr'>pro</span> <span class='ocrx_word' id='word_1_250' title='bbox 1020 1884 1062 1909; x_wconf 90' lang='lat' dir='ltr'>se</span> <span class='ocrx_word' id='word_1_251' title='bbox 1088 1871 1304 1920; x_wconf 85' lang='lat' dir='ltr'>dicentem,</span> <span class='ocrx_word' id='word_1_252' title='bbox 1327 1871 1397 1909; x_wconf 90' lang='lat' dir='ltr'>sed</span> <span class='ocrx_word' id='word_1_253' title='bbox 1417 1870 1617 1909; x_wconf 90' lang='lat' dir='ltr'>victorem</span> <span class='ocrx_word' id='word_1_254' title='bbox 1644 1871 1693 1909; x_wconf 87' lang='lat' dir='ltr'>de</span> <span class='ocrx_word' id='word_1_255' title='bbox 1721 1869 1900 1909; x_wconf 89' lang='lat' dir='ltr'>subactis</span> 
     </span>
    </p>
   </div>
   <div class='ocr_carea' id='block_1_9' title="bbox 304 1934 1900 2637">
    <p class='ocr_par' dir='ltr' id='par_1_9' title="bbox 304 1934 1900 2560">
     <span class='ocr_line' id='line_1_31' title="bbox 305 1934 1900 1986; baseline 0 -13"><span class='ocrx_word' id='word_1_256' title='bbox 305 1935 497 1974; x_wconf 88' lang='lat' dir='ltr'>hostibus</span> <span class='ocrx_word' id='word_1_257' title='bbox 542 1935 806 1985; x_wconf 87' lang='lat' dir='ltr'>triumphum</span> <span class='ocrx_word' id='word_1_258' title='bbox 852 1938 1056 1986; x_wconf 87' lang='lat' dir='ltr'>agentem.</span> <span class='ocrx_word' id='word_1_259' title='bbox 1142 1936 1286 1974; x_wconf 91' lang='lat' dir='ltr'>Vnum</span> <span class='ocrx_word' id='word_1_260' title='bbox 1333 1935 1438 1974; x_wconf 89' lang='lat' dir='ltr'>illud</span> <span class='ocrx_word' id='word_1_261' title='bbox 1487 1934 1792 1985; x_wconf 87' lang='lat' dir='ltr'>desyderabam,</span> <span class='ocrx_word' id='word_1_262' title='bbox 1841 1935 1900 1973; x_wconf 90' lang='lat' dir='ltr'>mi</span> 
     </span>
     <span class='ocr_line' id='line_1_32' title="bbox 307 2000 1900 2051; baseline -0.001 -12"><span class='ocrx_word' id='word_1_263' title='bbox 307 2000 504 2049; x_wconf 73' lang='lat' dir='ltr'>capnion,</span> <span class='ocrx_word' id='word_1_264' title='bbox 537 2001 696 2051; x_wconf 86' lang='lat' dir='ltr'>(loquar</span> <span class='ocrx_word' id='word_1_265' title='bbox 725 2001 836 2040; x_wconf 87' lang='lat' dir='ltr'>enim</span> <span class='ocrx_word' id='word_1_266' title='bbox 866 2001 1113 2050; x_wconf 86' lang='lat' dir='ltr'>simpliciter</span> <span class='ocrx_word' id='word_1_267' title='bbox 1141 2003 1181 2039; x_wconf 91' lang='lat' dir='ltr'>et</span> <span class='ocrx_word' id='word_1_268' title='bbox 1209 2000 1619 2049; x_wconf 81' lang='lat' dir='ltr'>amice)—malebam</span> <span class='ocrx_word' id='word_1_269' title='bbox 1647 2002 1687 2038; x_wconf 89' lang='lat' dir='ltr'>te</span> <span class='ocrx_word' id='word_1_270' title='bbox 1715 2000 1760 2038; x_wconf 89' lang='lat' dir='ltr'>in</span> <span class='ocrx_word' id='word_1_271' title='bbox 1788 2001 1900 2039; x_wconf 89' lang='lat' dir='ltr'>locos</span> 
     </span>
     <span class='ocr_line' id='line_1_33' title="bbox 307 2064 1899 2115; baseline 0.001 -13"><span class='ocrx_word' id='word_1_272' title='bbox 307 2064 402 2102; x_wconf 87' lang='lat' dir='ltr'>illos</span> <span class='ocrx_word' id='word_1_273' title='bbox 435 2077 632 2104; x_wconf 89' lang='lat' dir='ltr'>comunes</span> <span class='ocrx_word' id='word_1_274' title='bbox 665 2066 827 2115; x_wconf 86' lang='lat' dir='ltr'>parcius</span> <span class='ocrx_word' id='word_1_275' title='bbox 861 2065 1017 2115; x_wconf 89' lang='lat' dir='ltr'>digredi</span> <span class='ocrx_word' id='word_1_276' title='bbox 1051 2067 1122 2104; x_wconf 89' lang='lat' dir='ltr'>aut</span> <span class='ocrx_word' id='word_1_277' title='bbox 1152 2067 1261 2103; x_wconf 87' lang='lat' dir='ltr'>certe</span> <span class='ocrx_word' id='word_1_278' title='bbox 1291 2065 1433 2103; x_wconf 90' lang='lat' dir='ltr'>minus</span> <span class='ocrx_word' id='word_1_279' title='bbox 1462 2064 1688 2109; x_wconf 74' lang='lat' dir='ltr'>immorari,</span> <span class='ocrx_word' id='word_1_280' title='bbox 1720 2065 1770 2103; x_wconf 87' lang='lat' dir='ltr'>ad</span> <span class='ocrx_word' id='word_1_281' title='bbox 1800 2065 1899 2103; x_wconf 87' lang='lat' dir='ltr'>haec</span> 
     </span>
     <span class='ocr_line' id='line_1_34' title="bbox 306 2129 1894 2180; baseline 0.001 -12"><span class='ocrx_word' id='word_1_282' title='bbox 306 2130 441 2180; x_wconf 89' lang='lat' dir='ltr'>magis</span> <span class='ocrx_word' id='word_1_283' title='bbox 458 2132 706 2180; x_wconf 85' lang='lat' dir='ltr'>temperasse</span> <span class='ocrx_word' id='word_1_284' title='bbox 725 2144 748 2168; x_wconf 93' lang='lat' dir='ltr'>a</span> <span class='ocrx_word' id='word_1_285' title='bbox 767 2130 1001 2168; x_wconf 86' lang='lat' dir='ltr'>manifestis</span> <span class='ocrx_word' id='word_1_286' title='bbox 1029 2130 1235 2168; x_wconf 89' lang='lat' dir='ltr'>conuitiis.</span> <span class='ocrx_word' id='word_1_287' title='bbox 1294 2130 1453 2168; x_wconf 88' lang='lat' dir='ltr'>Verum</span> <span class='ocrx_word' id='word_1_288' title='bbox 1474 2129 1576 2167; x_wconf 90' lang='lat' dir='ltr'>illud</span> <span class='ocrx_word' id='word_1_289' title='bbox 1597 2129 1633 2167; x_wconf 90' lang='lat' dir='ltr'>si</span> <span class='ocrx_word' id='word_1_290' title='bbox 1652 2129 1804 2167; x_wconf 88' lang='lat' dir='ltr'>vitium</span> <span class='ocrx_word' id='word_1_291' title='bbox 1822 2133 1894 2178; x_wconf 83' lang='lat' dir='ltr'>est,</span> 
     </span>
     <span class='ocr_line' id='line_1_35' title="bbox 304 2193 1899 2243; baseline -0.001 -10"><span class='ocrx_word' id='word_1_292' title='bbox 304 2196 457 2234; x_wconf 89' lang='lat' dir='ltr'>vitium</span> <span class='ocrx_word' id='word_1_293' title='bbox 486 2197 547 2234; x_wconf 90' lang='lat' dir='ltr'>est</span> <span class='ocrx_word' id='word_1_294' title='bbox 576 2196 759 2234; x_wconf 86' lang='lat' dir='ltr'>hominis</span> <span class='ocrx_word' id='word_1_295' title='bbox 790 2195 1019 2234; x_wconf 88' lang='lat' dir='ltr'>eruditione</span> <span class='ocrx_word' id='word_1_296' title='bbox 1048 2208 1093 2233; x_wconf 88' lang='lat' dir='ltr'>ac</span> <span class='ocrx_word' id='word_1_297' title='bbox 1123 2194 1252 2233; x_wconf 87' lang='lat' dir='ltr'>literis</span> <span class='ocrx_word' id='word_1_298' title='bbox 1281 2194 1599 2243; x_wconf 88' lang='lat' dir='ltr'>superfluentis;</span> <span class='ocrx_word' id='word_1_299' title='bbox 1638 2193 1706 2231; x_wconf 93' lang='lat' dir='ltr'>hic</span> <span class='ocrx_word' id='word_1_300' title='bbox 1736 2193 1899 2232; x_wconf 87' lang='lat' dir='ltr'>difficile</span> 
     </span>
     <span class='ocr_line' id='line_1_36' title="bbox 304 2258 1899 2309; baseline -0.001 -11"><span class='ocrx_word' id='word_1_301' title='bbox 304 2262 367 2299; x_wconf 87' lang='lat' dir='ltr'>est</span> <span class='ocrx_word' id='word_1_302' title='bbox 386 2260 520 2299; x_wconf 90' lang='lat' dir='ltr'>alieno</span> <span class='ocrx_word' id='word_1_303' title='bbox 546 2260 676 2299; x_wconf 89' lang='lat' dir='ltr'>dolori</span> <span class='ocrx_word' id='word_1_304' title='bbox 702 2260 873 2299; x_wconf 91' lang='lat' dir='ltr'>modum</span> <span class='ocrx_word' id='word_1_305' title='bbox 898 2259 1183 2309; x_wconf 85' lang='lat' dir='ltr'>praescribere.</span> <span class='ocrx_word' id='word_1_306' title='bbox 1244 2259 1349 2297; x_wconf 87' lang='lat' dir='ltr'>Rem</span> <span class='ocrx_word' id='word_1_307' title='bbox 1370 2259 1491 2297; x_wconf 87' lang='lat' dir='ltr'>facies</span> <span class='ocrx_word' id='word_1_308' title='bbox 1511 2258 1684 2297; x_wconf 89' lang='lat' dir='ltr'>eruditis</span> <span class='ocrx_word' id='word_1_309' title='bbox 1705 2258 1899 2297; x_wconf 87' lang='lat' dir='ltr'>omnibus</span> 
     </span>
     <span class='ocr_line' id='line_1_37' title="bbox 306 2323 1894 2377; baseline -0.003 -12"><span class='ocrx_word' id='word_1_310' title='bbox 306 2326 596 2377; x_wconf 84' lang='lat' dir='ltr'>gratissimam,</span> <span class='ocrx_word' id='word_1_311' title='bbox 621 2325 656 2363; x_wconf 91' lang='lat' dir='ltr'>si</span> <span class='ocrx_word' id='word_1_312' title='bbox 675 2325 829 2365; x_wconf 90' lang='lat' dir='ltr'>curaris</span> <span class='ocrx_word' id='word_1_313' title='bbox 854 2325 977 2363; x_wconf 90' lang='lat' dir='ltr'>illum</span> <span class='ocrx_word' id='word_1_314' title='bbox 1004 2324 1193 2362; x_wconf 90' lang='lat' dir='ltr'>libellum</span> <span class='ocrx_word' id='word_1_315' title='bbox 1221 2324 1265 2362; x_wconf 93' lang='lat' dir='ltr'>in</span> <span class='ocrx_word' id='word_1_316' title='bbox 1290 2323 1490 2373; x_wconf 82' lang='lat' dir='ltr'>Angliam</span> <span class='ocrx_word' id='word_1_317' title='bbox 1511 2323 1894 2371; x_wconf 85' lang='lat' dir='ltr'>transmittendum,</span> 
     </span>
     <span class='ocr_line' id='line_1_38' title="bbox 307 2388 1899 2440; baseline -0.003 -10"><span class='ocrx_word' id='word_1_318' title='bbox 307 2392 374 2430; x_wconf 88' lang='lat' dir='ltr'>vel</span> <span class='ocrx_word' id='word_1_319' title='bbox 407 2392 458 2430; x_wconf 91' lang='lat' dir='ltr'>ad</span> <span class='ocrx_word' id='word_1_320' title='bbox 491 2391 698 2429; x_wconf 88' lang='lat' dir='ltr'>Ioannem</span> <span class='ocrx_word' id='word_1_321' title='bbox 734 2391 973 2440; x_wconf 88' lang='lat' dir='ltr'>episcopum</span> <span class='ocrx_word' id='word_1_322' title='bbox 1007 2390 1245 2427; x_wconf 86' lang='lat' dir='ltr'>Roffensem</span> <span class='ocrx_word' id='word_1_323' title='bbox 1277 2389 1345 2428; x_wconf 89' lang='lat' dir='ltr'>vel</span> <span class='ocrx_word' id='word_1_324' title='bbox 1382 2389 1432 2427; x_wconf 89' lang='lat' dir='ltr'>ad</span> <span class='ocrx_word' id='word_1_325' title='bbox 1466 2388 1665 2437; x_wconf 88' lang='lat' dir='ltr'>Coletum,</span> <span class='ocrx_word' id='word_1_326' title='bbox 1699 2389 1899 2427; x_wconf 90' lang='lat' dir='ltr'>decanum</span> 
     </span>
     <span class='ocr_line' id='line_1_39' title="bbox 307 2453 1898 2505; baseline -0.003 -9"><span class='ocrx_word' id='word_1_327' title='bbox 307 2458 348 2496; x_wconf 84' lang='lat' dir='ltr'>S.</span> <span class='ocrx_word' id='word_1_328' title='bbox 378 2455 510 2495; x_wconf 86' lang='lat' dir='ltr'>Pauli.</span> <span class='ocrx_word' id='word_1_329' title='bbox 570 2456 665 2505; x_wconf 90' lang='lat' dir='ltr'>Ipse</span> <span class='ocrx_word' id='word_1_330' title='bbox 695 2468 867 2505; x_wconf 85' lang='lat' dir='ltr'>quoque,</span> <span class='ocrx_word' id='word_1_331' title='bbox 901 2454 938 2494; x_wconf 88' lang='lat' dir='ltr'>si</span> <span class='ocrx_word' id='word_1_332' title='bbox 971 2456 1122 2504; x_wconf 88' lang='lat' dir='ltr'>potero,</span> <span class='ocrx_word' id='word_1_333' title='bbox 1155 2454 1319 2493; x_wconf 89' lang='lat' dir='ltr'>mittam</span> <span class='ocrx_word' id='word_1_334' title='bbox 1349 2467 1499 2501; x_wconf 90' lang='lat' dir='ltr'>meum,</span> <span class='ocrx_word' id='word_1_335' title='bbox 1532 2453 1700 2492; x_wconf 87' lang='lat' dir='ltr'>tametsi</span> <span class='ocrx_word' id='word_1_336' title='bbox 1729 2453 1898 2492; x_wconf 88' lang='lat' dir='ltr'>vnicum</span> 
     </span>
     <span class='ocr_line' id='line_1_40' title="bbox 308 2522 426 2560; baseline 0 0"><span class='ocrx_word' id='word_1_337' title='bbox 308 2522 426 2560; x_wconf 88' lang='lat' dir='ltr'>mihi.</span> 
     </span>
    </p>

    <p class='ocr_par' dir='ltr' id='par_1_10' title="bbox 363 2583 1899 2637">
     <span class='ocr_line' id='line_1_41' title="bbox 363 2583 1899 2637; baseline -0.003 -11"><span class='ocrx_word' id='word_1_338' title='bbox 363 2587 613 2637; x_wconf 84' lang='lat' dir='ltr'>Scripsimus</span> <span class='ocrx_word' id='word_1_339' title='bbox 632 2585 918 2624; x_wconf 88' lang='lat' dir='ltr'>annotationes</span> <span class='ocrx_word' id='word_1_340' title='bbox 937 2585 980 2623; x_wconf 90' lang='lat' dir='ltr'>in</span> <span class='ocrx_word' id='word_1_341' title='bbox 1002 2585 1169 2624; x_wconf 89' lang='lat' dir='ltr'>Nouum</span> <span class='ocrx_word' id='word_1_342' title='bbox 1190 2584 1501 2623; x_wconf 89' lang='lat' dir='ltr'>Testamentum</span> <span class='ocrx_word' id='word_1_343' title='bbox 1517 2584 1770 2623; x_wconf 87' lang='lat' dir='ltr'>vniuersum.</span> <span class='ocrx_word' id='word_1_344' title='bbox 1819 2583 1899 2622; x_wconf 89' lang='lat' dir='ltr'>Ita-</span> 
     </span>
    </p>
   </div>
   <div class='ocr_carea' id='block_1_10' title="bbox 352 2692 1952 2899">
    <p class='ocr_par' dir='ltr' id='par_1_11' title="bbox 352 2692 1952 2899">
     <span class='ocr_line' id='line_1_42' title="bbox 352 2692 1952 2733; baseline -0.001 -10"><span class='ocrx_word' id='word_1_345' title='bbox 352 2704 382 2724; x_wconf 87' lang='lat'>2.</span> <span class='ocrx_word' id='word_1_346' title='bbox 409 2694 547 2733; x_wconf 84' lang='lat' dir='ltr'>aliquot</span> <span class='ocrx_word' id='word_1_347' title='bbox 565 2705 639 2725; x_wconf 84' lang='lat' dir='ltr'>corr.</span> <span class='ocrx_word' id='word_1_348' title='bbox 660 2696 786 2731; x_wconf 65' lang='lat' dir='ltr'>Geiyer:</span> <span class='ocrx_word' id='word_1_349' title='bbox 809 2692 953 2732; x_wconf 85' lang='lat' dir='ltr'>aliquod</span> <span class='ocrx_word' id='word_1_350' title='bbox 968 2704 998 2723; x_wconf 89' lang='grc' dir='ltr'>α.</span> <span class='ocrx_word' id='word_1_351' title='bbox 1169 2703 1199 2730; x_wconf 86' lang='grc'>4.</span> <span class='ocrx_word' id='word_1_352' title='bbox 1227 2693 1360 2731; x_wconf 86' lang='lat' dir='ltr'>tanque</span> <span class='ocrx_word' id='word_1_353' title='bbox 1380 2695 1506 2732; x_wconf 67' lang='lat' dir='ltr'>correxi,</span> <span class='ocrx_word' id='word_1_354' title='bbox 1524 2695 1560 2729; x_wconf 74' lang='lat' dir='ltr'>cf.</span> <span class='ocrx_word' id='word_1_355' title='bbox 1580 2695 1639 2730; x_wconf 81' lang='lat' dir='ltr'>Ep.</span> <span class='ocrx_word' id='word_1_356' title='bbox 1658 2693 1741 2732; x_wconf 84' lang='lat'><strong>396:</strong></span> <span class='ocrx_word' id='word_1_357' title='bbox 1767 2694 1852 2732; x_wconf 66' lang='lat' dir='ltr'>tanq</span> <span class='ocrx_word' id='word_1_358' title='bbox 1867 2704 1897 2722; x_wconf 84' lang='lat' dir='ltr'>a.</span> <span class='ocrx_word' id='word_1_359' title='bbox 1949 2692 1952 2694; x_wconf 82' lang='grc'><strong>’</strong></span> 
     </span>
     <span class='ocr_line' id='line_1_43' title="bbox 353 2811 1821 2854; baseline -0.002 -10"><span class='ocrx_word' id='word_1_360' title='bbox 353 2823 383 2852; x_wconf 88' lang='grc'>5.</span> <span class='ocrx_word' id='word_1_361' title='bbox 409 2815 589 2854; x_wconf 78' lang='lat' dir='ltr'>libellum]</span> <span class='ocrx_word' id='word_1_362' title='bbox 607 2813 877 2854; x_wconf 81' lang='lat' dir='ltr'>Augenspiegel.</span> <span class='ocrx_word' id='word_1_363' title='bbox 1137 2813 1206 2844; x_wconf 91' lang='lat' dir='ltr'>LB.</span> <span class='ocrx_word' id='word_1_364' title='bbox 1228 2822 1259 2843; x_wconf 81' lang='lat' dir='ltr'>x.</span> <span class='ocrx_word' id='word_1_365' title='bbox 1281 2813 1363 2843; x_wconf 88' lang='lat'>1668</span> <span class='ocrx_word' id='word_1_366' title='bbox 1379 2822 1423 2843; x_wconf 83' lang='lat' dir='ltr'>DE</span> <span class='ocrx_word' id='word_1_367' title='bbox 1442 2812 1512 2843; x_wconf 86' lang='lat' dir='ltr'>and</span> <span class='ocrx_word' id='word_1_368' title='bbox 1529 2812 1592 2852; x_wconf 83' lang='lat' dir='ltr'>Ep.</span> <span class='ocrx_word' id='word_1_369' title='bbox 1609 2821 1673 2851; x_wconf 84' lang='lat'>332</span> <span class='ocrx_word' id='word_1_370' title='bbox 1690 2811 1821 2842; x_wconf 87' lang='lat' dir='ltr'>introd.</span> 
     </span>
     <span class='ocr_line' id='line_1_44' title="bbox 358 2855 1897 2899; baseline -0.003 -12"><span class='ocrx_word' id='word_1_371' title='bbox 358 2867 406 2889; x_wconf 91' lang='lat'>12.</span> <span class='ocrx_word' id='word_1_372' title='bbox 433 2857 650 2899; x_wconf 87' lang='lat' dir='ltr'>Moguntiae]</span> <span class='ocrx_word' id='word_1_373' title='bbox 677 2858 727 2890; x_wconf 82' lang='lat' dir='ltr'>Cf.</span> <span class='ocrx_word' id='word_1_374' title='bbox 753 2858 814 2897; x_wconf 92' lang='lat' dir='ltr'>Ep.</span> <span class='ocrx_word' id='word_1_375' title='bbox 831 2867 904 2896; x_wconf 86' lang='lat'>314.</span> <span class='ocrx_word' id='word_1_376' title='bbox 923 2868 953 2895; x_wconf 90' lang='lat'>4.</span> <span class='ocrx_word' id='word_1_377' title='bbox 1002 2857 1069 2887; x_wconf 85' lang='lat' dir='ltr'>For</span> <span class='ocrx_word' id='word_1_378' title='bbox 1184 2866 1232 2887; x_wconf 88' lang='lat'>11.</span> <span class='ocrx_word' id='word_1_379' title='bbox 1261 2856 1459 2886; x_wconf 86' lang='lat' dir='ltr'>‘haeresim</span> <span class='ocrx_word' id='word_1_380' title='bbox 1473 2856 1481 2872; x_wconf 91' lang='lat'>’</span> <span class='ocrx_word' id='word_1_381' title='bbox 1499 2855 1583 2896; x_wconf 86' lang='lat' dir='ltr'>etc.]</span> <span class='ocrx_word' id='word_1_382' title='bbox 1609 2855 1720 2886; x_wconf 87' lang='lat' dir='ltr'>These</span> <span class='ocrx_word' id='word_1_383' title='bbox 1743 2863 1837 2884; x_wconf 89' lang='lat' dir='ltr'>seem</span> <span class='ocrx_word' id='word_1_384' title='bbox 1860 2856 1897 2884; x_wconf 86' lang='lat' dir='ltr'>to</span> 
     </span>
    </p>
   </div>
   <div class='ocr_carea' id='block_1_11' title="bbox 310 2896 1895 3070">
    <p class='ocr_par' dir='ltr' id='par_1_12' title="bbox 310 2896 1895 3070">
     <span class='ocr_line' id='line_1_45' title="bbox 311 2896 1894 2940; baseline -0.003 -10"><span class='ocrx_word' id='word_1_385' title='bbox 311 2901 489 2931; x_wconf 83' lang='lat' dir='ltr'>Erasmus’</span> <span class='ocrx_word' id='word_1_386' title='bbox 529 2901 767 2931; x_wconf 85' lang='lat' dir='ltr'>enthusiastic</span> <span class='ocrx_word' id='word_1_387' title='bbox 804 2901 985 2940; x_wconf 87' lang='lat' dir='ltr'>reception</span> <span class='ocrx_word' id='word_1_388' title='bbox 1023 2901 1070 2940; x_wconf 88' lang='lat' dir='ltr'>by</span> <span class='ocrx_word' id='word_1_389' title='bbox 1138 2900 1180 2930; x_wconf 87' lang='lat' dir='ltr'>be</span> <span class='ocrx_word' id='word_1_390' title='bbox 1198 2900 1379 2939; x_wconf 85' lang='lat' dir='ltr'>allusions,</span> <span class='ocrx_word' id='word_1_391' title='bbox 1399 2899 1537 2939; x_wconf 88' lang='lat' dir='ltr'>though</span> <span class='ocrx_word' id='word_1_392' title='bbox 1553 2900 1615 2929; x_wconf 90' lang='lat' dir='ltr'>not</span> <span class='ocrx_word' id='word_1_393' title='bbox 1631 2897 1762 2937; x_wconf 80' lang='lat' dir='ltr'>verbal,</span> <span class='ocrx_word' id='word_1_394' title='bbox 1781 2898 1817 2927; x_wconf 89' lang='lat' dir='ltr'>to</span> <span class='ocrx_word' id='word_1_395' title='bbox 1834 2896 1894 2927; x_wconf 87' lang='lat' dir='ltr'>the</span> 
     </span>
     <span class='ocr_line' id='line_1_46' title="bbox 310 2939 1895 2983; baseline -0.003 -10"><span class='ocrx_word' id='word_1_396' title='bbox 310 2943 487 2974; x_wconf 84' lang='lat' dir='ltr'>Reuchlin</span> <span class='ocrx_word' id='word_1_397' title='bbox 505 2944 575 2974; x_wconf 81' lang='lat' dir='ltr'>and</span> <span class='ocrx_word' id='word_1_398' title='bbox 593 2944 638 2974; x_wconf 90' lang='lat' dir='ltr'>H.</span> <span class='ocrx_word' id='word_1_399' title='bbox 656 2944 774 2975; x_wconf 87' lang='lat' dir='ltr'>Busch</span> <span class='ocrx_word' id='word_1_400' title='bbox 792 2954 848 2974; x_wconf 87' lang='lat' dir='ltr'>see</span> <span class='ocrx_word' id='word_1_401' title='bbox 866 2944 974 2976; x_wconf 87' lang='lat' dir='ltr'><strong>MRE.</strong></span> <span class='ocrx_word' id='word_1_402' title='bbox 994 2954 1068 2983; x_wconf 84' lang='lat'><strong>533.</strong></span> <span class='ocrx_word' id='word_1_403' title='bbox 1138 2942 1234 2983; x_wconf 87' lang='lat' dir='ltr'>Bp.&#39;s</span> <span class='ocrx_word' id='word_1_404' title='bbox 1246 2943 1439 2982; x_wconf 82' lang='lat' dir='ltr'>judgment</span> <span class='ocrx_word' id='word_1_405' title='bbox 1457 2943 1556 2982; x_wconf 84' lang='lat' dir='ltr'>(Eov.</span> <span class='ocrx_word' id='word_1_406' title='bbox 1578 2942 1614 2972; x_wconf 91' lang='lat' dir='ltr'>ii.</span> <span class='ocrx_word' id='word_1_407' title='bbox 1631 2950 1707 2981; x_wconf 86' lang='lat'>550,</span> <span class='ocrx_word' id='word_1_408' title='bbox 1725 2942 1755 2979; x_wconf 75' lang='grc' dir='ltr'>Ι)</span> <span class='ocrx_word' id='word_1_409' title='bbox 1774 2939 1846 2970; x_wconf 87' lang='lat' dir='ltr'>and</span> <span class='ocrx_word' id='word_1_410' title='bbox 1859 2942 1895 2970; x_wconf 75' lang='lat' dir='ltr'>to</span> 
     </span>
     <span class='ocr_line' id='line_1_47' title="bbox 311 2983 1893 3023; baseline -0.002 -6"><span class='ocrx_word' id='word_1_411' title='bbox 311 2987 346 3017; x_wconf 90' lang='lat' dir='ltr'>It</span> <span class='ocrx_word' id='word_1_412' title='bbox 371 2996 442 3017; x_wconf 84' lang='lat' dir='ltr'>was</span> <span class='ocrx_word' id='word_1_413' title='bbox 466 2996 511 3016; x_wconf 90' lang='lat' dir='ltr'>on</span> <span class='ocrx_word' id='word_1_414' title='bbox 536 2987 609 3017; x_wconf 83' lang='lat' dir='ltr'>this</span> <span class='ocrx_word' id='word_1_415' title='bbox 633 2988 793 3018; x_wconf 81' lang='lat' dir='ltr'>occasion</span> <span class='ocrx_word' id='word_1_416' title='bbox 817 2988 896 3018; x_wconf 78' lang='lat' dir='ltr'>that</span> <span class='ocrx_word' id='word_1_417' title='bbox 922 2988 967 3017; x_wconf 89' lang='lat' dir='ltr'>he</span> <span class='ocrx_word' id='word_1_418' title='bbox 997 2989 1069 3017; x_wconf 88' lang='lat' dir='ltr'>met</span> <span class='ocrx_word' id='word_1_419' title='bbox 1139 2986 1201 3016; x_wconf 88' lang='lat' dir='ltr'>the</span> <span class='ocrx_word' id='word_1_420' title='bbox 1222 2987 1361 3017; x_wconf 86' lang='lat' dir='ltr'>attacks</span> <span class='ocrx_word' id='word_1_421' title='bbox 1382 2996 1428 3017; x_wconf 93' lang='lat' dir='ltr'>on</span> <span class='ocrx_word' id='word_1_422' title='bbox 1445 2985 1621 3016; x_wconf 86' lang='lat' dir='ltr'>Reuchlin</span> <span class='ocrx_word' id='word_1_423' title='bbox 1640 2985 1684 3023; x_wconf 69' lang='lat' dir='ltr'>by</span> <span class='ocrx_word' id='word_1_424' title='bbox 1701 2983 1893 3015; x_wconf 84' lang='lat' dir='ltr'>Hochstrat</span> 
     </span>
     <span class='ocr_line' id='line_1_48' title="bbox 313 3029 1601 3070; baseline -0.002 -9"><span class='ocrx_word' id='word_1_425' title='bbox 313 3031 455 3061; x_wconf 86' lang='lat' dir='ltr'>Hutten</span> <span class='ocrx_word' id='word_1_426' title='bbox 471 3031 524 3061; x_wconf 83' lang='lat' dir='ltr'>for</span> <span class='ocrx_word' id='word_1_427' title='bbox 546 3030 607 3060; x_wconf 89' lang='lat' dir='ltr'>the</span> <span class='ocrx_word' id='word_1_428' title='bbox 629 3030 704 3061; x_wconf 85' lang='lat' dir='ltr'>first</span> <span class='ocrx_word' id='word_1_429' title='bbox 727 3031 837 3068; x_wconf 80' lang='lat' dir='ltr'>tin1e3</span> <span class='ocrx_word' id='word_1_430' title='bbox 861 3031 902 3061; x_wconf 88' lang='lat' dir='ltr'>cf.</span> <span class='ocrx_word' id='word_1_431' title='bbox 923 3033 1067 3070; x_wconf 74' lang='lat' dir='ltr'>Sponyz&#39;a,</span> <span class='ocrx_word' id='word_1_432' title='bbox 1142 3030 1214 3060; x_wconf 83' lang='lat' dir='ltr'>and</span> <span class='ocrx_word' id='word_1_433' title='bbox 1230 3029 1369 3061; x_wconf 87' lang='lat' dir='ltr'>Arnold</span> <span class='ocrx_word' id='word_1_434' title='bbox 1386 3030 1424 3060; x_wconf 87' lang='lat' dir='ltr'>of</span> <span class='ocrx_word' id='word_1_435' title='bbox 1435 3029 1601 3068; x_wconf 82' lang='lat' dir='ltr'>Tongres.</span> 
     </span>
    </p>
   </div>
  </div>
 </body>
</html>
