2010 3417
249 177 330 216 438
715 172 965 211 LETTERS
1003 170 1073 210 OF
1110 170 1376 210 ERASMUS
1724 165 1846 223 [1517

747 300 941 357 ‘1465195CG
1002 300 1134 342 FROM
1166 300 1260 340 LEO
1292 300 1346 340 X.

296 394 465 440 Epistole
484 393 678 438 elegantes
698 393 742 427 f0.
759 392 799 426 114
817 396 867 426 v0.
1563 390 1690 425 Rome.

296 453 350 488 Οἳ.
369 465 405 498 p.
426 452 514 495 146:
541 451 579 486 F.
602 464 637 497 p.
660 461 723 495 50:
752 450 843 485 HN:
870 448 987 484 Lond.
1006 448 1029 484 i.
1050 449 1115 484 28:
1142 448 1217 483 LB.
1239 458 1315 493 193.
1453 448 1498 483 26
1514 449 1680 493 January
1702 447 1801 492 1513.

296 529 344 570 [A
360 529 499 568 private
516 527 624 557 letter
639 525 921 565 accompanying
936 524 1023 564 Epp.
1041 524 1162 562 517‚18
1177 534 1184 554 :
1208 522 1280 554 and
1297 522 1450 554 suitable
1467 522 1522 554 for
1538 521 1791 563 publication]

498 621 582 651 LEO
612 621 648 650 P.
677 619 724 650 M.
756 617 950 649 DILECTO
980 616 1106 647 FILIO
1139 616 1321 647 ERASMO
1351 616 1509 645 ROTER.
1540 615 1605 646 SA.

317 698 501 736 Dnfflcm
547 694 622 742 fili,
672 694 851 733 salutem
899 694 942 731 et
989 691 1261 742 apostolicam
1307 690 1650 730 benedictionem.
1731 689 1855 729 Vitae

252 775 502 812 morumque
550 763 720 799 tuorum
761 760 968 807 honestas,
1008 757 1187 796 eruditio
1230 769 1335 803 rara,
1374 769 1420 795 ac
1457 757 1610 795 eximia
1645 757 1854 796 virtutum

253 831 421 867 tuarum
459 827 618 873 merita,
655 839 759 876 quae
794 837 879 862 non
913 823 1052 862 solum
1089 822 1328 861 studiorum
1364 823 1533 861 tuorum
1566 821 1857 861 monumentis

252 894 400 944 vbique
435 892 652 932 celebratis
685 889 955 930 testatissima
987 889 1097 936 sunt,
1130 901 1278 927 verum
1310 887 1438 926 etiam
1475 887 1854 926 eruditissimorum

217 966 234 998 5
254 960 475 998 hominum
514 957 723 1007 suffragio,
760 955 936 1005 denique
970 953 1148 992 duorum
1181 953 1567 991 illustrissimorum
1604 953 1855 1002 principum,

255 1025 383 1075 Regis
401 1023 581 1074 Angliae
601 1025 642 1061 et
663 1021 790 1071 Regis
810 1019 1027 1067 Catholici,
1052 1019 1205 1057 litteris
1233 1018 1356 1056 nobis
1376 1018 1675 1066 commendata,
1696 1017 1856 1056 faciunt

254 1092 300 1129 vt
338 1091 379 1128 te
416 1088 636 1139 praecipuo
669 1100 715 1125 ac
754 1085 954 1135 singulari
985 1084 1164 1135 quodam
1194 1084 1335 1122 fauore
1368 1096 1678 1134 prosequamur.
1734 1082 1857 1122 Vnde

255 1153 525 1205 postulationi
555 1156 652 1192 tuae
684 1151 864 1190 libenter
902 1150 1138 1198 annuimus,
1168 1149 1335 1188 vberius
1365 1149 1492 1188 etiam
1523 1152 1712 1188 nostram
1741 1148 1787 1186 in
1816 1149 1859 1186 te

255 1221 452 1270 pietatem
481 1217 740 1264 declaraturi,
764 1230 859 1255 cum
885 1215 1141 1255 occasionem
1167 1214 1235 1254 vel
1261 1214 1349 1264 ipse
1376 1214 1634 1254 ministrabis
1655 1214 1722 1253 vel
1741 1225 1861 1252 casus

200 1301 237 1322 10
256 1285 420 1324 obiiciet
440 1298 449 1331 ;
478 1296 658 1334 aequum
678 1295 765 1321 esse
783 1280 1017 1319 iudicantes
1046 1282 1235 1319 sanctam
1255 1282 1372 1318 tuam
1392 1280 1642 1318 industriam
1668 1278 1858 1329 publicae

258 1350 433 1389 vtilitati
461 1349 628 1388 assidue
657 1347 931 1386 desudantem
962 1345 1103 1395 dignis
1134 1345 1329 1395 praemiis
1356 1346 1407 1384 ad
1436 1346 1594 1385 maiora
1622 1345 1860 1385 conandum

257 1415 441 1454 excitari.
501 1414 659 1453 Datum
679 1413 847 1451 Romae.
868 1412 980 1450 xxvi.
1003 1411 1201 1450 Ianuarii.
1224 1424 1405 1450 M.D.XV1.

315 1483 442 1520 Anno
462 1479 727 1530 pontificatus
748 1477 882 1516 nostri
902 1479 1061 1527 quarto.

637 1635 779 1687 52054Ο
839 1630 971 1671 FROM
1007 1629 1227 1670 WILLIAM
1259 1631 1484 1672 LATIMER.

309 1713 495 1748 Deventer
513 1711 590 1746 Ms.
611 1721 667 1757 91,
686 1711 711 1745 f.
734 1712 798 1755 183
816 1715 866 1746 v0.
1533 1710 1686 1745 Oxford.

309 1771 349 1807 E.
368 1784 404 1816 p.
425 1772 513 1815 318:
540 1770 579 1805 F.
598 1782 634 1815 p.
653 1780 742 1814 423:
770 1769 862 1805 HN:
888 1768 1005 1804 Lond.
1025 1779 1058 1803 x,
1075 1778 1139 1803 22:
1165 1768 1238 1804 LB.
1256 1778 1337 1813 301.
1409 1778 1456 1813 30
1471 1768 1640 1814 January
1660 1767 1815 1815 (1517).

307 1852 395 1893 [The
411 1850 595 1891 year-date
611 1860 677 1881 can
694 1849 735 1881 be
752 1849 916 1889 supplied
934 1849 1027 1880 from
1045 1849 1106 1880 the
1124 1850 1326 1880 connexion
1342 1848 1434 1879 with
1450 1848 1541 1888 Epp.
1557 1849 1619 1887 481
1637 1849 1710 1880 and
1726 1849 1820 1890 502.]

361 1950 620 1981 GVLIELMVs
652 1948 909 1978 LATIMERVS
940 1947 1215 1979 CLARISSIMO
1246 1947 1355 1978 VIRO
1383 1945 1568 1978 ‘ERASMO
1600 1948 1635 1979 S.
1660 1949 1698 1979 P.
1723 1949 1767 1980 D.

320 2037 543 2074 REnmrAE
576 2037 675 2074 sunt
713 2035 820 2073 mihi
858 2035 1003 2073 literae
1041 2036 1146 2083 tuae,
1180 2034 1420 2073 doctissime
1457 2035 1641 2083 Emsme,
1683 2048 1786 2085 quas
1817 2050 1865 2076 XI

266 2102 432 2142 Calend.
470 2101 664 2140 Decemb.
702 2101 752 2139 ad
787 2113 855 2138 me
887 2100 1081 2139 dederas:
1115 2100 1161 2138 in
1191 2100 1341 2151 quibus
1373 2113 1569 2150 magnam
1598 2100 1707 2139 mihi
1738 2101 1866 2142 habes

267 2167 454 2217 gratiam,
487 2167 596 2216 quod
626 2179 793 2215 operam
822 2179 971 2214 meam,
1004 2168 1050 2204 vt
1087 2165 1246 2214 scribis,
1278 2166 1563 2215 promisissem
1593 2168 1642 2206 εἰς
1671 2166 1867 2216 διόρθωσιν

266 2235 332 2282 τῆς
345 2230 446 2272 Νέας
462 2232 652 2281 Διαθήκης
669 2246 677 2278 ;
707 2244 806 2281 qum
822 2245 897 2282 ego
912 2231 953 2269 id
966 2244 1172 2282 nusquam
1186 2233 1382 2281 profecto,
1402 2232 1511 2281 quod
1525 2231 1665 2281 sciam,
1683 2232 1864 2273 fecerim.

231 2310 247 2341 5
270 2298 364 2336 Non
386 2298 496 2347 quod
528 2310 614 2336 non
643 2297 821 2335 libenter
844 2297 887 2335 id
911 2297 1115 2345 fecissem,
1138 2297 1175 2335 si
1200 2310 1291 2336 eam
1317 2296 1397 2335 tibi
1420 2297 1515 2335 vsui
1533 2297 1621 2335 fore
1641 2298 1867 2338 arbitratus

268 2377 413 2412 essem,
433 2363 502 2401 sed
523 2363 631 2413 quod
651 2363 745 2412 post
764 2363 925 2400 tantam
944 2364 1063 2401 tuam
1078 2362 1309 2401 doctrinam
1327 2364 1571 2412 tantamque
1589 2363 1864 2414 diligentiam,

270 2430 470 2478 quantam
491 2441 541 2466 ex
560 2427 813 2478 praefatione
832 2429 903 2466 tua
921 2428 967 2466 in
981 2441 1028 2466 eo
1048 2441 1170 2478 opere
1189 2428 1428 2466 adhibuisse
1447 2430 1489 2466 te
1507 2428 1712 2478 intelligo,
1734 2443 1871 2480 neque

271 2495 534 2532 mutaturum
571 2507 639 2531 me
671 2493 892 2543 quicquam
921 2493 1004 2532 nisi
1040 2494 1085 2532 in
1123 2494 1314 2541 deterius,
1350 2506 1481 2544 neque
1514 2493 1758 2533 additurum
1787 2496 1869 2534 nisi

271 2558 414 2604 ociose,
444 2558 646 2596 videbam.
707 2559 903 2598 Ceterum
929 2559 1071 2597 Morus
1096 2561 1248 2607 noster,
1272 2558 1429 2608 opinor,
1452 2558 1531 2597 tibi
1556 2559 1765 2610 imposuit,
1788 2575 1870 2612 quo

216 2639 255 2660 10
273 2636 347 2673 ego
367 2623 473 2662 hanc
499 2624 675 2674 gratiam
700 2624 769 2663 vel
791 2624 895 2662 falso
922 2623 995 2663 abs
1021 2626 1063 2662 te
1082 2623 1245 2663 inirem.
1303 2624 1411 2662 Nam
1433 2624 1518 2674 egit
1542 2623 1616 2662 ille
1634 2638 1799 2665 mecum
1819 2626 1872 2666 de

273 2688 348 2726 hac
376 2688 463 2738 ipsa
494 2703 537 2727 re
564 2689 793 2739 diligenter,
817 2703 917 2739 qum
953 2690 1140 2739 proxime
1173 2689 1357 2728 Londini
1386 2690 1495 2739 apud
1525 2703 1622 2728 eum
1656 2704 1800 2741 essem,
1829 2695 1870 2731 et
1936 2684 1939 2687 ¹

274 2752 399 2792 simul
430 2754 557 2792 etiam
588 2754 637 2793 de
664 2755 870 2805 Episcopo
899 2755 1097 2804 Roffensi,
1127 2755 1177 2793 de
1211 2768 1292 2805 quo
1325 2757 1373 2794 tu
1403 2768 1562 2805 quoque
1589 2756 1748 2806 aliquot
1774 2759 1872 2797 ante

648 2853 723 2883 520.
745 2862 796 2891 10,
818 2861 845 2883 1.
872 2852 915 2883 de
931 2853 997 2883 hac
1014 2853 1091 2892 ipsa
1106 2855 1175 2884 MS.
1193 2864 1200 2882 :
1225 2853 1291 2883 hac
1307 2852 1384 2892 ipsa
1401 2851 1445 2883 de
1460 2855 1497 2884 F.

320 2939 394 2969 519.
427 2940 458 2970 6.
497 2940 601 2980 Regis
633 2940 826 2981 Catholici]
867 2941 919 2973 Cf.
952 2941 1037 2981 Epp.
1111 2941 1147 2972 of
1156 2940 1281 2972 More's
1291 2941 1407 2981 letter,
1422 2941 1485 2981 Ep.
1497 2941 1571 2980 481,
1585 2941 1657 2972 and
1670 2919 1869 2974 forwiarded

280 2989 354 3018 475.
371 2992 391 3018 4
410 2991 442 3012 n.
461 2982 532 3012 and
549 2983 625 3021 476.
646 2985 696 3014 16.
1112 2994 1159 3014 on
1176 2985 1222 3024 by
1238 2985 1316 3015 him
1334 2985 1411 3024 (Ep.
1429 2994 1507 3024 502.
1525 2986 1592 3024 29).

323 3024 398 3054 520.
428 3035 453 3055 1.
483 3024 625 3066 literae]
657 3027 815 3057 &Vi-itten
841 3037 883 3057 on
910 3028 1041 3067 receipt
1156 3037 1185 3066 7.
1209 3028 1443 3068 praefatione]
1462 3029 1527 3067 Ep.
1543 3037 1619 3067 373.
