2010 3417
194 517 252 550 275

194 834 255 867 280

194 1162 254 1204 285

197 1498 258 1531 290

197 1821 257 1854 ²95

276 129 354 170 134
737 126 986 166 LETTERS
1024 127 1094 166 OF
1131 127 1395 167 ERASMUS
1741 127 1867 182 [1515

275 238 499 288 theologos
524 249 604 286 quo
637 237 822 285 tempore
854 248 929 273 vos
965 234 1096 273 literis
1125 234 1381 285 inuigilatis3
1428 238 1498 274 aut
1528 236 1697 285 ingenio
1733 251 1871 277 carere*

277 303 510 354 quicunque
542 313 628 339 non
661 301 879 350 poetantur
910 301 982 337 aut
1020 298 1282 338 rhetorisant.
1355 299 1505 338 Nonne
1532 300 1721 340 videmus
1759 301 1865 341 abie-

275 367 480 407 ctissimos
500 365 675 415 opifices,
702 365 833 402 immo
852 363 1056 403 vilissima
1074 365 1281 415 mancipia
1307 364 1551 404 clarissimis
1575 378 1663 404 esse
1682 366 1868 416 praedita

273 431 485 482 ingeniis?
541 429 649 479 Quid
681 442 778 479 ergo
807 428 887 467 sibi
908 428 1056 467 volunt
1092 429 1168 468 hec
1206 430 1251 468 in
1287 429 1501 480 theologos
1534 443 1678 469 omnes
1710 431 1874 470 detorta

273 497 710 545 voeabula—pingues,
742 494 876 542 rudes,
907 493 1149 544 pestilentes
1177 496 1219 533 et
1247 495 1319 546 qui
1345 495 1454 534 nihil
1477 495 1655 535 habeant
1678 496 1865 534 mentis?

274 561 442 601 Nullius
461 562 523 600 est
543 560 644 599 artis
663 559 860 610 probrosa
880 558 1012 598 dicere
1037 560 1081 598 in
1108 561 1289 610 quosuis,
1313 561 1383 599 sed
1403 574 1536 611 neque
1561 561 1785 600 honestum
1805 562 1867 600 est

273 629 345 667 aut
384 626 485 665 boni
522 625 604 664 viri
641 624 831 672 offitium,
872 624 909 662 si
947 637 1136 664 seueram
1174 625 1403 665 Saluatoris
1439 626 1572 665 nostri
1609 625 1866 665 sententiam

273 691 586 744 perpendamus,
617 690 719 738 ‘Qui
745 689 895 728 dixerit
921 690 1041 728 fratri
1066 703 1141 729 suo
1162 691 1309 739 Racha,
1332 704 1427 730 reus
1454 692 1533 730 erit
1558 691 1759 739 concilio;
1789 690 1862 741 qui

272 760 414 797 autem
443 756 592 795 dixerit
621 755 759 802 Fatue,
781 768 874 793 reus
902 755 981 793 erit
1009 755 1220 805 gehennae
1247 756 1382 806 ignis.’
1448 756 1532 795 Vbi
1555 756 1873 806 Hieronymus:

277 823 346 862 ‘Si
377 823 426 861 de
459 823 589 861 otioso
619 834 806 860 sermone
835 820 1037 860 reddituri
1065 834 1211 861 sumus
1240 822 1454 870 rationem,
1474 823 1628 872 quanto
1654 821 1790 872 magis
1818 821 1869 860 de

273 887 537 928 contumelia.
596 886 676 935 Qui
723 886 768 924 in
799 886 935 925 Deum
974 886 1158 925 credenti
1200 887 1300 926 dicit
1336 887 1475 935 Fatue,
1517 887 1674 937 impius
1717 889 1780 925 est
1822 886 1870 924 in

272 953 543 1003 religionem.’
611 952 830 990 Postremo
868 963 952 990 non
992 951 1093 989 satis
1129 952 1328 1002 intelligo,
1367 952 1527 991 tardior
1562 951 1765 1000 videlicet,
1806 951 1868 990 mi

273 1019 454 1065 Erasme,
479 1018 634 1068 quanta
663 1016 716 1054 sit
745 1016 836 1054 laus
863 1015 954 1063 ista,
979 1029 1103 1066 quam
1131 1017 1351 1067 gramatici
1378 1017 1500 1056 toties
1524 1017 1688 1067 publice
1715 1016 1872 1067 praedi-

273 1086 377 1132 cant,
403 1095 564 1133 quaque
583 1094 626 1120 se
649 1094 744 1119 cum
769 1080 916 1130 primis
933 1081 1111 1120 efferunt
1129 1094 1174 1120 ac
1193 1082 1360 1131 iactant,
1383 1095 1472 1121 sese
1494 1094 1663 1132 prorsus
1680 1082 1872 1132 ignorare

273 1148 467 1201 quicquid
488 1149 551 1185 est
576 1146 834 1196 sophisticae.
895 1145 990 1184 Non
1015 1148 1078 1185 est
1095 1146 1186 1186 laus
1204 1147 1294 1195 ista,
1319 1147 1378 1186 mi
1397 1147 1568 1186 Erasme
1585 1161 1596 1194 ;
1624 1146 1756 1185 immo
1775 1146 1869 1184 laus

274 1217 346 1264 est,
381 1212 574 1264 quicquid
611 1212 677 1259 sit,
713 1212 985 1262 quantumuis
1016 1212 1191 1261 humile,
1210 1215 1352 1252 tamen
1390 1213 1431 1251 id
1469 1213 1583 1262 scire,
1623 1211 1747 1250 modo
1780 1224 1870 1262 pre·

274 1278 546 1319 stantioribus
580 1291 632 1316 ne
663 1276 719 1315 sis
749 1277 885 1326 impar
913 1276 1013 1315 aliis.
1075 1278 1182 1326 Quid
1212 1278 1248 1316 si
1277 1278 1545 1328 sophisticam
1573 1277 1729 1316 callens
1757 1275 1866 1314 nihil

274 1345 436 1396 ignorat
457 1343 566 1393 quod
590 1341 640 1380 ad
668 1353 804 1380 sacras
827 1341 969 1381 literas
991 1342 1228 1392 pertineat?
1284 1343 1396 1382 Num
1415 1343 1460 1381 in
1480 1343 1588 1382 dicta
1613 1355 1736 1381 causa
1755 1341 1806 1380 ob
1825 1340 1868 1379 id

274 1422 407 1450 vnum
442 1408 573 1447 veluti
611 1407 799 1445 ethnicus
836 1408 876 1444 et
914 1407 1160 1456 publicanus
1206 1407 1641 1456 excommunicabitur,
1684 1407 1762 1445 hoc
1807 1407 1870 1443 est

275 1487 380 1525 aqua
410 1475 450 1512 et
482 1473 572 1523 igni
604 1472 883 1520 interdicetur,
922 1472 1031 1522 quod
1068 1473 1113 1511 in
1152 1473 1377 1524 sophistica
1411 1473 1585 1522 (facinus
1615 1470 1871 1522 indignum),

275 1541 407 1579 immo
439 1539 483 1577 in
517 1537 732 1576 dialectica
760 1550 861 1587 puer
886 1536 940 1575 sit
966 1538 1201 1577 exercitus?
1258 1539 1366 1588 Quid
1392 1538 1430 1577 si
1449 1552 1533 1577 non
1552 1540 1672 1577 antea
1691 1551 1715 1576 a
1734 1536 1873 1586 sophi·

275 1606 390 1645 sticis
428 1603 643 1653 resipiscat
675 1615 800 1652 quam
833 1602 1097 1652 Augustinus
1129 1618 1153 1642 a
1191 1603 1396 1643 Manichei
1433 1603 1650 1651 erroribus,
1691 1603 1771 1641 hoc
1808 1603 1869 1639 est

275 1683 406 1710 annos
434 1670 558 1708 natus
584 1668 767 1718 triginta,
791 1669 831 1705 et
855 1669 955 1705 tunc
980 1681 1067 1707 sese
1085 1669 1405 1719 vigilantissimo
1434 1669 1711 1719 acerrimoque
1733 1666 1875 1706 studio

275 1736 409 1776 literis
441 1734 567 1773 sacris
600 1733 753 1772 dedat?
808 1734 879 1772 An
911 1733 1008 1772 huic
1038 1734 1147 1772 nihil
1180 1735 1259 1773 erit
1288 1734 1376 1785 spei
1404 1735 1629 1785 deinceps?
1667 1735 1708 1772 et
1736 1732 1872 1770 multo

276 1802 401 1841 etiam
440 1799 582 1838 minus
613 1811 738 1849 quam
772 1798 809 1837 si
838 1799 1120 1839 mercimoniis
1157 1800 1345 1839 emendis
1376 1800 1684 1850 vendendisque
1717 1799 1872 1837 etatem

277 1866 541 1916 transegisset
560 1867 632 1903 aut
659 1865 767 1902 totos
790 1864 877 1902 dies
902 1865 1166 1905 stertuisset?
1223 1866 1348 1916 Fugit
1373 1867 1414 1904 te
1437 1865 1537 1917 quid
1566 1864 1688 1904 Plato
1710 1866 1809 1902 tuus
1827 1862 1872 1900 in

279 1932 431 1981 Gorgia
468 1929 629 1977 sentiat,
675 1942 760 1967 non
799 1929 952 1967 offendi
988 1941 1031 1968 se
1073 1930 1109 1969 si
1145 1944 1320 1980 puerum
1359 1931 1499 1971 videat
1543 1929 1873 1981 sophismatibus

277 1997 552 2047 argutantem,
574 1994 697 2032 modo
717 2007 769 2032 ne
795 1994 841 2032 in
859 1994 944 2032 illis
969 1996 1056 2034 etas
1080 1997 1350 2035 conteratur?
1407 1996 1547 2035 Etiam
1570 1996 1648 2034 hoc
1678 2008 1785 2042 caue,
1808 1993 1871 2031 mi

278 2062 461 2107 Erasme,
489 2073 541 2098 ne
580 2059 684 2098 falsa
722 2058 917 2108 opinione
950 2059 1159 2109 sophistas
1194 2074 1317 2100 voces
1355 2062 1427 2111 qui
1464 2059 1746 2110 syncerissimi
1771 2059 1872 2097 sunt

198 2147 262 2181 300
280 2125 469 2166 omnium
502 2123 574 2173 qui
606 2123 729 2162 hodie
749 2123 904 2162 viuunt
932 2124 1250 2164 dialecticorum.
1310 2126 1452 2175 Neque
1482 2126 1595 2164 enim
1618 2126 1736 2175 potes
1764 2125 1873 2161 recte

200 2474 260 2507 305

279 2191 500 2231 diiudicare
524 2190 635 2227 inter
661 2188 922 2227 dialecticum
948 2191 989 2227 et
1012 2190 1243 2239 sophistam
1269 2190 1369 2241 quid
1395 2191 1570 2238 intersit,
1593 2190 1630 2228 si
1654 2191 1874 2238 vti-amque

278 2259 409 2297 artem
441 2256 616 2305 ignores.
675 2254 792 2302 Quod
825 2253 860 2291 si
888 2253 1170 2294 Louanienses
1199 2269 1342 2294 omnes
1371 2257 1495 2306 atque
1524 2268 1569 2293 eo
1599 2255 1731 2304 magis
1759 2253 1872 2292 Pari-

279 2324 433 2362 sienses
464 2320 677 2370 theologos
710 2319 914 2370 sophistas
945 2320 1056 2369 facis,
1077 2321 1126 2359 fit
1158 2323 1205 2360 vt
1238 2321 1449 2361 dialectica
1481 2323 1569 2361 toto
1602 2323 1742 2361 exulet
1771 2320 1869 2359 orbe

280 2387 587 2438 exulaueritque
607 2386 754 2425 multis
773 2385 932 2425 seculis.
973 2386 1050 2425 Dic
1067 2386 1222 2437 alioqui
1235 2387 1406 2427 vbinam
1424 2390 1630 2427 terrarum
1650 2387 1873 2436 dialectica,

281 2466 404 2504 quam
437 2454 484 2491 tu
517 2464 732 2502 synceram
766 2451 900 2499 ducas,
922 2451 1085 2501 publice
1119 2453 1321 2501 doceatur,
1343 2453 1378 2492 si
1405 2453 1513 2492 forte
1535 2466 1643 2493 vnus
1671 2455 1743 2492 aut
1770 2452 1875 2492 alter

280 2522 368 2559 tam
399 2518 512 2556 felici
540 2518 594 2556 sit
622 2517 788 2567 ingenio
816 2518 862 2556 vt
891 2517 994 2556 citra
1021 2521 1307 2569 preceptorum
1336 2532 1513 2569 operam,
1546 2519 1624 2559 hoc
1654 2522 1715 2559 est
1743 2519 1874 2559 mutis

325 2633 397 2662 271.
424 2623 485 2653 aut
501 2622 646 2661 ingenio
662 2645 670 2653 .
691 2645 699 2653 .
720 2645 727 2652 .
747 2630 822 2660 272.
847 2622 1012 2653 videmus
1029 2625 1103 2653 adcl.
1123 2624 1145 2657 β
1164 2625 1241 2663 (LB.
1261 2633 1377 2662 1901A
1393 2628 1419 2654 et
1439 2624 1578 2663 1899E).
1684 2633 1758 2663 275.
1785 2623 1843 2658 05²
1867 2635 1876 2654 ε

282 2666 417 2697 habent
433 2666 478 2700 β’.
589 2667 662 2704 276.
688 2666 857 2705 probrosa
872 2677 916 2706 αγ
934 2667 1010 2707 (LB.
1031 2676 1116 2706 1900
1126 2667 1161 2706 Β)
1180 2678 1187 2696 :
1210 2668 1338 2706 probra
1361 2668 1395 2700 β.
1487 2668 1560 2706 278.
1587 2666 1624 2702 β3
1640 2678 1647 2698 :
1672 2667 1820 2699 consilio
1839 2678 1871 2698 α.

282 2719 355 2748 302.
382 2709 622 2741 Lauonienses
638 2719 669 2739 a.
801 2718 875 2748 303.
902 2710 1021 2740 exulet
1037 2713 1150 2747 sco-ipsi
1162 2721 1168 2741 :
1194 2710 1315 2742 exulat
1331 2722 1362 2741 α.

327 2818 399 2847 275.
417 2809 538 2850 rudes]
563 2809 625 2849 Ep.
642 2818 714 2848 337.
733 2810 807 2847 607,
827 2818 901 2848 455,
919 2809 994 2848 689.
1118 2818 1232 2848 nugas
1255 2809 1352 2840 nihil
1376 2808 1628 2840 addidicerunt
1649 2807 1870 2850 (didicerunt

370 2853 465 2882 nihil
483 2853 639 2883 habeant
655 2852 807 2892 mentis]
818 2853 892 2883 The
906 2861 1048 2892 passage
1117 2853 1189 2893 B²).'
1237 2853 1272 2883 It
1289 2852 1372 2883 does
1388 2855 1452 2884 not
1467 2862 1571 2884 occur
1586 2853 1625 2883 in
1642 2852 1703 2882 the
1718 2851 1870 2890 printed

285 2895 315 2925 is
338 2895 469 2933 quoted
492 2896 540 2934 by
564 2896 659 2926 More
684 2895 737 2936 (β1
755 2908 762 2927 :
787 2896 857 2926 LB.
886 2906 969 2935 1900
985 2904 1020 2933 E)
1041 2906 1047 2925 :
1114 2896 1207 2927 form
1218 2896 1256 2926 of
1265 2896 1417 2935 Ep.337;
1433 2897 1497 2927 but
1511 2896 1552 2926 cf.
1569 2895 1670 2926 there
1681 2894 1873 2933 ll.310seq.

288 2937 463 2969 ‘Cottidie
485 2948 521 2968 re
546 2940 622 2977 ipsa
641 2939 802 2978 experior
825 2948 933 2978 quam
950 2938 1045 2968 nihil
1159 2949 1231 2978 277.
1248 2939 1463 2979 Saluatoris]
1488 2940 1588 2970 Matt.
1607 2947 1637 2977 5.
1659 2947 1711 2968 22.

285 2981 439 3011 habeant
459 2983 591 3013 mentis
610 2983 671 3020 qui
693 2984 812 3021 preter
834 2982 1045 3021 sophisticas
1157 2993 1230 3022 297.
1252 2982 1398 3022 Gorgia]
1423 2983 1486 3021 485
1503 2992 1536 3013 Α.
