2073 3464
320 365 380 395 180

322 689 380 729 185

327 1025 386 1057 190

330 1351 385 1383 195

331 1677 391 1698 200

333 2002 391 2032 205

399 183 450 220 22
860 179 1109 219 LETTERS
1147 179 1216 217 OF
1254 179 1519 218 ERASMUS

398 290 604 330 Basileam
624 302 753 339 vsque
775 302 850 327 nos
876 291 938 327 est
961 288 1212 337 prosecutus.
1272 285 1368 324 Illic
1387 285 1683 326 admonueram
1702 288 1919 327 hominem
1939 301 1992 326 ne

399 370 466 395 me
485 355 675 405 proderet
696 370 703 401 ;
734 352 930 391 delectari
949 365 1017 390 me
1043 351 1184 401 paucis
1207 349 1397 389 amiculis
1417 350 1487 389 sed
1507 351 1724 401 exquisitis
1743 365 1789 390 ac
1809 352 1989 392 delectis.

400 422 592 460 Primum
630 419 768 468 itaque
807 431 891 456 non
924 417 1096 456 aderant
1129 416 1200 454 alii
1230 428 1356 465 quam
1385 415 1416 453 ii
1446 428 1547 466 quos
1578 416 1756 455 maxime
1788 416 1990 465 volebam,

400 486 553 524 Beatus
573 484 811 531 Rhenanus,
835 483 953 521 cuius
981 495 1056 532 ego
1082 480 1278 531 prudenti
1296 480 1500 520 modestia
1519 482 1560 519 et
1579 481 1777 521 acerrimo
1796 481 1842 520 in
1861 481 1993 521 literis

399 550 551 588 iudicio
566 549 832 588 vehementer
852 547 1175 595 delector,—nec
1191 549 1253 585 est
1269 546 1488 597 quicquam
1502 546 1629 585 huius
1643 546 1889 596 quotidiana
1902 560 1994 586 con-

400 614 622 654 suetudine
646 613 753 652 mihi
773 612 995 652 iucundius
1012 628 1021 661 ;
1051 613 1153 651 item
1176 611 1399 650 Giraerdus
1418 611 1610 660 Listrius,
1630 611 1812 651 medicae
1832 612 1892 651 rei
1910 625 1995 651 non

400 679 628 730 vulgariter
655 678 825 729 peritus,
847 678 897 717 ad
923 678 997 716 hec
1023 678 1205 726 Latinae,
1237 679 1423 725 Graecae,
1445 679 1486 716 et
1513 676 1741 716 Hebraicae
1763 677 1998 716 literaturae

400 745 573 795 pulchre
611 758 775 794 gnarus,
814 744 989 794 denique
1026 743 1191 782 iuuenis
1220 743 1271 781 ad
1305 756 1372 781 me
1406 742 1632 781 amandum
1659 745 1793 782 natus.
1852 742 1999 781 Bruno

402 824 563 861 quoque
592 810 898 848 Amorbachius
927 808 1131 859 singulari
1161 807 1357 855 doctrina,
1390 807 1602 858 trilinguis
1631 810 1673 847 et
1702 808 1781 847 hic.
1851 806 2000 846 Ioanni

402 876 607 915 Frobenio
627 875 787 914 reddidi
806 875 947 913 literas
966 874 1016 912 ab
1043 874 1216 912 Erasmo
1238 872 1395 921 missas,
1417 872 1572 911 addens
1597 886 1684 912 esse
1702 873 1810 911 mihi
1831 885 1926 911 cum
1951 886 2000 911 eo

402 941 731 981 familiaritatem
750 940 1025 978 arctissimam
1044 954 1052 986 ;
1081 939 1132 977 ab
1151 938 1295 976 eodem
1316 938 1365 976 de
1385 938 1556 976 edendis
1575 938 1688 976 illius
1707 938 2001 977 lucubrationi-

403 1008 481 1046 bus
521 1006 679 1055 negocii
718 1018 926 1044 summam
968 1003 1074 1042 mihi
1112 1004 1387 1050 commissam,
1419 1005 1465 1041 vt
1504 1003 1699 1053 quicquid
1739 1003 1926 1053 egissem,
1958 1003 2000 1041 id

403 1071 574 1122 perinde
600 1073 647 1109 vt
674 1070 726 1109 ab
759 1070 933 1109 Erasmo
966 1071 1131 1118 gestum
1165 1070 1302 1106 ratum
1331 1068 1444 1115 fore;
1488 1068 1666 1118 denique
1696 1081 1763 1107 me
1800 1068 1863 1107 illi
1901 1068 2002 1107 adeo

404 1136 587 1175 similem
607 1137 654 1174 vt
675 1135 747 1184 qui
773 1148 841 1173 me
863 1134 1037 1181 videret,
1057 1133 1281 1172 Erasmum
1307 1133 1476 1171 videret.
1535 1133 1580 1171 Is
1605 1135 1747 1182 postea
1771 1132 1863 1172 risit
1885 1133 2002 1172 intel·

404 1208 508 1245 lecta
526 1206 680 1244 fraude.
743 1206 864 1244 Socer
889 1203 1094 1251 Frobenii,
1118 1203 1310 1242 resolutis
1335 1203 1531 1242 omnibus
1559 1216 1662 1253 quae
1686 1202 1941 1241 debebantur
1959 1204 2004 1242 in

406 1272 646 1320 diuersorio,
677 1283 754 1309 nos
784 1283 867 1308 vna
897 1282 992 1308 cum
1022 1269 1138 1319 equis
1167 1281 1213 1306 ac
1245 1268 1415 1307 sarcinis
1449 1268 1496 1307 in
1525 1281 1621 1307 suas
1652 1269 1771 1308 aedes
1800 1269 1997 1308 traduxit.

405 1338 506 1376 Post
534 1336 711 1375 biduum
737 1335 863 1374 huius
889 1335 1112 1374 Academie
1143 1334 1328 1373 doctores
1356 1347 1429 1383 per
1457 1333 1709 1384 theologicae
1737 1334 2004 1384 professionis

406 1403 620 1441 Decanum
653 1404 695 1440 et
727 1401 907 1440 alterum
941 1400 1147 1450 quendam
1181 1400 1226 1438 in
1260 1401 1473 1449 posterum
1506 1399 1619 1438 diem
1648 1412 1724 1438 nos
1753 1400 1802 1438 ad
1833 1412 2003 1438 coenam

406 1467 617 1505 vocarunt,
674 1465 861 1504 Aderant
887 1478 1031 1503 omnes
1057 1464 1246 1503 omnium
1268 1463 1526 1512 facultatum,
1548 1466 1593 1503 vt
1615 1467 1776 1512 vocant,
1805 1464 2004 1504 doctores.

407 1532 566 1570 Aderat
604 1533 646 1569 et
687 1530 924 1569 Ludouicus
964 1530 1096 1568 Berus
1134 1532 1215 1569 aut.
1257 1530 1293 1568 si
1331 1530 1478 1568 Latine
1512 1529 1660 1576 mauis,
1696 1530 1839 1577 Vrsus,
1880 1530 2005 1568 huius

408 1596 632 1636 Academie
656 1598 797 1643 rector,
821 1595 930 1646 apud
957 1594 1170 1634 Parhisios
1193 1594 1466 1644 theologicam
1491 1595 1676 1634 lauream
1695 1596 1918 1641 assecutus,
1940 1595 2006 1633 vir

409 1663 542 1700 aetate
563 1661 731 1712 quidem
750 1661 890 1700 virens
917 1661 1061 1709 adhuc,
1085 1661 1156 1699 sed
1184 1673 1229 1698 ea
1257 1659 1452 1709 doctrina,
1476 1673 1523 1699 ea
1548 1661 1657 1699 vitae
1684 1660 1937 1707 castimonia,
1960 1673 2007 1698 ea

410 1727 586 1776 denique
611 1726 842 1776 prudentia,
870 1728 916 1764 vt
942 1726 1177 1765 existimem
1207 1739 1302 1764 eum
1332 1739 1417 1764 non
1443 1726 1613 1776 vulgare
1638 1726 1762 1765 decus
1790 1739 1887 1764 suae
1913 1726 2007 1765 Ger-

410 1791 572 1829 maniae
609 1791 906 1840 appositurum.
978 1791 1054 1829 Est
1081 1792 1194 1829 enim
1223 1790 1478 1839 Basiliensis,
1508 1805 1633 1841 quam
1660 1791 1808 1830 vrbem
1837 1793 1879 1829 et
1907 1790 2010 1830 alias

411 1869 495 1894 non
514 1856 767 1894 incelebrem
782 1856 1046 1895 doctissimus
1064 1856 1136 1894 ille
1153 1856 1370 1894 Guielmus
1387 1856 1533 1905 Gopus,
1549 1856 1653 1894 alter
1667 1857 1799 1895 nostri
1809 1856 2009 1906 temporis

412 1920 696 1970 Hippocrates,
731 1921 787 1959 sic
817 1922 857 1959 et
885 1921 1072 1960 moribus
1102 1922 1144 1959 et
1174 1920 1307 1960 literis
1339 1921 1564 1960 illustrauit
1592 1924 1637 1960 vt
1666 1921 1773 1960 nulli
1801 1921 2010 1960 nobilissi—

412 1999 576 2024 marum
606 1986 746 2024 cedere
776 1986 933 2025 debeat.
990 1986 1121 2025 Erant
1150 1999 1218 2024 me
1252 1986 1508 2036 quotidianis
1541 1987 1686 2026 officiis
1713 1987 1933 2035 oneraturi,
1964 1986 2008 2024 ni

413 2050 495 2088 iam
524 2050 730 2089 accinctus
758 2051 809 2089 ad
838 2051 1021 2090 laborem
1055 2051 1297 2090 institutum
1325 2064 1531 2101 rogassem
1563 2053 1625 2090 vti
1654 2066 1721 2090 me
1751 2052 1857 2090 mihi
1885 2051 2010 2090 relin-

414 2118 597 2165 querent.
646 2115 834 2155 Contulit
855 2116 935 2155 huc
953 2129 1041 2155 sese
1056 2117 1188 2155 nostri
1207 2117 1373 2155 visendi
1389 2117 1523 2166 gracia
1542 2117 1722 2156 Ioannes
1742 2116 2007 2162 Gallinarius,

461 2231 531 2261 186.
572 2230 696 2260 Bruno
724 2239 865 2270 quoque
891 2242 933 2261 a:
970 2231 1023 2262 Ad
1051 2232 1137 2262 haec
1166 2231 1288 2262 Bruno
1315 2233 1348 2264 Β.

418 2283 486 2312 193.
511 2274 568 2304 αδε
594 2273 788 2305 Frobennii
805 2276 839 2308 β.

416 2326 519 2348 causa
537 2317 571 2350 β.

1544 2231 1615 2263 188.
1651 2232 1711 2261 αδε
1746 2231 1946 2262 Frobennio
1974 2233 2008 2265 β.

1012 2285 1081 2314 197.
1108 2277 1280 2306 vocarunt
1297 2276 1356 2305 αδε
1380 2275 1520 2306 voeauit
1536 2276 1570 2309 β.
1736 2284 1809 2313 207.
1834 2275 1948 2315 gracia
1967 2287 2007 2306 a:

463 2417 533 2456 196.
562 2416 760 2457 Decanum]
791 2416 947 2448 Maurice
975 2417 1130 2457 Finiger,
1148 2418 1186 2447 of
1249 2426 1342 2456 1495,
1360 2417 1431 2448 and
1448 2417 1577 2457 taught
1593 2418 1695 2448 there
1712 2418 1766 2448 for
1782 2428 1801 2447 a
1817 2418 1905 2448 time
1922 2428 1929 2455 ;
1947 2417 2010 2448 but

416 2460 671 2499 Pappenheim,
705 2460 740 2491 S.
781 2461 820 2490 of
853 2460 1107 2500 Weissenburg
1145 2461 1183 2490 in

418 2503 627 2540 Franconia,
652 2513 697 2534 an
727 2503 863 2534 Austin
891 2503 978 2534 friar
1008 2504 1088 2535 who
1112 2514 1184 2534 was

417 2546 594 2578 admitted
611 2548 647 2577 to
663 2546 726 2577 the
742 2547 966 2587 Theological
983 2548 1131 2588 Faculty
1148 2550 1183 2578 at

419 2591 524 2621 Basle
541 2591 580 2620 in
600 2599 694 2629 1500,
713 2590 784 2620 and
808 2600 879 2621 was
901 2591 1001 2621 Dean
1019 2591 1057 2621 of
1076 2592 1105 2621 it
1129 2591 1186 2621 for

420 2634 518 2673 eight
535 2633 671 2664 annual
686 2633 828 2673 periods
847 2633 877 2673 (1
891 2634 1052 2673 Oct.—3o
1068 2634 1182 2674 Sept.)

421 2679 580 2707 between
601 2686 758 2716 1502-20,
777 2677 965 2718 including
984 2687 1140 2717 1513-14.

464 2731 537 2759 207.
569 2719 807 2760 Gallinarius]
841 2720 938 2752 John
976 2721 1115 2752 Henlin
1151 2722 1189 2752 of

422 2763 647 2803 Heidelberg,
693 2774 712 2794 a
757 2764 928 2796 kinsman
971 2765 1009 2795 of
1049 2765 1185 2804 XVimp-

422 2806 534 2846 feling
548 2818 556 2844 ;
572 2807 729 2847 through
746 2807 867 2838 whom
883 2808 928 2838 he
944 2818 1018 2839 was
1033 2809 1185 2848 perhaps

424 2860 442 2879 a
466 2851 566 2889 pupil
592 2851 629 2881 of
655 2851 760 2882 Grato
785 2851 942 2882 Hofman
966 2854 1002 2882 at
1033 2852 1186 2882 Schlett-

424 2893 529 2930 stadt,
557 2893 654 2923 since
680 2895 724 2924 he
751 2895 939 2934 composed
967 2905 1013 2926 an
1039 2896 1186 2935 epitaph

424 2936 477 2966 for
501 2936 660 2967 Hofman
686 2938 724 2977 (†
743 2939 863 2978 1501);
895 2949 952 2970 see
976 2938 1096 2976 Knod,
1117 2942 1188 2969 Aus

377 3012 380 3014 v
425 2982 455 3010 d.
476 2981 556 3010 Bibl.
579 2982 611 3010 d.
635 2983 749 3011 Beatus
768 2984 950 3020 Rhenanus,
973 2982 1065 3021 1889,
1084 2992 1117 3022 p.
1139 2983 1188 3013 16.

426 3022 482 3053 He
498 3022 748 3054 matriculated
765 3027 801 3055 at
817 3025 1032 3065 Heidelberg
1052 3035 1065 3055 1
1083 3025 1189 3065 April

1246 2461 1294 2499 by
1317 2470 1400 2500 1503
1426 2461 1558 2502 (Knod,
1579 2471 1626 2499 op.
1654 2464 1701 2492 cit.
1726 2471 1759 2501 p.
1792 2460 1843 2500 15)
1870 2460 1915 2491 he
1940 2460 2011 2491 had

1247 2504 1375 2535 moved
1406 2506 1442 2535 to
1472 2505 1671 2544 Strasburg,
1702 2505 1822 2535 where
1853 2504 1899 2535 he
1930 2505 2012 2535 took

1246 2549 1327 2587 part
1352 2549 1390 2578 in
1407 2557 1517 2588 many
1540 2548 1648 2579 books
1672 2548 1809 2587 issuing
1832 2547 1927 2578 from
1949 2547 2012 2578 the

1246 2600 1394 2630 presses,
1414 2592 1487 2622 and
1506 2591 1581 2622 also
1601 2592 1742 2622 became
1758 2591 2014 2622 schoolmaster

1248 2636 1284 2665 at
1339 2635 1426 2665 New
1472 2635 1521 2667 St.
1570 2635 1704 2666 Peter’s
1749 2634 1904 2666 Church.
1966 2635 2012 2665 In

1247 2677 1515 2718 VVimpfeling’s
1536 2681 1579 2709 De
1602 2681 1783 2718 inteyrltate,
1810 2678 2012 2717 Strasburg,

1249 2721 1475 2761 Knoblouch,
1495 2731 1514 2761 5
1539 2722 1663 2753 March
1694 2731 1788 2761 1505,
1814 2722 1845 2752 is
1872 2730 1891 2751 a
1916 2721 2013 2751 dedi-

1249 2766 1368 2804 catory
1387 2764 1494 2796 letter
1515 2768 1551 2797 to
1573 2766 1651 2796 him
1678 2766 1770 2796 from
1794 2765 1899 2795 Thos.
1916 2763 2017 2794 Wolf

1249 2808 1311 2839 the
1333 2818 1491 2848 younger
1516 2809 1622 2840 dated
1647 2819 1686 2848 31
1711 2809 1794 2839 Jan.
1820 2816 1911 2846 1505.
1956 2807 2013 2838 He

1249 2852 1508 2892 subsequently
1531 2853 1674 2883 became
1701 2851 1951 2892 parish-priest
1979 2850 2017 2881 of

1250 2895 1494 2935 Scherweiler‚
1514 2906 1600 2927 near
1615 2894 1867 2933 Schlettstadt3
1885 2893 1958 2924 and
1975 2894 2013 2924 in

1254 2939 1337 2976 1516
1374 2948 1446 2969 was
1483 2940 1729 2979 parish-priest
1767 2938 1804 2969 of
1844 2937 2013 2968 Breisach

1252 2982 1368 3021 (BRE.
1383 2984 1453 3022 62).
1502 2983 1573 3014 But
1589 2983 1634 3012 he
1658 2983 1666 2998 ‘
1679 2981 1790 3012 found
1806 2980 1869 3011 the
1886 2981 1940 3011 air
1956 2982 2014 3011 too

1253 3025 1394 3065 strong'
1419 3026 1531 3065 there,
1558 3025 1629 3056 and
1652 3035 1725 3056 was
1747 3024 2016 3063 endeavouring
