2010 3417
683 168 754 208 ΤΟ
793 168 943 208 JOHN
982 169 1211 210 KIRHER
1666 173 1742 213 151

151 163 251 218 361]

149 276 231 315 Sed
250 276 300 315 de
318 277 476 317 ratione
496 291 768 318 numerorum
788 278 859 329 qui
884 280 1006 328 gestu
1032 279 1259 329 digitorum
1287 280 1389 320 olim
1415 281 1672 330 notabantur,
1695 296 1744 323 ex
1762 289 1780 321 5

148 341 288 381 Bedae
318 343 562 394 fragmentis
599 343 796 383 nonnihil
834 344 1151 392 annotabimus;
1194 346 1301 397 quod
1334 346 1403 385 hic
1439 349 1624 397 repetere
1655 360 1745 398 per-

147 406 322 458 longum
345 408 412 458 sit,
435 422 530 448 011111
548 408 667 448 1010111
692 409 747 447 sit
766 408 976 448 exiturum
995 410 1206 451 volumen.
1263 411 1507 462 Quanquam
1533 411 1640 451 mihi
1659 426 1745 452 non

147 472 374 512 admodum
405 473 604 524 probatur
635 473 876 512 huiusmodi
912 476 1056 524 arguta
1086 476 1300 516 curiositas
1329 476 1375 515 in
1404 477 1590 516 numeris
1619 477 1744 528 expli-

149 538 316 578 candis:
346 551 481 589 neque
508 538 608 578 satis
633 538 762 589 liquet
784 552 837 578 an
863 538 1007 578 eadem
1034 541 1139 580 ratio
1160 554 1286 591 quam
1312 541 1438 581 tradit
1458 541 1744 592 Hieronymus

148 603 274 642 fuerit
292 604 400 654 apud
421 603 648 643 Hebraeos.
1763 618 1803 640 10

203 668 447 708 Studiorum
475 681 521 706 ac
550 668 738 707 laborum
765 671 896 709 moles
923 671 966 709 in
993 671 1144 720 quibus
1167 683 1319 719 versor,
1348 684 1432 710 non
1461 672 1606 711 sinunt
1625 674 1672 712 vt
1700 673 1744 710 in

146 734 377 783 praesentia
387 733 578 783 pluribus
592 734 874 784 respondeam.
920 737 970 774 D.
986 736 1193 774 Thomam
1204 735 1420 785 Truchses,
1435 737 1575 776 virum
1588 739 1628 776 et
1642 737 1745 776 citra

147 798 470 837 ostentationem
483 798 692 837 eruditum
711 800 753 837 et
773 800 871 839 citra
886 800 1029 839 fucum
1049 800 1416 848 humanissimum,
1436 814 1481 840 ac
1496 801 1742 851 Maternum,

147 861 260 901 niuei
275 863 454 913 pectoris
473 863 664 912 amicum,
688 864 906 915 diligenter
924 864 1126 905 salutabis
1144 877 1238 903 meo
1267 865 1451 905 nomine.
1509 867 1623 906 Bene
1641 867 1743 916 vale,

147 927 326 968 Ioannes
344 927 477 967 amice
496 941 583 968 non
602 928 796 980 vulgaris.
851 930 1038 970 Basileae
1059 931 1183 971 Anno
1202 942 1244 968 M.
1252 942 1290 968 D.
1298 927 1423 982 xv[1].
1765 942 1801 975 15

448 1103 641 1159 3593652375
698 1104 762 1145 To
792 1104 1067 1146 WILLIBALD
1098 1101 1444 1146 PIRCKHEIMER.

1434 1214 1554 1251 Basle.

1299 1273 1341 1309 16
1361 1271 1521 1309 October
1538 1272 1695 1320 (1515).

195 1215 340 1251 British
358 1216 529 1252 Museum
547 1216 624 1252 MS.
641 1216 811 1253 Arundel
833 1226 910 1263 175,
929 1216 953 1252 f.
978 1219 1029 1253 18.

194 1275 234 1310 P.
252 1286 288 1320 p.
308 1284 372 1318 271
390 1287 398 1310 :
419 1272 513 1320 02p.
529 1275 616 1310 160:
636 1274 752 1310 Lond.
768 1286 852 1311 xxx.
870 1285 938 1319 24:
961 1275 1031 1311 LB.
1045 1273 1141 1320 App.
1157 1282 1234 1320 194.

189 1355 276 1398 [For
302 1355 365 1386 the
393 1355 616 1395 manuscript
645 1365 701 1386 see
725 1356 788 1396 Ep.
815 1366 880 1396 322
908 1355 1041 1387 introd.
1088 1355 1162 1385 The
1192 1354 1272 1385 date
1296 1354 1327 1384 is
1350 1354 1457 1394 given
1480 1353 1527 1394 by
1549 1353 1612 1384 the
1636 1354 1744 1386 books

144 1398 302 1431 referred
314 1401 351 1430 to
365 1409 373 1429 :
399 1399 461 1430 the
471 1401 678 1430 Enchirz'clion
692 1399 771 1440 (Ep.
789 1408 865 1438 342.
884 1400 927 1430 28
938 1399 994 1439 n.)
1010 1397 1081 1430 and
1091 1401 1264 1429 Enarratio
1280 1401 1315 1428 in
1326 1401 1469 1434 primum
1482 1400 1646 1429 Psalmum
1660 1398 1742 1439 (Ep.

144 1442 223 1485 327)
242 1443 280 1474 of
298 1443 393 1483 Sept.
418 1452 512 1483 1515,
531 1443 604 1474 and
619 1443 759 1474 Jerome
775 1443 848 1474 and
864 1444 926 1474 the
943 1443 1028 1474 New
1044 1443 1261 1482 Testament,
1281 1441 1403 1473 which
1420 1451 1477 1472 are
1494 1442 1533 1471 111
1550 1441 1739 1482 progress.]

222 1568 497 1602 CLARISSIMO
530 1569 571 1599 D.
605 1567 854 1599 BILIBALDO
885 1567 1262 1607 PIRCKHEYMERO,
1294 1565 1585 1597 LITTERARVM
1617 1565 1672 1596 ET

516 1637 786 1669 GERMANIAE
817 1637 997 1678 DECORI,
1029 1636 1236 1667 ERASMVS
1267 1636 1301 1667 S.
1328 1637 1372 1667 D.

198 1730 395 1777 EvaEM
423 1729 600 1768 arbitror
627 1729 742 1769 fatali
767 1729 943 1779 quadam
971 1729 1244 1779 propensione
1271 1726 1432 1777 ingenii
1458 1725 1548 1764 fieri
1569 1727 1616 1764 vt
1638 1724 1742 1764 Bili-

144 1795 314 1835 baldum
333 1808 474 1833 meum
492 1797 580 1834 tam
594 1794 714 1833 vnice
730 1795 927 1833 deamem.
973 1792 1108 1832 Testis
1127 1794 1190 1831 est
1207 1792 1315 1830 mihi
1328 1793 1483 1830 Beatus
1499 1791 1740 1839 Rhenanus,

145 1874 241 1900 cum
260 1860 431 1899 vixdum
460 1861 693 1909 gustassem
722 1858 914 1897 libellum
943 1858 1017 1897 abs
1044 1860 1085 1896 te
1107 1870 1283 1904 versum,
1310 1857 1501 1906 protinus
1529 1855 1742 1895 flammam

145 1926 244 1965 noui
281 1924 498 1963 cuiusdam
530 1924 684 1962 amoris
717 1936 811 1973 erga
843 1925 884 1961 te
918 1923 1162 1973 concepisse.
1223 1921 1345 1960 Nunc
1378 1923 1419 1959 et
1453 1935 1474 1959 e
1507 1920 1660 1959 litteris
1691 1920 1741 1958 ad

145 2003 210 2029 me
240 1989 324 2028 tuis
359 1991 400 2028 et
428 2003 449 2027 e
479 1988 730 2028 doctissimis
760 1988 918 2038 ingenii
950 1987 1013 2027 tui
1046 1987 1331 2026 monumentis
1364 1985 1511 2024 cotidie
1546 1985 1740 2024 nonnihil
1758 2000 1775 2031 5

144 2055 395 2105 adiungitur.
470 2054 646 2093 Prorsus
693 2054 902 2092 rarissima
950 2067 992 2092 es
1040 2053 1131 2091 auis
1177 2052 1303 2090 huius
1351 2051 1489 2099 seculi,
1540 2051 1610 2100 qui
1654 2052 1741 2088 tam

144 2120 342 2160 eximiam
371 2119 644 2158 eruditionem
678 2132 774 2157 cum
804 2120 922 2157 tanto
953 2119 1140 2157 fortunae
1179 2116 1406 2167 splendore,
1438 2128 1606 2154 rursum
1645 2128 1740 2153 cum

143 2187 221 2226 hoc
247 2186 414 2225 tantum
445 2185 651 2223 comitatis
679 2186 720 2223 et
749 2183 1027 2223 humanitatis
1056 2181 1272 2233 copularis⁷
1303 2183 1350 2220 vt
1380 2180 1452 2231 qui
1479 2193 1547 2219 me
1575 2179 1740 2230 meique

142 2251 302 2291 similes
337 2249 615 2289 homunculos
643 2262 729 2288 non
768 2249 951 2300 graueris
978 2248 1023 2287 in
1050 2250 1220 2287 tuorum
1257 2245 1486 2284 amicorum
1517 2257 1740 2283 numerum

143 2315 385 2356 adscribere.
443 2314 654 2354 Libellum
674 2314 881 2365 quendam
907 2313 980 2352 abs
1005 2315 1046 2352 te
1066 2324 1232 2352 versum
1252 2311 1406 2362 Brugis
1423 2309 1614 2349 exhibuit
1633 2309 1739 2348 mihi
1760 2326 1798 2348 10

143 2381 322 2419 Thomas
342 2381 482 2419 Morus
500 2393 549 2419 ex
568 2379 723 2430 Anglia
741 2392 905 2418 reuerso
921 2393 930 2427 3
958 2391 1057 2417 nam
1074 2377 1111 2416 is
1129 2379 1222 2416 tum
1241 2377 1348 2427 apud
1369 2377 1534 2415 nostros
1550 2373 1676 2424 Regis
1695 2386 1739 2412 ac

188 2476 264 2509 361.
284 2486 333 2508 12.
357 2477 399 2507 D.
426 2487 484 2508 om.
503 2479 546 2509 H.
1525 2480 1574 2502 11.
1600 2472 1739 2501 nostros

145 2522 213 2550 MS.
230 2531 237 2550 ε
260 2529 324 2550 nos
338 2523 374 2551 P.

637 2477 712 2508 362.
738 2485 769 2516 5.
795 2486 814 2507 0
830 2475 1047 2507 doctissimis
1062 2477 1152 2505 Ms.:
1182 2473 1380 2505 doctissimi
1396 2475 1432 2504 P.

190 2619 263 2649 361.
297 2619 328 2649 6.
361 2618 629 2659 annotabimus]
668 2619 732 2649 See
764 2618 785 2648 J
789 2627 906 2648 erome

146 2661 262 2702 (1516)
275 2660 344 2692 vol.
362 2662 413 2700 iii,
432 2661 466 2692 ff.
487 2671 528 2700 25
545 2662 616 2692 and
633 2671 671 2700 31
688 2671 696 2699 ;
719 2661 781 2691 the
797 2661 907 2691 latter

145 2705 354 2743 containing
385 2704 586 2735 additional
616 2706 717 2735 notes
754 2705 848 2734 from
887 2712 906 2733 a

145 2749 216 2781 MS.
233 2748 272 2778 of
285 2747 379 2778 Bede
396 2748 473 2778 lent
488 2748 535 2787 by
551 2747 589 2778 L.
605 2747 676 2777 Ber
693 2747 742 2787 (p.
761 2746 854 2787 381).

187 2791 264 2822 362.
308 2801 340 2830 3.
398 2790 579 2831 libellum]
630 2788 907 2820 Pirckheimer's

144 2835 362 2867 translation
394 2833 433 2864 of
466 2833 666 2864 Plutarch's
699 2835 743 2862 De
773 2834 821 2862 his
851 2835 907 2869 qui

146 2881 231 2910 tarde
251 2889 272 2909 a
286 2879 418 2908 ‘numine
432 2879 655 2914 corripiuntur,
672 2875 904 2914 Nuremberg,

145 2923 184 2954 F.
201 2923 309 2962 Peyp‚
336 2931 379 2960 30
394 2921 487 2951 June
506 2928 601 2958 1513,
617 2918 738 2950 which
762 2918 808 2949 he
833 2918 907 2948 had

144 2965 253 2997 asked
269 2965 438 2996 Erasmus
455 2966 491 2995 to
507 2963 633 2994 revise.
678 2962 729 2993 Cf.
747 2961 811 3001 Ep.
831 2970 904 3000 375.

191 3018 241 3041 10.
288 3006 485 3048 Libellum]
539 3005 785 3038 Pirckheimer
833 3004 906 3035 had

977 2615 1178 2647 translated
1204 2613 1405 2645 Plutarch's
1426 2615 1469 2642 De
1483 2613 1612 2641 vitanda
1628 2619 1734 2648 γεω-α,

975 2659 1206 2697 Nuremberg,
1223 2659 1264 2687 26
1279 2657 1360 2687 Jan.
1379 2664 1471 2694 1515,
1485 2654 1556 2684 and
1574 2653 1738 2684 Lucian’s

974 2705 1019 2732 De
1053 2704 1170 2732 ratione
1203 2702 1430 2731 conscribendae
1464 2699 1618 2734 historiae,
1649 2697 1738 2728 ibid.

977 2745 1100 2776 March
1120 2752 1212 2783 1515.
1259 2743 1386 2773 Either
1401 2750 1485 2780 may
1506 2741 1547 2770 be
1563 2739 1737 2771 intended

975 2788 1074 2818 here.

1022 2840 1072 2862 11.
1101 2828 1237 2869 Morus]
1269 2828 1400 2859 More's
1426 2826 1655 2858 commission
1682 2826 1736 2857 for

975 2873 1049 2904 this
1065 2874 1228 2911 embassy
1244 2872 1275 2902 is
1297 2870 1404 2902 dated
1428 2880 1445 2909 7
1463 2871 1545 2910 May
1565 2879 1666 2910 1515;
1690 2870 1735 2901 he

975 2917 1118 2947 arrived
1134 2917 1174 2946 in
1200 2916 1336 2955 Bruges
1353 2915 1460 2945 about
1487 2914 1525 2944 18
1541 2913 1634 2952 May.
1682 2913 1733 2945 Cf.

974 2960 1127 2999 Brewer,
1147 2960 1186 2991 ii.
1202 2969 1276 2999 422,
1295 2968 1403 2998 473,4.
1451 2957 1618 2988 Erasmus
1638 2958 1736 2987 must

975 3004 1065 3035 have
1076 3003 1241 3035 followed
1253 3012 1273 3033 a
1285 3002 1353 3033 few
1364 3001 1451 3041 days
1461 3001 1571 3039 later;
1585 3000 1629 3032 cf.
1637 3009 1731 3040 p.90.
