2010 3417
128 158 226 213 459]
538 162 690 201 FROM
727 161 1058 202 WOLFGANG
1098 152 1323 201 KOPFEL
1645 164 1724 202 337

127 282 195 309 me
214 273 302 310 tam
317 271 532 310 assiduum
547 274 696 320 tecum,
720 272 820 310 dum
841 273 1008 310 tantum
1029 285 1131 322 opus
1160 271 1426 322 parturiebas,
1448 272 1726 312 intercessisse

127 335 181 374 ob
199 336 243 375 id
262 339 414 387 putant
432 336 542 375 inter
560 350 638 377 nos
655 337 899 376 inimicitias
914 352 924 386 ;
956 338 1127 387 perinde
1147 350 1192 376 ac
1212 350 1376 376 summa
1395 337 1523 376 fuerit
1541 337 1726 377 instituti
1750 350 1807 382 125

126 401 190 439 tui
220 401 432 452 theologos
461 404 582 453 atque
610 416 677 441 me
705 402 823 441 falsis
852 416 996 441 ornare
1025 402 1227 451 laudibus,
1259 405 1301 442 et
1331 403 1448 453 quasi
1478 416 1552 454 ego
1586 403 1727 453 potius

128 466 323 516 captandi
353 467 536 506 nominis
567 468 699 518 gratia
731 481 858 518 quam
888 467 1053 506 fruendi
1082 468 1335 517 affabilitate,
1371 468 1613 517 virtutibus,
1646 468 1727 508 elo·

129 533 299 580 quentia
331 534 404 571 tua
436 533 677 572 accesserim
715 532 1082 572 foecundissimam
1113 533 1329 571 officinam.
1390 533 1551 572 Nolunt
1583 534 1727 573 induci

127 596 214 635 vllo
239 600 357 648 pacto
386 599 433 637 vt
460 598 627 637 credant
654 597 834 637 voluisse
863 599 903 636 te
930 597 1169 637 immerenti
1198 598 1304 636 mihi
1329 597 1438 637 felici
1467 598 1728 649 benignitate

127 661 288 712 ingenii
317 663 382 700 tui
410 663 623 713 quidpiam
649 663 851 713 affingere,
883 676 1030 712 meque
1053 675 1304 713 repugnasse
1331 663 1549 702 timentem
1578 676 1729 703 sannas
1750 680 1809 711 130

128 727 388 766 consciorum
417 728 676 777 ignorantiae
707 740 850 774 meae3
892 727 1042 777 quibus
1080 741 1166 766 non
1204 730 1291 766 tam
1328 728 1565 778 permisisse
1603 742 1727 779 quam

129 791 309 831 ambisse
337 793 470 830 nolim
499 794 625 832 etiam
656 806 766 832 nunc
794 792 937 831 videri.

185 857 383 907 Quocirca
401 861 494 908 peto
515 873 666 909 oroque
685 859 965 906 vehementer,
989 859 1162 897 Erasme
1180 860 1300 897 autor
1324 858 1527 909 ingenioli
1547 859 1643 909 mei,
1666 860 1732 899 cui

130 923 256 962 debeo
271 922 360 962 iure
375 924 572 974 quicquid
585 937 769 974 vnquam
783 924 951 962 futurus
964 937 1197 969 sum—oro,
1213 923 1397 973 inquam,
1420 922 1561 963 alteris
1578 924 1731 963 litteris

129 985 458 1037 Vuolphangum
488 987 552 1026 tui
583 987 940 1026 studiosissimum
972 986 1189 1025 condones.
1222 985 1466 1025 Praescribe
1498 987 1725 1034 materiam,
1752 1006 1809 1039 135

130 1064 184 1090 ne
221 1051 344 1090 liceat
372 1052 608 1102 argumenti
639 1052 797 1091 causari
826 1052 1053 1102 penuriam.
1125 1051 1284 1101 Nempe
1318 1051 1575 1101 quadruplici
1605 1066 1730 1092 sensu

131 1116 386 1167 Scripturam
418 1117 679 1167 explicantes.
717 1131 800 1155 non
843 1130 934 1155 raro
972 1130 1025 1155 ne
1058 1129 1140 1155 vno
1173 1116 1341 1166 quidem
1371 1117 1642 1168 assequimur,
1685 1131 1729 1157 ac

130 1181 270 1221 animo
286 1183 588 1233 Prophetarum
607 1196 700 1233 sepe
719 1183 992 1232 imperspecto
1011 1181 1149 1221 verbis
1175 1182 1389 1221 abutimur
1415 1185 1486 1222 aut
1514 1183 1566 1221 ad
1594 1197 1730 1222 mores

130 1246 349 1297 fingendos
368 1251 439 1286 aut
453 1249 503 1287 ad
523 1247 748 1286 Ecclesiam
767 1247 1055 1297 exponendam
1075 1248 1147 1286 aut
1164 1247 1215 1286 ad
1234 1248 1367 1286 cetera
1386 1247 1429 1286 id
1449 1261 1588 1298 genus,
1604 1262 1731 1299 eaque

132 1312 424 1351 contendimus
456 1327 477 1351 e
518 1313 755 1352 meditullio
794 1313 1103 1363 Scripturarum
1140 1325 1328 1351 manasse
1344 1327 1354 1361 ;
1397 1313 1512 1363 quasi
1549 1314 1730 1364 Spiritus
1752 1331 1812 1361 140

132 1377 309 1417 Sanctus
337 1378 383 1416 in
409 1378 486 1417 hoc
510 1378 775 1429 potissimum
802 1378 1034 1428 Prophetas
1063 1377 1327 1426 inspirauerit
1353 1391 1486 1428 neque
1508 1380 1729 1429 respexerit

132 1456 318 1493 vnquam
353 1444 573 1494 quicquam
604 1444 728 1483 aliud.
797 1443 958 1482 Deinde
996 1457 1093 1482 vero
1125 1442 1386 1493 reclamante,
1425 1444 1514 1482 siue
1551 1444 1731 1484 conuicti

131 1509 292 1558 erroris,
333 1510 383 1548 ad
417 1522 552 1548 arcem
583 1511 779 1557 nostram,
816 1522 1018 1548 sensuum
1046 1508 1304 1557 varietatem,
1337 1509 1609 1560 profugimus,
1644 1523 1730 1549 non

132 1573 306 1622 litterae,
351 1575 421 1613 sed
469 1588 684 1625 anagogae,
732 1574 996 1625 tropologiae,
1037 1573 1254 1625 allegoriae
1285 1574 1536 1614 sententiam
1568 1575 1730 1615 adseue-

133 1641 283 1688 rantes,
305 1641 538 1679 cuiusmodi
571 1654 646 1679 nos
678 1640 810 1691 plagis
841 1641 1044 1678 venantes
1074 1640 1293 1679 veritatem
1322 1639 1567 1680 amittimus.
1639 1642 1731 1681 8010
1753 1658 1811 1689 ¹45

133 1705 326 1756 equidem
344 1706 578 1756 Scripturae
602 1719 774 1754 morem,
793 1705 877 1744 scio
897 1718 1021 1755 quam
1047 1704 1239 1743 inuoluat
1267 1705 1517 1744 suauitatem
1545 1706 1731 1745 veritatis

133 1771 388 1820 metaphoris
407 1773 449 1809 et
468 1771 690 1821 allegoriis,
712 1771 796 1809 scio
816 1783 941 1821 quam
970 1783 1055 1809 non
1078 1770 1210 1820 fugiat
1230 1770 1449 1820 enigmata,
1473 1771 1559 1809 imo
1578 1771 1730 1811 inuitet

133 1835 311 1885 aliunde,
333 1836 530 1886 importet
562 1838 603 1874 et
637 1836 682 1874 in
708 1835 850 1874 sinum
880 1848 1005 1873 suum
1035 1835 1150 1874 velut
1178 1837 1380 1885 congerat,
1411 1838 1611 1886 tanquam
1636 1837 1732 1876 data

135 1914 258 1951 opera
273 1901 423 1939 condat
444 1901 569 1940 altius
589 1901 822 1940 abstrusam
838 1900 1066 1939 veritatem.
1126 1900 1186 1938 At
1204 1900 1315 1938 hunc
1334 1900 1623 1951 labirynthum
1638 1902 1730 1941 aliis

134 1966 216 2004 filis
248 1966 552 2005 remetiendum
585 1979 742 2004 censeo.
800 1966 865 2004 Sit
895 1966 1080 2015 primum
1113 1978 1205 2003 acre
1233 1965 1444 2014 iudicium,
1479 1966 1731 2006 instructum
1753 1985 1812 2017 150

134 2031 263 2080 copiis
281 2031 432 2081 paratis
457 2031 633 2070 lectione
659 2031 864 2070 bonorum
882 2030 1118 2069 authorum.
1190 2030 1254 2069 Sit
1280 2032 1423 2081 postea
1443 2044 1582 2070 rerum
1608 2045 1732 2070 sacra-

135 2109 230 2134 rum
252 2096 367 2136 diues
386 2097 536 2146 peritia
555 2099 597 2135 et
624 2096 800 2135 felicitas
822 2095 1036 2143 tractandi,
1059 2108 1185 2145 eaque
1204 2095 1376 2134 libertas
1401 2110 1504 2146 quae
1532 2097 1653 2136 fateri
1676 2097 1732 2136 in-

135 2175 266 2212 genue
286 2162 397 2200 haud
417 2164 617 2210 vereatur,
649 2162 684 2200 si
704 2162 803 2212 quid
824 2161 1014 2212 effugerit
1034 2159 1327 2212 inquirentem.
1396 2162 1463 2200 Ad
1483 2175 1619 2201 mores
1639 2176 1733 2212 quo-

134 2241 226 2277 que,
243 2227 295 2266 ad
315 2227 518 2277 carpenda
531 2227 648 2275 vicia,
666 2227 717 2265 ad
730 2228 980 2266 mouendam
998 2228 1196 2278 pietatem
1208 2225 1318 2264 vltro
1334 2238 1486 2277 sequax
1498 2228 1559 2266 est
1571 2230 1730 2267 natura.

134 2292 249 2341 Esto,
283 2295 326 2331 at
359 2293 437 2331 hae
469 2295 607 2343 partes
638 2306 724 2331 non
755 2294 854 2331 sunt
883 2292 1118 2332 enarrantis
1149 2291 1323 2341 proprie,
1359 2292 1431 2331 sed
1463 2294 1728 2342 persuasoris.
1754 2308 1812 2339 155

135 2358 280 2395 Vnum
299 2357 430 2407 igitur
448 2372 618 2396 sensum
637 2358 769 2397 forma
785 2359 942 2407 optima
963 2357 1249 2409 perscrutandi
1263 2357 1602 2408 peruestigemus.

191 2421 271 2460 Sed
291 2422 342 2460 de
360 2423 437 2461 hac
455 2436 500 2461 re
525 2426 642 2462 tuam
664 2423 861 2473 desydero
881 2424 1144 2462 sententiam.
1190 2422 1269 2460 Fac
1289 2421 1486 2461 rescribas
1507 2437 1517 2470 ;
1545 2437 1629 2462 vna
1649 2425 1732 2474 qui-

137 2486 232 2524 dem
257 2499 380 2535 opera
407 2487 618 2537 geminam
643 2487 820 2538 gratiam
849 2488 987 2537 inibis,
1010 2490 1052 2527 et
1078 2487 1206 2526 simul
1234 2489 1276 2525 te
1295 2488 1557 2537 praeceptore
1578 2488 1732 2528 discam

137 2551 237 2602 quid
266 2564 400 2601 quoue
417 2553 540 2591 modo
566 2553 612 2591 in
637 2554 860 2603 Scripturis
885 2554 1054 2592 tractari
1078 2552 1233 2600 debeat,
1257 2553 1298 2590 et
1327 2551 1455 2590 simul
1473 2551 1629 2592 habebo
1651 2567 1732 2604 quo

185 2659 257 2691 126.
283 2659 383 2698 quasi
395 2662 524 2697 scripsi:
550 2658 599 2699 qd
613 2663 682 2691 MS.
776 2670 848 2700 129.
873 2661 994 2691 credat
1010 2664 1081 2692 MS.
1102 2673 1109 2691 :
1131 2671 1207 2692 corr.
1223 2662 1286 2690 ΕΒ.
1379 2668 1449 2699 135.
1475 2659 1625 2691 codones
1637 2663 1705 2693 MS.
1725 2674 1732 2692 ε

137 2703 346 2734 condecores
371 2705 464 2733 voluit
488 2705 553 2735 LB.
647 2704 836 2734 materiam
862 2707 940 2735 coni.
968 2706 1040 2735 LB:
1081 2705 1191 2744 mani,
1220 2706 1289 2734 MS.
1471 2712 1543 2742 142.
1569 2705 1727 2736 conuicti

137 2748 256 2786 scripsi,
284 2748 322 2783 cf.
346 2749 406 2783 Ep.
435 2756 488 2785 39.
507 2756 549 2785 40
564 2757 616 2778 n.:
648 2747 777 2778 coificti
800 2749 869 2778 MS.
1105 2757 1176 2786 147.
1202 2747 1336 2777 inuitet
1364 2749 1493 2783 scripsi:
1518 2747 1635 2778 inuite
1658 2751 1727 2780 MS.

142 2799 213 2829 152.
239 2799 328 2828 quae
345 2791 418 2820 LB:
445 2799 515 2829 qua
531 2792 600 2821 MS.
739 2799 811 2829 159.
838 2791 982 2821 tractati
998 2793 1088 2821 MS.:
1115 2800 1190 2821 corr.
1211 2792 1275 2821 ΖΒ.

138 2888 238 2920 often
273 2889 310 2919 at
344 2890 442 2928 great
477 2888 615 2928 length,
647 2887 685 2919 of
717 2897 828 2927 many
860 2888 898 2919 of
965 2888 1084 2928 surely
1101 2898 1181 2928 pass
1198 2888 1255 2919 for
1271 2888 1503 2929 theologians.
1549 2889 1623 2921 The
1645 2889 1729 2921 hint

138 2930 319 2963 Erasmus’
358 2931 666 2971 scholar-friends,
708 2930 898 2970 including
964 2932 1071 2972 given
1101 2932 1186 2962 here
1216 2932 1370 2972 perhaps
1399 2932 1457 2964 led
1491 2933 1660 2964 Erasmus
1690 2935 1727 2964 to

137 2975 250 3006 Faber
277 2975 500 3015 Stapulensis
529 2975 629 3016 (ibid.
657 2985 689 3015 p.
716 2976 795 3014 417)
824 2974 896 3005 and
966 2976 1080 3006 insert
1113 2975 1150 3006 11.
1185 2977 1348 3016 169-174,
1378 2977 1418 3007 in
1458 2977 1627 3017 printing
1664 2978 1728 3017 Ep.

137 3019 316 3050 Reuehlin
348 3019 451 3059 (ibid.
483 3029 515 3058 p.
544 3018 635 3061 492),
668 3018 749 3050 who
780 3019 896 3058 might
967 3020 1042 3058 456.

206 3085 314 3105 annm(
332 3085 361 3104 11
917 3088 938 3113 Ζ
