2010 3417
114 132 211 186 337]
646 139 716 178 To
753 138 980 178 MARTIN
1018 139 1170 179 DORP
1627 139 1704 178 103

114 245 224 295 quod
249 245 405 297 alioqui
431 260 595 287 causam
621 248 815 297 adiuuet;
846 250 1001 298 contra,
1030 262 1134 300 quae
1162 252 1261 288 sunt
1286 248 1630 296 aduersariorum,
1660 261 1707 286 ea
1724 251 1787 292 460

113 310 313 350 destituta
349 312 417 351 his
453 313 648 352 omnibus
685 313 918 363 recitemus,
953 313 1078 365 idque
1111 313 1251 353 verbis
1287 327 1412 364 quam
1446 313 1536 352 fieri
1571 314 1706 364 potest

112 375 396 417 odiosissimis.
454 378 576 416 Hanc
602 380 733 417 artem
762 379 834 417 isti
860 392 944 417 non
970 392 1020 418 ex
1047 378 1297 428 Quintiliani
1322 378 1549 429 praeceptis
1567 377 1638 416 sed
1658 390 1707 416 ex

114 453 188 479 sua
207 442 500 482 maleuolentia
520 443 751 482 didicerunt
768 458 777 492 ;
805 457 885 494 qua
904 457 1174 494 sepenumero
1200 444 1248 483 fit
1268 446 1314 483 vt
1335 457 1438 494 quae
1458 456 1706 494 magnopere

112 505 316 556 placitura
349 508 517 553 fuerint,
555 509 591 546 si
627 509 684 547 sic
715 509 943 547 referantur
974 512 1021 548 vt
1058 509 1212 559 scripta
1244 511 1352 558 sunt,
1386 509 1507 548 aliter
1538 508 1707 547 recitata

111 571 380 611 vehementer
399 573 621 612 offendant.
663 574 825 623 Relege,
849 587 998 624 quaeso
1013 575 1064 621 te,
1083 573 1231 623 locum,
1250 587 1296 612 ac
1313 575 1535 624 diligenter
1548 574 1705 623 inspice
1724 574 1787 617 465

113 637 264 687 quibus
291 637 489 686 gradibus
516 651 679 688 quoque
710 639 913 677 sermonis
940 651 1160 688 progressu
1189 638 1271 678 huc
1299 641 1549 689 peruentum
1577 638 1632 677 sit
1657 640 1704 677 vt

112 701 353 741 felicitatem
379 702 497 741 illam
524 703 757 742 dementiae
782 703 965 752 speciem
994 716 1081 742 esse
1108 703 1312 751 dicerem;
1342 704 1392 742 ad
1413 703 1513 742 haec
1532 703 1705 742 obserua

113 766 264 816 quibus
282 767 421 806 verbis
445 767 488 806 id
514 768 727 817 explicem.
787 768 962 807 Videbis
986 768 1073 807 illic
1101 781 1189 807 esse
1218 769 1326 819 quod
1353 782 1446 807 vere
1470 769 1560 819 pias
1587 781 1707 808 aures

112 831 238 871 etiam
258 832 445 881 delectet,
468 834 636 872 tantum
656 833 774 872 abest
792 834 839 872 vt
865 833 1088 883 quicquam
1108 833 1163 871 sit
1182 833 1291 883 quod
1312 833 1503 873 offendat.
1561 833 1616 872 In
1634 835 1706 872 tua

111 897 350 936 recitatione
370 898 668 937 offendiculum
689 900 762 948 est,
783 911 869 937 non
889 899 934 937 in
953 911 1046 937 meo
1066 897 1219 937 libello.
1726 911 1791 944 470

165 963 335 1002 Etenim
350 976 446 1002 cum
468 963 545 1002 hoc
560 965 699 1014 ageret
714 964 859 1013 Moria,
874 965 922 1002 vt
935 964 1179 1002 vniuersum
1196 977 1334 1002 rerum
1353 975 1488 1013 genus
1503 961 1708 1002 stulticiae

111 1029 280 1068 nomine
295 1029 644 1080 complecteretur,
661 1030 904 1080 doceretque
916 1029 1044 1068 totius
1057 1029 1264 1068 humanae
1276 1029 1486 1068 felicitatis
1498 1041 1707 1068 summam

110 1108 134 1133 a
153 1093 336 1133 stulticia
362 1095 553 1144 pendere,
571 1108 644 1145 per
671 1108 794 1133 omne
819 1094 1062 1133 mortalium
1088 1106 1218 1144 genus
1242 1095 1465 1145 peruagata
1490 1096 1554 1132 est
1576 1106 1706 1143 vsque

112 1159 164 1198 ad
201 1173 316 1210 reges
348 1173 393 1198 ac
426 1173 615 1199 summos
652 1160 898 1210 pontifices;
937 1160 1087 1199 deinde
1125 1162 1373 1209 peruentum
1410 1162 1472 1199 est
1509 1160 1558 1199 ad
1596 1160 1706 1210 ipsos

112 1225 336 1276 Apostolos
354 1228 476 1276 atque
494 1226 593 1264 adeo
613 1226 839 1275 Christum,
858 1226 1008 1276 quibus
1027 1226 1256 1265 stulticiam
1276 1226 1482 1276 quandam
1502 1225 1705 1264 tributam
1724 1232 1785 1267 475

110 1291 339 1341 reperimus
364 1291 410 1330 in
435 1292 559 1330 sacris
584 1291 746 1330 litteris.
806 1291 947 1342 Neque
972 1304 1072 1330 vero
1096 1291 1327 1342 periculum
1354 1293 1416 1330 est
1442 1305 1495 1330 ne
1521 1290 1614 1341 quis
1637 1290 1704 1330 hic

110 1356 362 1408 imaginetur
387 1357 611 1407 Apostolos
637 1359 708 1395 aut
727 1357 943 1396 Christum
967 1370 1062 1395 vere
1089 1357 1243 1396 stultos
1267 1357 1406 1404 fuisse,
1427 1356 1500 1395 sed
1526 1356 1634 1406 quod
1660 1356 1704 1394 in

110 1422 178 1461 his
197 1435 361 1473 quoque
387 1422 512 1461 fuerit
538 1422 756 1461 infirmum
783 1423 981 1474 quiddam
1007 1425 1048 1461 et
1073 1423 1228 1462 nostris
1249 1423 1457 1461 tributum
1476 1422 1702 1468 affectibus,

111 1488 219 1539 quod
245 1487 297 1526 ad
321 1489 532 1526 aeternam
557 1488 674 1527 illam
704 1502 750 1527 ac
775 1501 923 1539 puram
948 1488 1196 1538 sapientiam
1221 1501 1369 1539 parum
1392 1487 1556 1538 sapiens
1574 1487 1706 1526 videri

109 1553 251 1603 possit.
310 1554 468 1592 Verum
487 1553 588 1592 haec
607 1553 697 1603 ipsa
715 1553 898 1592 stulticia
916 1553 1048 1592 vincit
1071 1567 1240 1593 omnem
1266 1553 1415 1592 mundi
1433 1553 1679 1603 sapientiam
1696 1567 1705 1600 3
1724 1548 1788 1589 48Ο

110 1618 463 1670 quemadmodum
501 1621 541 1657 et
579 1618 788 1669 Propheta
826 1632 994 1657 omnem
1031 1620 1274 1658 mortalium
1311 1618 1519 1658 iusticiam
1556 1617 1706 1668 pannis

113 1684 271 1723 confert
289 1684 492 1723 foeminae
511 1686 726 1723 menstruo
745 1685 860 1723 fluxu
881 1684 1196 1723 contaminatae.
1252 1683 1344 1722 Non
1373 1684 1481 1733 quod
1502 1683 1705 1721 bonorum

114 1749 279 1788 iusticia
297 1748 455 1798 polluta
476 1748 540 1797 sit,
562 1748 633 1787 sed
664 1749 772 1799 quod
798 1762 845 1788 ea
867 1762 971 1799 quae
998 1749 1107 1799 apud
1133 1749 1324 1787 homines
1348 1747 1572 1798 purissima
1590 1749 1700 1795 sunt,

112 1814 416 1865 quodammodo
445 1814 610 1864 impura
643 1814 740 1861 sint,
773 1814 811 1853 si
842 1814 892 1852 ad
928 1813 1047 1853 illam
1079 1813 1337 1852 ineffabilem
1371 1812 1447 1851 Dei
1479 1812 1704 1862 puritatem

112 1879 386 1919 conferantur.
447 1879 502 1917 Et
535 1881 583 1918 vt
615 1879 845 1929 sapientem
876 1878 1070 1928 proposui
1100 1878 1341 1927 stulticiam,
1375 1878 1433 1916 ita
1464 1890 1608 1916 sanam
1641 1877 1702 1916 in·
1721 1874 1784 1915 485

111 1945 271 1984 saniam
301 1946 343 1983 et
374 1944 583 1982 cordatam
615 1944 841 1982 amentiam
871 1943 988 1995 facio.
1047 1943 1218 1993 Quoque
1251 1943 1422 1982 mollius
1455 1944 1562 1981 esset
1594 1943 1701 1992 quod

111 2010 162 2048 de
190 2011 427 2048 sanctorum
455 2008 652 2047 fruitione
680 2009 937 2059 sequebatur,
963 2009 1184 2058 praemitto
1206 2011 1291 2047 tres
1313 2008 1503 2047 Platonis
1528 2008 1699 2056 furores,

109 2089 132 2113 e
152 2074 304 2126 quibus
322 2073 586 2113 felicissimus
606 2074 661 2113 sit
683 2074 929 2123 amantium,
953 2074 1026 2124 qui
1046 2074 1154 2113 nihil
1179 2074 1292 2114 aliud
1318 2074 1373 2113 sit
1391 2086 1515 2125 quam
1535 2073 1703 2112 ecstasis

110 2140 323 2191 quaedam.
381 2140 441 2178 At
465 2139 628 2188 piorum
653 2139 823 2179 ecstasis
851 2139 958 2178 nihil
986 2139 1100 2178 aliud
1126 2141 1189 2178 est
1215 2151 1340 2189 quam
1366 2139 1514 2189 gustus
1533 2137 1702 2188 quidam

109 2206 271 2245 futurae
298 2205 574 2252 beatitudinis,
599 2218 678 2255 qua
705 2205 785 2244 toti
813 2204 1125 2244 absorbebimur
1152 2204 1197 2242 in
1227 2204 1376 2251 Deum,
1396 2203 1440 2241 in
1468 2202 1542 2242 illo
1570 2201 1703 2252 magis
1719 2207 1784 2241 490

111 2284 238 2322 quam
256 2271 301 2310 in
321 2270 442 2309 nobis
460 2270 562 2320 ipsis
580 2270 722 2309 futuri.
780 2271 841 2309 At
859 2270 970 2308 hunc
995 2269 1117 2308 Plato
1140 2269 1322 2308 furorem
1340 2271 1469 2317 vocat,
1494 2280 1589 2306 cum
1609 2266 1702 2316 quis

111 2339 226 2376 extra
244 2349 288 2376 se
306 2338 450 2387 raptus
469 2336 514 2374 in
532 2349 581 2375 eo
603 2338 664 2374 est
687 2336 797 2386 quod
822 2337 935 2374 amat
959 2348 1086 2385 eoque
1105 2335 1271 2373 fruitur.
1330 2333 1424 2372 Non
1442 2333 1558 2371 vides
1577 2345 1700 2382 quam

112 2402 333 2451 diligenter
363 2401 484 2452 paulo
515 2402 609 2452 post
639 2401 900 2440 distinxerim
929 2399 1135 2439 stulticiae
1168 2401 1207 2438 et
1238 2399 1423 2438 insaniae
1456 2410 1614 2448 genera,
1650 2409 1702 2434 ne

112 2467 204 2518 quis
223 2467 477 2516 simplicium
495 2467 539 2505 in
559 2466 697 2505 verbis
715 2466 869 2505 nostris
886 2465 971 2504 labi
988 2466 1160 2515 posset?

165 2532 325 2570 Verum
351 2532 400 2569 de
428 2544 472 2569 re
495 2544 581 2569 non
604 2544 755 2580 pugno,
779 2531 931 2580 inquis,
954 2543 977 2568 a
1000 2529 1140 2569 verbis
1167 2529 1270 2579 ipsis
1293 2528 1514 2566 abhorrent
1539 2527 1702 2575 piorum
1718 2532 1779 2566 495

112 2609 242 2636 aures.
300 2596 359 2634 At
387 2609 459 2633 cur
487 2608 572 2634 non
600 2595 868 2634 offenduntur
896 2595 1061 2633 eaedem
1093 2606 1214 2632 aures
1245 2594 1358 2639 istae,
1390 2604 1485 2630 cum
1520 2590 1701 2629 Paulum

112 2662 288 2702 audiunt
316 2659 532 2708 dicentem,
564 2660 705 2708 ‘Quod
734 2659 915 2699 stultum
944 2661 1008 2698 est
1034 2659 1133 2697 Dei'
1162 2660 1204 2696 et
1238 2656 1487 2695 ‘stulticiam
1516 2655 1702 2694 crucis'?

113 2727 196 2767 Gur
222 2739 307 2765 non
335 2724 481 2763 diuum
506 2724 713 2763 Thomam
739 2724 784 2763 in
808 2724 874 2762 ius
899 2725 1057 2771 vocant,
1080 2723 1151 2773 qui
1178 2723 1227 2760 de
1253 2721 1369 2760 Petri
1393 2720 1538 2759 ecstasi
1557 2719 1700 2758 scribit

112 2793 156 2831 in
185 2792 296 2830 hunc
326 2789 519 2828 modum:
559 2789 691 2827 ‘Dum
717 2788 783 2838 pie
812 2788 973 2838 desipit,
1000 2799 1234 2826 sermonem
1262 2786 1410 2835 incipit
1438 2785 1489 2823 de
1515 2785 1699 2824 taberna-

157 2901 232 2939 481.
255 2897 447 2939 Propheta]
471 2900 516 2928 Is.
533 2898 586 2936 64.
603 2898 634 2927 6.
679 2881 682 2885 ¹
989 2895 1063 2934 496.
1081 2893 1249 2934 Paulum]
1278 2904 1292 2925 1
1311 2893 1389 2925 Cor.
1412 2903 1438 2925 1.
1457 2902 1498 2933 25
1513 2893 1584 2924 and
1600 2903 1652 2933 23.

157 2945 230 2982 487.
249 2940 455 2984 praemitto]
475 2941 546 2972 LB.
563 2941 609 2971 iv.
628 2949 692 2979 439
708 2949 740 2970 B.
984 2939 1059 2977 498.
1084 2937 1274 2979 Thomam]
1301 2937 1456 2978 Perhaps
1473 2937 1515 2969 cf.
1533 2940 1644 2968 Comm.
1664 2940 1697 2967 in

201 2985 380 3027 Platonis]
398 2987 530 3016 Phaedr.
549 2994 611 3022 244
628 2993 699 3022 seq.
941 2983 1031 3012 Matt.
1049 2991 1098 3020 17.
1117 2992 1147 3021 5.
