2010 3417
290 138 369 175 216
749 131 997 171 LETTERS
1036 130 1104 169 OF
1142 128 1407 168 ERASMUS
1747 124 1784 179 [1
1795 137 1816 174 5
1826 140 1839 164 1
1850 127 1872 164 6

289 244 454 284 ferenda
492 240 753 288 contumelia,
790 240 835 277 in
874 238 991 278 cuius
1027 236 1278 276 immortalia
1306 237 1582 275 monumenta
1613 235 1671 273 sic
1703 235 1874 285 impune

289 307 527 347 debacchati
551 306 635 345 sint
660 304 731 344 isti
756 305 977 354 plusquam
1002 303 1091 352 apri
1110 301 1336 352 calydonii,
1358 300 1512 350 partim
1532 299 1698 349 publica
1721 299 1874 337 studio-

289 385 428 411 sorum
452 371 624 418 vtflitas,
649 382 751 420 quos
778 368 971 407 videbam
999 381 1023 407 a
1045 369 1133 406 tam
1155 366 1322 406 eximiis
1349 365 1482 415 epulis
1507 365 1621 403 hisce
1641 364 1762 402 rebus
1787 363 1877 403 sub-

213 444 270 485 165
289 436 457 485 moueri,
479 438 525 475 vt
545 434 812 486 epistolarum
827 433 1053 481 volumina,
1073 445 1174 483 quae
1195 445 1275 482 quo
1294 431 1390 482 plus
1409 430 1617 469 habebant
1632 428 1877 468 eruditionis

288 504 329 541 et
348 500 613 551 eloquentiae,
631 500 709 538 hoc
723 499 884 537 foedius
897 500 1015 537 erant
1028 498 1258 548 deprauata,
1277 509 1353 546 pro
1366 509 1457 535 mea
1475 495 1589 535 virili
1603 494 1875 541 restituerem,

287 567 397 606 haud
420 578 625 616 quaquam
648 565 815 615 ignarus
840 576 966 613 quam
986 562 1133 601 duram
1152 564 1193 601 et
1223 562 1396 601 arduam
1422 561 1578 600 adirem
1605 558 1874 610 prouinciam.

289 633 382 671 Iam
413 631 597 681 primum
629 629 742 668 enim
769 629 860 678 ipsa
887 630 950 666 tot
978 628 1246 668 voluminum
1274 627 1384 665 inter
1412 640 1455 665 se
1482 625 1648 665 collatio
1678 625 1881 675 quantum

289 697 436 735 habeat
455 695 557 734 tedii
576 695 731 733 norunt
751 693 798 732 hi
817 692 968 742 quibus
987 706 1064 731 vsu
1084 692 1201 731 venit
1218 692 1263 730 in
1283 692 1361 730 hoc
1380 691 1556 742 pistrino
1575 692 1760 729 versatos
1778 700 1876 727 esse.

213 777 273 810 170
289 762 343 801 Et
362 774 481 812 saepe
501 773 595 799 cum
615 760 681 798 his
699 757 988 798 voluminibus
1008 760 1094 797 erat
1118 770 1184 796 res
1204 770 1306 808 quae
1325 756 1392 795 vel
1410 757 1543 807 legere
1562 770 1646 795 non
1665 753 1881 794 mediocris

289 828 394 866 esset
412 825 581 876 negocii,
604 825 754 875 quippe
780 823 1016 862 litterarum
1042 823 1190 874 figuris
1216 822 1282 861 vel
1309 823 1414 861 carie
1434 822 1598 872 situque
1619 819 1878 866 oblitteratis,

289 892 356 932 vel
370 892 574 931 tinearum
590 903 635 929 ac
649 890 878 928 blactarum
898 888 1050 927 iniuria
1068 888 1277 927 semirosis
1293 901 1339 926 ac
1351 887 1526 935 mutilis,
1545 886 1614 925 vel
1629 885 1881 925 Gotthorum

290 959 360 996 aut
389 955 756 1007 Longobardorum
790 967 904 993 more
934 953 1118 1004 depictis,
1150 955 1196 992 vt
1229 954 1275 992 in
1302 952 1450 992 formis
1478 953 1603 991 etiam
1631 949 1883 990 noscitandis

291 1022 396 1061 mihi
428 1021 555 1060 fuerit
587 1019 989 1070 repuerascendum:
1030 1021 1078 1057 vt
1112 1032 1165 1057 ne
1199 1030 1520 1057 commemorem
1552 1017 1734 1063 interim,
1772 1014 1883 1065 quod

215 1103 273 1136 175
292 1086 397 1126 illud
426 1087 564 1137 ipsum
591 1085 921 1125 animaduertere
949 1097 994 1122 ac
1020 1084 1137 1123 velut
1161 1084 1344 1131 olfacere,
1369 1084 1405 1122 si
1430 1083 1527 1133 quid
1550 1095 1696 1132 parum
1716 1079 1884 1130 resipiat

291 1165 530 1203 germanam
576 1164 623 1189 ac
660 1163 802 1189 veram
848 1150 1081 1198 lectionem,
1121 1149 1304 1188 hominis
1347 1149 1402 1187 sit
1434 1162 1527 1187 mea
1563 1147 1768 1187 sententia
1808 1157 1884 1183 nec

293 1217 492 1256 ineruditi
511 1229 585 1255 nec
605 1215 758 1266 stupidi
777 1228 852 1253 nec
873 1215 1100 1254 oscitantis.
1159 1214 1293 1264 Atqui
1319 1227 1442 1264 super
1461 1214 1562 1253 haec
1581 1214 1704 1262 longe
1733 1209 1885 1250 difficil-

292 1282 442 1321 limum
470 1283 532 1321 est
562 1283 633 1320 aut
663 1294 713 1319 ex
742 1280 854 1319 varie
883 1280 1115 1329 deprauatis
1147 1279 1245 1330 quid
1276 1279 1328 1317 ab
1351 1279 1523 1318 authore
1547 1279 1731 1328 positum
1759 1275 1885 1315 fuerit

293 1347 502 1395 conjicere,
532 1349 604 1385 aut
632 1359 682 1384 ex
711 1345 1064 1396 qualibuscunque
1095 1345 1324 1394 figurarum
1354 1344 1599 1394 fragmentis
1627 1356 1673 1382 ac
1701 1341 1887 1391 vestigiis

218 1421 277 1453 180
294 1410 474 1460 primam
493 1409 677 1448 diuinare
702 1408 946 1447 lectionem:
976 1420 1022 1446 ac
1041 1421 1184 1446 rursus
1210 1421 1255 1446 ea
1275 1421 1340 1446 res
1366 1420 1462 1446 cum
1481 1407 1632 1456 vbique
1656 1405 1887 1455 plurimum

294 1476 443 1514 habeat
471 1473 734 1523 difficultatis,
767 1476 860 1512 tum
889 1486 986 1511 vero
1014 1473 1278 1522 potissimum
1312 1473 1356 1511 in
1384 1471 1503 1510 libris
1532 1469 1884 1521 Hieronymianis.

296 1540 427 1590 quue
464 1539 654 1589 pluribus
692 1539 742 1577 de
779 1538 914 1577 causis
944 1538 1104 1577 accidit.
1174 1538 1367 1576 Primum
1403 1538 1511 1588 quod
1549 1537 1689 1586 ipsum
1725 1534 1888 1574 dicendi

297 1618 427 1656 genus
446 1605 557 1643 haud
582 1616 789 1653 quaquam
815 1603 980 1641 triuiale
1007 1603 1072 1651 sit,
1097 1603 1167 1641 sed
1195 1602 1414 1641 sententiis
1432 1602 1702 1651 variegatum,
1727 1600 1888 1651 epipho-

298 1669 474 1708 nematis
492 1671 697 1720 argutum,
720 1668 904 1718 strophis
932 1668 1149 1718 obliquum
1175 1680 1220 1706 ac
1239 1668 1416 1716 vafrum,
1439 1667 1695 1718 argumentis
1714 1666 1888 1704 densum

222 1744 279 1784 185
298 1737 338 1773 et
374 1735 547 1782 instans,
591 1733 866 1773 allusionibus
906 1733 1119 1782 festiuum,
1159 1746 1462 1783 nonnunquam
1505 1733 1630 1772 variis
1675 1732 1889 1770 rhetorum

298 1799 521 1839 schematis
539 1799 670 1838 veluti
689 1798 920 1848 lasciuiens,
937 1799 1089 1849 vbique
1104 1799 1272 1838 doctum
1289 1801 1331 1837 et
1351 1799 1549 1837 artificem
1564 1811 1661 1848 prae
1680 1811 1721 1836 se
1740 1797 1889 1835 ferens.

298 1865 418 1903 Vnde
444 1864 600 1903 factum
625 1866 688 1903 est
715 1866 761 1903 vt
790 1877 869 1914 quo
900 1865 1067 1914 longius
1097 1865 1225 1903 huius
1251 1864 1379 1904 oratio
1405 1863 1520 1903 abest
1542 1877 1566 1902 a
1591 1862 1709 1913 vulgi
1737 1860 1890 1900 intelli-

299 1930 448 1980 gentia,
469 1930 548 1968 hoc
570 1929 760 1979 pluribus
786 1929 950 1968 mendis
971 1930 1095 1968 fuerit
1121 1931 1416 1978 contaminata,
1436 1929 1537 1968 dum
1557 1929 1625 1967 hic
1643 1928 1788 1967 scribit
1805 1938 1891 1965 non

300 1994 410 2044 quod
429 1993 532 2044 legit
560 1995 631 2033 sed
662 1994 772 2045 quod
794 1994 1007 2045 intelligit,
1031 1994 1102 2033 ille
1127 1995 1401 2044 deprauatum
1426 1993 1671 2033 existimans
1697 1991 1891 2043 quicquid

224 2079 284 2111 190
301 2072 386 2098 non
422 2059 663 2109 assequitur,
704 2061 915 2109 vtcunque
949 2059 1087 2098 visum
1125 2059 1262 2107 fuerit,
1297 2061 1432 2098 mutat
1469 2059 1728 2109 scripturam,
1761 2056 1892 2096 animi

301 2124 423 2162 modo
460 2124 526 2163 sui
563 2126 728 2163 secutus
773 2125 995 2164 somnium.
1074 2125 1259 2164 Rursum
1295 2125 1403 2163 alius
1439 2124 1544 2163 forte
1581 2122 1892 2173 deprehendens

300 2191 536 2239 corruptam
553 2202 642 2227 esse
661 2188 920 2239 scripturam,
943 2191 1044 2229 dum
1068 2203 1119 2228 ex
1137 2191 1224 2229 leui
1242 2191 1476 2229 coniectura
1494 2189 1641 2227 nititur
1659 2187 1887 2233 emendare,

300 2268 374 2304 pro
393 2254 514 2293 vnico
534 2253 684 2293 mendo
703 2255 919 2304 geminum
938 2255 1100 2294 inducit
1118 2256 1175 2302 et,
1189 2255 1290 2293 dum
1305 2253 1552 2293 vulnusculo
1567 2253 1723 2292 mederi
1737 2251 1888 2298 studet,

300 2319 455 2359 vulnus
473 2319 629 2368 infligit
646 2318 963 2358 immedicabile.

226 2404 283 2437 195
356 2384 527 2423 Accedit
556 2384 606 2423 ad
639 2384 740 2422 haec
772 2385 885 2423 varia
923 2384 1123 2434 quaedam
1154 2385 1197 2422 et
1232 2383 1489 2422 admirabilis
1525 2383 1715 2422 omnium
1753 2394 1908 2420 rerumv

303 2450 494 2498 mixtura,
518 2462 643 2499 quam
661 2449 872 2488 affectauit
897 2449 1022 2488 etiam
1043 2448 1339 2499 Hieronymus,
1361 2450 1431 2488 sed
1451 2449 1620 2488 omnino
1639 2447 1889 2495 felicissime,

303 2515 370 2565 pia
387 2514 591 2553 nimirum
613 2514 842 2553 ambitione
871 2517 912 2553 et
931 2516 1072 2554 sancta
1090 2515 1267 2565 quadam
1291 2514 1565 2553 ostentatione
1585 2514 1778 2553 iactitans
1796 2523 1893 2562 opes

305 2593 407 2629 suas,
431 2593 511 2630 quo
531 2579 665 2630 magis
683 2581 905 2618 veternum
931 2580 1050 2618 nobis
1079 2580 1261 2618 excutiat
1285 2582 1325 2619 et
1345 2579 1634 2619 oscitabundos
1653 2579 1703 2617 ad
1724 2590 1893 2617 arcanae

305 2644 527 2694 scripturae
547 2644 735 2683 studium
754 2646 1060 2695 expergefaciat.
1121 2645 1227 2694 Quid
1248 2645 1361 2684 enim
1380 2647 1444 2684 est
1461 2658 1637 2695 vsquam
1655 2645 1701 2683 in
1720 2643 1805 2682 vllo
1823 2641 1893 2682 vel

228 2727 288 2751 200
305 2710 526 2748 authorum
549 2709 616 2748 vel
641 2709 882 2748 litterarum
910 2723 1058 2760 genere
1085 2710 1193 2760 quod
1220 2710 1291 2749 ille
1318 2710 1472 2760 passim
1500 2723 1585 2748 non
1614 2709 1815 2759 aspergat,
1834 2706 1892 2745 in-

308 2773 447 2822 culcet,
479 2774 703 2813 infulciat?
758 2773 970 2822 Hebraica
1001 2775 1164 2823 Graeca,
1197 2775 1357 2822 Latina,
1390 2774 1617 2823 Chaldaica,
1649 2786 1773 2821 sacra,
1805 2784 1894 2822 pro-

307 2838 455 2885 phana,
476 2841 626 2887 vetera,
650 2851 769 2878 noua.
828 2839 1016 2889 Denique
1037 2840 1135 2890 quid
1155 2853 1241 2878 non
1256 2842 1277 2879 ?
1332 2840 1399 2879 Sic
1419 2839 1492 2878 ille
1510 2840 1626 2878 velut
1644 2837 1803 2889 apicula
1819 2848 1894 2886 per

354 2934 423 2963 173.
485 2937 492 2957 :
515 2927 798 2967 Logobardorum
812 2939 841 2959 .
936 2929 1005 2967 176.
1024 2929 1072 2959 sit
1121 2939 1128 2959 :
1158 2938 1232 2960 esse
1248 2940 1278 2961 .
1372 2929 1439 2960 181.
1458 2928 1566 2959 habet
1581 2929 1616 2962 B
1707 2927 1777 2964 187
1795 2924 1894 2964 vulgi

306 2978 346 2998 a:
373 2969 587 3008 simplicium
604 2972 637 3005 .
739 2981 812 3002 202.
838 2971 1002 3010 Denique
1018 2974 1090 3005 (cdd.
1107 2973 1141 3006 .
