2010 3417
275 140 354 179 202
737 138 986 177 LETTERS
1029 139 1099 179 OF
1135 139 1402 180 ERASMUS
1744 140 1783 195 [1
1793 152 1814 189 5
1824 154 1838 178 1
1847 142 1875 179 6

319 246 487 278 Nicholas
513 245 632 276 Basell
659 245 698 275 of
721 244 935 284 Diirkheim,
963 245 1020 276 W.
1049 244 1088 276 of
1114 244 1339 284 Mannheim,
1368 256 1442 277 was
1472 257 1492 278 a
1519 247 1629 278 monk
1659 248 1695 278 at
1722 247 1869 287 Hirsau‚

274 302 295 322 a
316 288 552 321 Benedictine
581 288 696 328 abbey
718 297 806 318 near
832 287 929 318 Calw
953 287 992 318 in
1015 288 1282 329 Wiirtemberg‚
1308 289 1428 320 where
1455 289 1514 321 his
1541 290 1605 321 life
1631 300 1704 321 was
1729 292 1870 331 mainly

273 335 391 374 spent.
429 331 591 362 Pellican
607 341 679 362 saw
694 331 773 361 him
789 330 891 362 there
906 331 946 361 in
965 333 1049 371 1496
1064 331 1179 372 (CPR.
1196 342 1231 372 p.
1248 333 1320 373 44),
1339 334 1377 364 at
1394 333 1517 364 which
1532 333 1621 364 time
1636 333 1870 372 Trithemius‚

272 377 390 408 whose
411 375 514 415 pupil
536 374 656 405 Basell
672 384 744 405 was
765 374 805 405 in
827 374 1027 414 Spanheim
1047 377 1085 406 at
1106 385 1202 406 some
1223 375 1357 417 period,
1377 386 1450 408 was
1471 377 1546 408 also
1567 378 1607 407 in
1629 376 1774 408 Hirsau.
1821 378 1869 409 In

271 421 367 451 June
395 427 478 458 1505
506 418 626 449 Basell
652 427 736 457 may
759 417 802 449 be
829 418 951 449 traced
980 420 1017 449 at
1044 418 1164 458 Spires
1189 418 1274 460 (TE.
1299 421 1337 451 ii.
1365 420 1444 461 15);
1475 430 1521 451 on
1550 429 1564 450 1
1591 420 1686 461 Sept.
1717 420 1799 459 1508
1822 420 1868 452 he

271 462 427 494 finished
448 461 602 502 copying
622 471 643 491 a
667 461 741 493 MS.
766 461 805 492 of
824 461 1032 493 Reuchlin's
1056 464 1211 500 Colloquia
1237 466 1352 494 Graeca
1375 466 1411 495 at
1435 464 1570 495 Hirsau
1587 464 1782 505 (Stuttgart
1797 463 1867 496 MS.

271 509 362 548 poet.
389 505 469 546 76);
499 505 572 536 and
596 504 642 536 he
665 515 738 536 was
761 504 839 536 still
863 516 883 536 a
906 505 1018 536 monk
1041 506 1145 537 there
1168 507 1208 537 in
1235 516 1330 548 1520,
1353 508 1462 539 when
1486 508 1533 539 he
1560 508 1592 538 is
1618 507 1808 539 described
1831 517 1870 538 as

274 549 511 581 ‘venerabilis
541 547 663 588 pater’
695 548 815 589 (BRE.
850 558 912 589 179
942 549 1014 580 and
1045 551 1135 590 207).
1199 550 1256 581 He
1292 551 1490 582 continued
1520 551 1583 582 the
1619 550 1802 582 chronicle
1832 551 1874 583 of

271 593 467 625 Nauclerus
493 592 571 633 (Ep.
597 591 677 632 397)
703 593 810 623 down
833 594 870 623 to
892 602 996 632 15143
1026 593 1091 625 but
1113 594 1156 625 K.
1183 594 1222 625 E.
1246 594 1294 626 H.
1315 595 1455 636 Mffller,
1475 597 1595 633 Quellen
1617 605 1675 626 von
1697 593 1874 625 witheim's

270 639 432 677 Annalem,
452 635 572 675 Halle,
590 637 683 675 1879,
698 646 731 675 p.
745 645 800 675 25,
816 639 946 667 asserts
959 637 1041 667 that
1057 637 1115 668 his
1130 639 1377 670 contribution
1392 649 1465 670 was
1481 639 1622 679 mainly
1637 638 1761 679 copied
1777 638 1872 669 from

271 681 506 713 Trithemius.
549 679 613 711 See
628 679 758 712 'rrith.⁵
774 690 808 720 p.
826 689 890 720 259
907 681 979 711 and
994 681 1066 713 RE.
1084 682 1127 712 80
1142 682 1214 713 and
1235 683 1325 724 104.]

467 785 693 816 NICOLAVS
723 785 967 816 BASELLIVS
996 785 1175 817 DOMINO
1206 787 1385 818 ERASMO
1416 787 1487 819 Ro.
1513 788 1545 817 S.
1574 787 1611 816 P.
1640 787 1684 816 D.

330 869 449 917 QVOD
461 870 555 906 tuas
572 867 799 906 admodum
813 868 855 905 et
869 867 1129 906 doctissimas
1141 870 1182 907 et
1194 869 1479 917 suauissimas,
1492 868 1665 907 Erasme
1682 867 1876 906 omnium

275 933 612 972 doctissimorum
641 933 887 981 doctissime,
909 932 1069 971 litteras
1096 933 1266 983 ineptiis
1294 934 1401 972 meis
1424 934 1723 983 praeuerterim
1748 934 1877 983 atque

273 999 436 1049 primus
474 998 518 1036 in
558 997 773 1036 scribendo
805 997 980 1048 glaciem
1013 999 1293 1048 perfregerim,
1333 1012 1417 1038 non
1451 1012 1581 1049 Vsque
1612 999 1714 1037 adeo
1746 998 1871 1048 (quod

274 1064 455 1103 libenter
479 1062 741 1112 crediderim)
759 1064 827 1102 vel
846 1063 1008 1102 inficias
1029 1063 1109 1102 ibis
1133 1064 1199 1103 vel
1223 1064 1296 1103 abs
1320 1078 1388 1104 me
1412 1066 1568 1103 temere
1587 1064 1746 1103 factum
1769 1062 1874 1101 iudi-

238 1148 256 1178 5
274 1128 412 1177 cabis3
440 1129 512 1178 qui
541 1128 592 1166 de
618 1129 818 1178 temporis
842 1129 1123 1178 oportunitate
1149 1132 1273 1180 atque
1293 1132 1405 1169 certo
1425 1130 1576 1168 nuntio
1595 1128 1781 1179 mihiipsi
1806 1127 1878 1166 vix

273 1195 520 1244 persuadere
561 1194 778 1244 potuerim,
821 1195 925 1243 quin
971 1196 1109 1244 potius
1153 1196 1417 1246 impatientia
1460 1196 1638 1246 quadam
1674 1192 1879 1244 temporis

274 1259 426 1307 victus,
445 1259 573 1297 etiam
601 1259 713 1297 hunc
740 1259 946 1298 Thomam
975 1263 1170 1300 nostrum
1196 1262 1363 1311 proprio
1392 1265 1433 1300 et
1462 1275 1484 1300 a
1514 1261 1690 1312 pedibus
1720 1259 1870 1299 condu-

276 1325 396 1363 ctitio
409 1324 588 1374 quodam
600 1324 815 1364 tabellario
826 1326 1043 1375 preuenire
1055 1329 1340 1374 maturassem,
1351 1327 1433 1365 nisi
1446 1327 1522 1365 hoc
1536 1340 1620 1365 vno
1634 1326 1880 1365 subleuatus

276 1403 399 1429 onere
437 1390 549 1428 diem
580 1389 650 1428 ille
682 1390 862 1429 abeundi
893 1393 1054 1430 certum
1083 1393 1408 1442 praestatuisset.
1467 1392 1626 1431 Tantus
1659 1391 1878 1429 enimuero

222 1473 260 1495 10
277 1455 508 1494 dulcissimi
519 1455 673 1505 eloquii
685 1456 749 1494 tui
761 1456 1008 1506 iampridem
1023 1457 1451 1508 inNem(et>ensium
1464 1458 1631 1496 ciuitate
1647 1457 1767 1496 vnico
1781 1468 1873 1494 con-

276 1534 419 1572 gressu
440 1534 486 1559 ac
505 1521 622 1559 breui
643 1522 910 1560 contubernio
930 1523 1051 1561 ardor
1073 1536 1139 1562 me
1158 1523 1223 1561 tui
1242 1523 1421 1572 incessit,
1444 1524 1589 1562 tantus
1608 1523 1732 1570 furor,
1755 1533 1872 1559 amor

276 1588 419 1624 tantus
446 1586 611 1634 inussit,
643 1588 689 1624 vt
720 1600 794 1625 nec
826 1587 948 1625 illum
977 1587 1116 1638 ipsum
1144 1588 1314 1637 quidem
1343 1588 1483 1638 (etiam
1511 1589 1611 1627 dum
1642 1587 1752 1636 volo)
1771 1587 1875 1624 bene

277 1653 507 1700 temperare
527 1651 693 1701 possim.
753 1652 815 1691 Ob
836 1652 1061 1702 singularis
1084 1653 1240 1691 etenim
1262 1654 1471 1692 doctrinae
1491 1655 1532 1691 et
1552 1652 1749 1692 scientiae
1773 1651 1883 1689 mul·

278 1717 434 1766 tiiugae
471 1717 779 1767 praestantiam,
815 1731 918 1767 quae
957 1719 1001 1756 in
1041 1721 1082 1756 te
1115 1732 1209 1767 vno,
1245 1720 1551 1758 Germanorum
1589 1719 1778 1757 omnium
1811 1718 1877 1756 do-

223 1800 258 1830 15
279 1782 476 1831 ctissime,
494 1782 775 1832 copiosissime
794 1784 989 1832 relucent,
1011 1784 1224 1823 abundant
1243 1785 1310 1824 vel
1330 1785 1470 1834 potius
1489 1784 1802 1835 supereffluunt,
1816 1780 1875 1821 ita

280 1862 346 1887 me
373 1847 532 1887 calculo
552 1849 731 1898 quodam
758 1850 912 1888 amoris
937 1850 1001 1888 tui
1026 1850 1272 1889 inferbuisse
1292 1851 1423 1890 fateor
1446 1865 1492 1890 ac
1519 1851 1642 1901 plane
1667 1852 1785 1889 extra
1809 1862 1877 1888 me

279 1915 633 1963 transformatum,
656 1917 703 1953 vt
731 1915 875 1964 Vlyssi
904 1917 1194 1955 cunctabundo
1221 1930 1295 1967 per
1324 1918 1464 1956 omnia
1492 1916 1654 1964 similis,
1678 1915 1788 1953 nihil
1816 1915 1874 1953 ita

280 1980 414 2018 menti
444 1980 668 2018 inhaeserit
687 1993 813 2029 meae,
841 1981 951 2019 nihil
970 1982 1072 2020 adeo
1095 1983 1256 2021 corculo
1282 1995 1375 2022 meo
1395 1983 1645 2032 impressum
1666 1980 1882 2027 insederit.

280 2045 412 2084 veluti
431 2045 553 2082 vnica
570 2047 612 2083 et
633 2045 772 2084 viuida
791 2047 990 2095 quaedam
1010 2047 1175 2086 Erasmi
1195 2048 1295 2087 idea.

225 2127 264 2148 20
337 2110 446 2147 Nam
491 2110 563 2148 vbi
608 2113 702 2159 post
750 2123 865 2150 sacra
911 2114 1086 2162 postque
1133 2113 1371 2152 litterarum
1423 2113 1506 2151 otia
1553 2112 1724 2151 tandem
1770 2111 1879 2149 fessa

283 2187 527 2224 componere
555 2175 742 2213 membra
773 2174 983 2229 [dispono]
1012 2178 1124 2217 haud
1154 2179 1254 2217 satis
1283 2192 1397 2227 noro,
1421 2192 1524 2229 quae
1552 2177 1661 2216 mihi
1690 2176 1879 2215 noctium

281 2241 535 2280 fantasmata
578 2241 788 2290 soporanti
830 2242 1018 2281 animum
1063 2244 1307 2282 conturbare
1353 2257 1399 2282 ac
1440 2243 1671 2294 peregrinis
1716 2240 1884 2290 quibus·

283 2307 379 2346 dam
408 2306 752 2355 impressionibus
791 2307 1015 2357 defatigare
1043 2308 1266 2348 videntur!
1304 2311 1349 2348 vt
1388 2310 1506 2360 quasi
1543 2311 1583 2347 te
1622 2309 1881 2358 praesentem

284 2372 394 2411 dulci
438 2384 489 2409 ex
533 2371 736 2421 colloquio
781 2373 972 2411 sensibus
1011 2374 1139 2412 etiam
1183 2374 1322 2424 ligatis
1359 2375 1501 2413 videre
1543 2375 1698 2423 videar,
1740 2374 1885 2423 sicque

227 2452 264 2483 25
283 2437 405 2488 plane
434 2439 480 2476 vt-
508 2437 597 2486 ipse
625 2437 798 2486 spiritus
822 2451 942 2476 meus
970 2439 1102 2477 iubilo
1130 2440 1309 2489 quodam
1338 2442 1453 2478 extra
1481 2453 1524 2479 se
1553 2439 1650 2478 ferri
1678 2439 1880 2477 credatur.

285 2504 392 2542 Cum
418 2515 515 2540 vero
542 2502 670 2540 sacris
690 2503 740 2540 de
760 2516 888 2541 manu
909 2504 1016 2542 datis
1041 2505 1091 2542 ad
1111 2505 1272 2543 litteras
1291 2507 1331 2544 et
1355 2506 1504 2553 ocium,
1526 2519 1608 2556 quo
1633 2504 1884 2555 negotiosior

285 2582 380 2608 sum
400 2581 629 2618 nunquam,
652 2568 837 2606 interdiu
863 2583 930 2607 me
956 2573 1205 2618 conuertere,
1233 2571 1291 2609 dii
1310 2571 1434 2609 boni!
1464 2571 1575 2609 nihil
1596 2573 1660 2609 est
1685 2570 1729 2608 in
1750 2567 1885 2619 supel-

285 2634 414 2673 lectili
440 2646 532 2672 mea
556 2633 760 2672 litteraria
784 2634 852 2673 vel
876 2635 1043 2685 Hybleo
1072 2636 1195 2674 melle
1219 2636 1318 2685 (non
1342 2637 1387 2674 in
1415 2649 1559 2675 aurem
1585 2636 1685 2674 haec
1713 2646 1881 2674 susurro
1919 2641 1922 2644 ’

333 2741 382 2770 17.
408 2730 536 2769 Vlysse
555 2733 625 2763 MS.
641 2743 647 2761 :
671 2742 745 2762 corr.
762 2734 825 2762 LB.
891 2732 1022 2763 similis
1037 2735 1104 2763 MS.
1124 2744 1130 2762 :
1154 2735 1359 2763 anacobuthon
1375 2736 1480 2763 notatu
1493 2735 1634 2770 diymmz.
1727 2741 1781 2762 20.
1804 2731 1881 2760 tan-

287 2773 369 2804 dem
383 2777 494 2811 scripsi
510 2786 517 2805 :
539 2774 677 2805 tffidem
693 2778 760 2805 ΜΞ.
776 2787 782 2806 ;
809 2776 1037 2806 tantumdem
1053 2778 1116 2808 LB.
1273 2786 1324 2814 23.
1359 2776 1452 2806 mihi
1469 2778 1579 2806 deleuit
1599 2776 1805 2806 amanuensis
1815 2776 1885 2810 post

288 2821 511 2855 praesentem
527 2829 534 2848 :
558 2821 682 2848 addidit
698 2823 799 2849 tamen
817 2821 880 2849 LB.
1001 2820 1054 2851 26.
1078 2820 1167 2850 Cum
1182 2822 1294 2856 scripsi
1310 2831 1317 2850 ε
1339 2819 1429 2850 'rum
1446 2822 1513 2850 MS.
1605 2819 1648 2849 de
1664 2827 1775 2849 manu
1790 2816 1883 2847 datis

288 2863 400 2896 scripsi
414 2872 420 2891 ε
447 2861 490 2891 de
506 2861 660 2892 niz-{datis
676 2865 744 2893 MS.

336 2950 410 2980 39⁴1.
454 2960 501 2981 10.
543 2952 831 2993 Nemetensium]
882 2953 1053 2984 Erasmus
1122 2963 1184 2992 337
1204 2953 1337 2984 introd.

292 3001 365 3023 was
391 2995 427 3023 at
451 2994 569 3033 Spires
598 2997 636 3025 in
659 2996 754 3026 June
781 3005 886 3034 1515:
917 2997 961 3027 cf.
987 2997 1050 3035 Ep.
1166 3006 1215 3026 21.
1241 2995 1468 3036 componere]
1497 2994 1547 3025 Cf.
1567 2994 1670 3034 Verg.
1691 2996 1725 3024 G.
1744 3004 1773 3032 4.
1793 2994 1866 3032 438.
