2010 3417
345 202 423 242 534
807 200 1058 240 LETTERS
1097 199 1168 239 or
1205 199 1469 239 ERAsMus
1807 195 1930 250 [1517

344 326 424 351 rus.
497 311 728 350 Hominem
760 311 898 361 ipsum
928 310 1107 348 inuitaui
1135 309 1260 360 regiis
1278 309 1414 348 verbis
1442 322 1487 348 ac
1516 307 1736 358 stipendiis
1762 320 1808 346 ac
1836 320 1934 346 non-

344 376 452 416 nihil
471 375 598 415 etiam
617 376 721 414 meis
740 389 924 415 seorsum
937 375 1154 426 promissis
1174 375 1224 414 ad
1237 375 1397 415 Galliae
1411 376 1575 413 nostrae
1589 372 1911 413 contubernium
1926 387 1935 411 ε

345 456 390 481 ac
423 441 606 481 venisset
639 441 808 491 quidem
841 441 912 479 ille
946 453 1033 479 non
1065 440 1238 488 inuitus,
1272 439 1355 478 nisi
1394 439 1503 490 quod
1536 452 1654 478 suam
1691 439 1777 477 iarn
1808 437 1934 477 fidem

346 506 557 546 Catholioo
585 506 701 556 Regi,
725 506 916 557 Principi
944 519 1030 554 suo,
1051 505 1286 554 obstrinxit,
1309 507 1351 544 et
1370 506 1539 544 fortuna
1557 504 1619 543 illi
1637 517 1711 543 sua
1732 517 1778 543 ac
1797 503 1937 553 potius

266 588 328 611 120
345 573 480 611 virtus
507 572 686 610 fautores
706 572 864 622 aliquot
894 572 1001 621 apud
1023 571 1274 621 Principem,
1298 570 1547 610 clarissimos
1576 569 1743 621 quidem
1770 568 1865 608 illos
1890 581 1936 608 ac

344 637 586 689 principalis
605 637 722 676 aulae
752 637 974 687 primarios
993 637 1116 685 viros,
1142 635 1418 686 comparauit:
1448 648 1625 686 quorum
1643 635 1782 674 fauore
1811 636 1935 685 atque

346 703 568 742 autoritate
599 703 833 741 studiorum
867 715 1038 741 suorum
1076 714 1255 740 messem
1285 701 1417 740 facere
1449 703 1490 740 et
1519 700 1708 739 laborum
1746 699 1938 739 omnium

346 769 529 807 fructum
561 767 672 807 haud
697 768 756 806 ita
789 767 922 806 multo
950 769 1044 818 post
1073 767 1265 817 colligere
1294 766 1507 817 expectat.’

403 833 516 872 Haec
545 846 643 872 sane
667 835 769 872 sunt
803 835 843 871 et
875 833 942 872 his
970 833 1126 872 similia
1153 833 1380 883 praeconia,
1402 831 1552 882 quibus
1579 831 1802 870 Erasmum
1826 830 1940 870 Pari-

269 913 306 936 12
312 915 328 945 ,ς
347 899 493 938 siensis
513 899 651 949 palam
664 911 808 937 ornare
827 900 869 937 et
883 898 1101 937 honestare
1116 912 1201 938 non
1221 898 1384 937 desinit.
1420 897 1553 946 Quem
1565 897 1759 947 equidem
1773 897 1939 935 tametsi

347 964 580 1015 intelligam
607 964 672 1003 vel
692 964 948 1003 iustissimos
966 964 1045 1003 tibi
1063 964 1208 1003 titulos
1226 964 1419 1003 tribuisse
1438 976 1513 1002 nec
1540 965 1582 1002 te
1600 962 1694 1001 aliis
1713 974 1839 1012 quam
1856 962 1940 1001 tuis

348 1030 477 1082 ipsius
496 1030 700 1069 coloribus
721 1030 967 1080 depinxisse,
990 1031 1130 1069 tamen
1150 1043 1235 1068 non
1250 1029 1511 1078 mediocrem,
1529 1030 1642 1079 puto,
1656 1026 1855 1067 Antistiti
1873 1026 1941 1066 vel

350 1096 507 1146 duplici
537 1096 705 1134 nomine
739 1095 861 1134 debes
890 1095 1090 1145 gratiam:
1118 1095 1272 1146 partim
1304 1095 1412 1145 quod
1437 1094 1516 1133 tibi
1541 1094 1612 1133 ille
1644 1093 1799 1143 alioqui
1831 1092 1941 1132 nihil

349 1161 583 1210 obstrictus,
615 1162 757 1199 tamen
779 1173 943 1210 operam
962 1161 1041 1199 tibi
1060 1173 1178 1199 suam
1207 1162 1294 1199 tam
1321 1160 1548 1199 liberaliter
1567 1172 1612 1198 ac
1636 1159 1803 1210 profuse
1830 1170 1937 1197 com-

271 1238 333 1271 130
349 1226 581 1265 modauerit
601 1239 806 1276 suumque
832 1238 929 1276 erga
954 1228 995 1264 te
1022 1225 1212 1264 animum
1231 1228 1318 1265 tam
1347 1225 1518 1265 candide
1544 1225 1656 1264 vltro
1673 1223 1912 1275 patefecerit
1926 1238 1937 1273 3

347 1293 504 1342 partim
533 1292 639 1342 quod
670 1305 756 1330 non
785 1291 949 1330 modico
973 1291 1188 1330 aestimare
1219 1291 1350 1340 debes,
1378 1291 1538 1330 laudari
1560 1290 1639 1329 tibi
1667 1290 1889 1341 contigisse
1917 1302 1941 1328 a

349 1360 435 1396 tam
456 1357 619 1396 laudato
639 1359 808 1406 tamque
828 1357 872 1394 in
893 1358 1009 1395 omni
1034 1358 1241 1396 virtutum
1264 1370 1412 1407 genere
1435 1356 1651 1406 spectabili
1672 1356 1788 1394 viro:
1817 1355 1940 1406 siqui-

352 1423 445 1461 dem
476 1436 522 1461 ea
552 1423 722 1460 demum
755 1435 852 1461 vera
882 1422 972 1461 laus
998 1423 1272 1461 existimanda
1297 1423 1361 1471 sit,
1384 1435 1487 1472 quae
1509 1422 1558 1460 de
1583 1421 1740 1461 laudati
1769 1434 1835 1460 ore
1853 1434 1942 1471 pro—

352 1488 470 1526 cedit.
548 1488 776 1535 Caeterum,
812 1487 984 1526 Erasme
1017 1487 1181 1538 optime,
1219 1488 1301 1527 duo
1343 1491 1442 1526 sunt
1474 1488 1519 1526 in
1548 1487 1695 1537 primis
1733 1500 1836 1538 quae
1873 1499 1941 1526 me

274 1564 333 1598 135
351 1553 613 1592 adduxerunt
646 1555 693 1592 vt
722 1552 831 1603 apud
860 1555 900 1591 te
932 1567 1042 1592 nunc
1068 1554 1275 1603 praeconii
1304 1553 1430 1592 huius
1456 1552 1745 1592 testimonium
1765 1553 1940 1592 ferrem:

350 1618 527 1658 alterum
563 1618 670 1669 quod
704 1632 778 1669 ego
814 1631 923 1657 vnus
956 1619 1137 1657 maxime
1170 1619 1360 1658 omnium
1399 1619 1534 1657 iustus
1556 1618 1645 1658 ,tibi
1674 1618 1864 1668 fidusque
1894 1630 1940 1656 ac

345 1683 481 1722 ,veluti
502 1687 541 1721 ἐκ
559 1687 631 1722 τῶν
650 1684 740 1724 Διὸς
769 1683 908 1722 δέλτων
930 1684 1049 1723 testis
1076 1697 1164 1723 esse
1187 1697 1369 1734 possum,
1397 1686 1539 1734 vtpote
1566 1683 1637 1733 qui
1663 1683 1942 1723 Parisiensem

351 1749 491 1800 ipsum
516 1748 643 1787 semel
671 1750 793 1799 atque
822 1749 976 1788 iterum
1002 1763 1049 1788 ea
1072 1750 1121 1788 de
1142 1763 1186 1788 re
1205 1750 1445 1800 loquentem
1474 1762 1667 1799 praesens
1695 1748 1944 1787 exaudiui-

352 1827 446 1853 sum
467 1814 581 1853 enim
600 1814 793 1865 frequens
813 1815 921 1864 apud
943 1828 1037 1854 eum
1057 1830 1065 1863 ;
1108 1816 1216 1866 quod
1235 1816 1306 1855 ille
1336 1829 1420 1854 non
1440 1815 1626 1854 literatos
1645 1814 1767 1853 modo
1795 1814 1945 1854 oscule-

275 1899 336 1930 140
353 1882 423 1919 tur
442 1893 587 1918 verum
607 1882 649 1918 et
674 1880 887 1919 literarum
910 1894 1070 1931 quoque
1090 1881 1319 1930 studiosos;
1351 1894 1526 1931 quorum
1547 1881 1591 1919 in
1610 1893 1795 1929 numero,
1819 1879 1945 1918 modo

353 1946 412 1984 ita
428 1946 559 1984 Musis
580 1945 747 1995 placeat,
770 1948 810 1984 et
830 1959 907 1985 nos
926 1960 1087 1997 quoque
1102 1947 1240 1986 locum
1259 1947 1441 1997 aliquem
1461 1946 1581 1985 nobis
1598 1946 1946 1985 vendicamus—z

352 2010 531 2049 alterum
557 2011 664 2060 quod
695 2013 765 2050 tua
794 2013 1013 2062 permagni
1040 2012 1239 2051 interesse
1267 2014 1423 2062 putaui,
1448 2011 1595 2052 rescire
1627 2015 1668 2051 te
1693 2011 1945 2062 quibusnam

353 2076 536 2113 maxime
557 2075 727 2115 deberes
756 2077 955 2128 cuiusque
980 2078 1025 2116 in
1045 2091 1136 2117 aere
1164 2078 1428 2128 potissimum
1452 2091 1575 2127 esses,
1599 2091 1679 2127 quo
1709 2078 1755 2116 tu
1791 2076 1945 2127 accepti

354 2141 493 2180 meriti
508 2141 683 2191 gratiam
704 2145 775 2181 aut
795 2155 912 2193 agere
931 2145 1004 2182 aut
1024 2143 1161 2192 etiam,
1178 2144 1214 2182 si
1230 2157 1310 2194 qua
1331 2144 1507 2192 daretur,
1530 2144 1777 2194 quandoque
1796 2143 1947 2181 referre

275 2225 335 2259 145
353 2219 506 2257 posses.
567 2206 754 2246 Sciebam
788 2208 899 2247 enim
922 2222 967 2247 ac
996 2209 1132 2248 multo
1160 2210 1286 2248 etiam
1312 2211 1432 2248 antea
1451 2209 1584 2259 magis
1608 2221 1880 2259 cognoueram
1903 2210 1948 2247 te

354 2272 483 2311 animi
515 2285 600 2310 esse
630 2285 891 2323 nequaquam
925 2275 1090 2325 ingrati.
1157 2274 1279 2314 Adde
1308 2275 1486 2325 insuper,
1520 2275 1627 2325 quod
1660 2275 1747 2324 ipse
1780 2287 1942 2324 quoque

354 2337 605 2385 olfaciebam,
638 2338 780 2377 minus
809 2340 886 2378 tibi
923 2342 1161 2390 suspectum
1199 2341 1285 2379 fore
1315 2343 1505 2379 nostrum
1543 2352 1669 2389 quam
1702 2339 1945 2389 cuiusquam

354 2403 523 2443 alterius
543 2403 619 2441 hac
638 2403 684 2442 in
704 2417 748 2442 re
768 2405 1069 2453 testimonium,
1096 2408 1219 2456 atque
1238 2406 1297 2445 ita
1315 2408 1355 2445 te
1376 2419 1473 2445 sane
1493 2405 1768 2444 iudicaturum
1788 2418 1857 2443 me
1884 2404 1944 2454 (id

355 2469 462 2520 quod
482 2469 560 2518 est)
579 2482 653 2519 pro
669 2470 798 2508 veteri
811 2469 884 2509 illa
902 2484 992 2509 mea
1010 2484 1105 2521 erga
1125 2473 1166 2510 te
1185 2471 1265 2510 fide
1284 2474 1510 2521 mutuaque
1524 2470 1706 2509 amicitia
1718 2471 1849 2509 totam
1868 2469 1948 2508 tibi

279 2552 339 2583 150
355 2548 443 2573 rem
462 2533 708 2584 simpliciter
725 2537 766 2573 et
785 2538 922 2584 aperte
941 2537 1190 2585 enunciasse,
1214 2537 1323 2575 nihil
1346 2537 1445 2575 adeo
1474 2536 1743 2575 adhibentem
1768 2535 1853 2574 fuci
1871 2535 1944 2574 sed

354 2600 477 2650 plane
494 2601 603 2638 τοῦτο
624 2599 668 2648 δὴ
687 2601 730 2638 τὸ
749 2602 962 2653 λεγόμενον,
984 2604 1031 2641 τὰ
1049 2605 1147 2641 σῦκα
1158 2605 1255 2641 σῦκα
1269 2603 1328 2641 καὶ
1346 2603 1413 2651 τὴν
1429 2600 1584 2651 σκάφην
1600 2602 1753 2650 σκάφην
1772 2600 1943 2652 λέγοντα.

410 2666 552 2715 Neque
571 2664 683 2703 enim
702 2665 739 2704 is
757 2679 864 2715 sum,
886 2667 990 2706 mihi
1009 2668 1136 2716 crede,
1160 2668 1232 2718 qui
1251 2668 1330 2707 tibi
1349 2669 1568 2719 quicquam
1588 2667 1800 2716 imponere
1819 2665 1951 2706 velim*

356 2734 427 2769 aut
443 2732 514 2781 qui
530 2733 569 2768 te
590 2744 701 2769 nunc
715 2732 830 2771 falsis
850 2733 1043 2772 laudibus
1062 2736 1310 2784 perunctum
1325 2734 1556 2772 demulcere
1577 2734 1637 2771 καὶ
1657 2736 1707 2773 εἷς
1724 2733 1792 2781 τὴν
1811 2735 1945 2781 φιλαυ-

356 2798 436 2834 τίαν
463 2798 564 2848 ἄγειν
588 2800 818 2846 pei-tentem
838 2814 846 2845 ;
876 2798 949 2837 abs
979 2812 1055 2849 qua
1079 2799 1291 2848 nimirum,
1315 2800 1397 2838 nisi
1420 2799 1550 2847 fallor,
1573 2799 1756 2838 alienum
1783 2800 1824 2837 te
1844 2811 1946 2837 sem-

967 2928 1037 2958 139.
1063 2919 1283 2950 exosculetur
1298 2922 1339 2950 H.

406 3015 473 3043 116.
501 3015 670 3055 inuitaui]
697 3017 748 3047 Cf.
771 3018 831 3057 Ep.
850 3028 924 3057 529.
1188 3029 1236 3050 12.
1255 3019 1340 3059 6673
1364 3018 1435 3049 and
1452 3021 1556 3057 Aday.
1576 3029 1647 3057 724.

405 3065 475 3094 137.
500 3056 573 3087 Διὸς
589 3058 724 3099 δέλτων]
752 3061 801 3091 Cf.
819 3062 899 3092 Luc.
916 3064 1005 3092 Mero.
1023 3065 1112 3093 Conci.
1231 3071 1305 3101 151.
1328 3061 1369 3092 τὰ
1384 3061 1480 3102 σῦκα]
1501 3062 1552 3094 Cf.
1566 3062 1648 3093 Luc.
1662 3063 1746 3092 Hist.
1762 3063 1877 3092 Conscr.
1893 3068 1944 3098 41.
