2010 3417
122 144 225 200 492]
282 147 436 187 FROM
465 149 691 188 ADRIAN
719 148 789 188 ΤΟ
818 148 1139 188 CORNELIUS
1168 149 1238 188 OF
1266 149 1581 188 BAARLAND
1633 149 1712 188 389

125 259 273 306 quater
300 270 324 296 a
351 257 625 297 nobilissimis
656 258 974 308 impressoribus
1006 258 1153 298 formis
1182 271 1381 298 excusum
1412 259 1488 299 sit:
1527 259 1712 310 primum
1731 273 1773 305 90

126 322 172 360 in
193 321 316 362 Italia
333 323 385 362 ab
402 323 513 362 Aldo
533 323 732 372 Manutio,
753 324 843 362 viro
862 326 1028 374 propter
1048 323 1297 374 singularem
1316 324 1530 375 vtriusque
1547 324 1712 375 linguae

129 387 362 426 doctrinam
408 388 598 426 omnium
639 389 840 427 memoria
880 389 1137 427 saeculorum
1175 389 1446 438 dIgnissimo;
1493 389 1638 429 deinde
1666 390 1712 429 in

132 452 354 491 Germania
380 452 446 491 bis
473 467 498 492 a
525 453 728 492 Frobenio
750 453 970 501 Basilaeae,
988 454 1117 492 semel
1145 453 1196 492 ab
1225 454 1427 492 Anselmo
1455 454 1709 504 Thubingae,

126 517 355 567 praecipuis
391 517 712 568 chalcographis.
783 518 1083 557 Circumfertur
1119 520 1161 556 et
1197 518 1367 557 libellus
1403 520 1628 559 concinnus
1665 533 1711 558 ac

122 581 261 620 breuis
294 583 356 621 De
393 583 698 622 constructione
735 584 825 622 octo
859 583 1042 633 partium
1079 582 1303 631 orationis;
1351 597 1473 634 quem
1500 584 1710 635 plaerique
1729 599 1768 632 95

124 648 275 696 putant
306 646 437 694 illius,
474 661 550 686 nec
586 648 674 697 ipse
712 648 756 685 in
794 649 930 686 totum
965 650 1097 697 negat.
1160 647 1267 686 Tum
1301 647 1490 688 Disticha
1522 649 1706 697 moralia,

124 712 250 761 vulgo
276 712 412 750 dictus
438 712 561 751 Cato:
591 713 712 751 Mimi
737 713 955 753 Publiani:
984 713 1236 751 Institutum
1261 713 1445 752 hominis
1471 713 1707 753 Christiani.

122 776 340 826 Leguntur
364 783 405 815 et
433 776 746 828 Epigrammata
770 778 983 828 quaedam,
1007 791 1109 827 quae
1136 777 1207 816 ille
1235 791 1317 816 non
1348 778 1559 817 inficiatur
1586 779 1637 818 ab
1666 792 1708 817 se

120 841 283 891 scripta,
307 842 377 880 sed
398 842 443 880 in
461 843 538 881 hoc
558 843 711 893 scripta
730 845 852 893 negat
869 845 916 882 vt
935 843 1164 881 ederentur.

173 906 410 945 Nouissime
436 907 602 947 Nouum
629 908 944 947 Testamentum
973 909 1124 947 Graece
1152 907 1278 946 simul
1301 921 1346 946 ac
1376 908 1523 946 Latine
1550 908 1710 957 primus

120 972 313 1011 omnium
341 972 462 1011 nobis
491 973 614 1021 dedit,
637 973 710 1012 illa
737 987 810 1012 sua
838 973 1019 1012 editione
1047 973 1097 1011 ad
1127 974 1312 1012 veterum
1339 972 1639 1023 exemplarium
1668 975 1710 1011 et

119 1037 398 1088 interpretum
429 1038 646 1088 vtriusque
681 1039 846 1089 linguae
884 1038 1148 1078 collationem
1181 1037 1398 1088 diligenter
1429 1037 1707 1086 emendatum,

122 1115 204 1141 vna
231 1116 327 1141 cum
355 1103 714 1151 annotationibus;
756 1104 864 1154 quod
895 1117 997 1154 opus
1025 1104 1131 1142 miro
1160 1103 1298 1142 studio
1326 1103 1434 1142 docti
1464 1103 1709 1153 candidique

121 1181 268 1207 omnes
299 1167 615 1217 amplectuntur.
675 1169 771 1208 Mox
804 1169 1114 1219 Hieronymum
1144 1168 1266 1207 nobis
1294 1170 1352 1208 sic
1380 1169 1565 1208 restituit
1595 1183 1709 1220 argu-

119 1234 274 1272 mentis
305 1235 346 1271 et
379 1233 549 1271 scholiis
582 1233 849 1282 illustratum,
882 1237 928 1273 vt
958 1234 1064 1273 alius
1092 1234 1224 1273 videri
1251 1235 1380 1284 possit
1409 1248 1480 1284 pre
1509 1249 1556 1274 eo
1586 1247 1708 1285 quem

120 1299 296 1338 antehac
314 1299 440 1348 vulgo
457 1298 719 1348 legebamus;
747 1299 918 1338 semotis
943 1299 1069 1337 etiam
1094 1299 1148 1338 iis
1178 1313 1280 1349 quae
1305 1300 1369 1338 illi
1386 1300 1490 1338 falso
1515 1299 1708 1338 inscribe-

119 1363 281 1413 bantur,
304 1366 343 1403 et
362 1364 532 1403 adiectis
551 1364 597 1402 in
623 1364 752 1403 libros
776 1364 1046 1414 epistolarum
1071 1365 1328 1414 argumentis
1353 1367 1394 1403 et
1419 1364 1589 1403 scholiis
1607 1378 1708 1415 quae

116 1427 328 1477 breuitate,
347 1429 447 1478 luce,
467 1429 670 1468 suauitate
689 1442 733 1468 ac
752 1430 890 1468 nitore
909 1429 1073 1468 dicendi
1090 1429 1194 1468 mire
1209 1430 1384 1480 placent.
1426 1430 1495 1468 Ad
1514 1429 1708 1480 legendos

118 1493 363 1534 vtilissimos
380 1495 477 1534 illos
501 1495 550 1533 de
573 1495 724 1545 quibus
749 1496 846 1534 ante
872 1495 958 1533 dixi
984 1495 1300 1534 commentarios
1323 1495 1372 1533 de
1391 1496 1563 1546 Vtraque
1583 1495 1709 1545 Copia

116 1572 200 1597 non
214 1561 314 1610 puto
334 1573 421 1599 esse
441 1573 543 1610 opus
557 1562 603 1599 vt
622 1562 663 1599 te
678 1560 868 1610 pluribus
881 1561 1140 1609 admoneam,
1156 1573 1286 1610 quum
1300 1560 1410 1600 vltro
1429 1559 1475 1598 in
1493 1560 1707 1599 Musarum

118 1624 251 1664 stadio
284 1624 484 1673 decurras,
517 1638 650 1674 neque
681 1626 767 1664 tam
801 1624 952 1663 calcare
983 1638 1108 1675 quam
1138 1625 1255 1663 freno
1285 1625 1484 1675 indigeas.
1541 1625 1709 1664 Praeter

118 1703 166 1728 ea
197 1704 299 1740 quae
330 1691 663 1739 commemoraui,
698 1691 893 1729 visuntur
923 1691 1079 1740 passim
1109 1690 1155 1728 in
1186 1690 1503 1739 bibliopolarum
1536 1689 1707 1728 officinis

117 1755 326 1805 Epistolae
344 1755 502 1805 aliquot
520 1755 685 1794 Erasmi
703 1756 755 1794 ad
774 1755 958 1794 illustres
976 1758 1018 1794 et
1037 1756 1188 1794 horum
1207 1755 1258 1793 ad
1282 1754 1416 1793 illum.
1477 1755 1706 1805 Impressae

118 1822 219 1859 sunt
248 1821 324 1874 hoc
352 1833 461 1859 anno
491 1820 555 1858 bis
582 1820 945 1859 adnotatiunculae
972 1820 1156 1859 eiusdem
1186 1820 1233 1858 in
1260 1819 1451 1858 libellum
1481 1820 1553 1869 qui
1580 1820 1708 1871 vulgo

118 1887 217 1925 Cato
258 1885 508 1925 inscribitur.
586 1885 713 1924 Hunc
755 1898 831 1924 nos
875 1885 1086 1935 discipulis
1129 1884 1285 1923 nostris
1327 1885 1621 1934 enarrauimus,
1661 1888 1708 1925 vt

116 1951 393 1990 sanctissimis
429 1951 656 2001 praeceptis
693 1964 836 1989 eorum
869 1950 1032 1989 animos
1063 1950 1113 1989 ad
1152 1951 1355 1989 virtutem
1387 1952 1430 1988 et
1460 1950 1623 2001 linguas
1655 1952 1706 1989 ad

115 2020 270 2056 rectam
298 2016 607 2066 eloquutionem
632 2016 928 2055 formaremus:
961 2029 1060 2056 nam
1084 2016 1264 2054 alterum
1288 2016 1378 2054 sine
1407 2016 1537 2054 altero
1565 2016 1706 2056 docere

116 2082 255 2121 verius
274 2095 532 2131 corrumpere
548 2094 673 2131 quam
689 2082 830 2120 docere
848 2084 922 2120 est.
967 2081 1165 2120 Senecam
1179 2081 1304 2120 etiam
1324 2094 1456 2131 nuper
1475 2082 1704 2131 castigauit,

117 2149 188 2197 qui
205 2148 404 2186 hactenus
420 2147 785 2196 deprauatissimus
798 2146 947 2186 extitit.
999 2147 1217 2185 Psalmum
1232 2146 1426 2197 primum,
1445 2146 1600 2185 Beatus
1614 2147 1701 2195 Vir,

117 2213 355 2252 doctissimo
392 2211 620 2250 illustrauit
657 2212 961 2251 commentario.
1025 2212 1059 2250 O
1095 2225 1172 2250 nos
1207 2211 1330 2261 plane
1366 2211 1518 2260 felices,
1556 2212 1704 2261 quibus

115 2277 250 2317 adhuc
282 2277 328 2316 in
360 2277 459 2316 flore
492 2277 627 2326 primo
660 2277 777 2315 omni
809 2290 858 2314 ex
892 2279 1005 2326 parte
1040 2276 1371 2316 absolutissimas
1400 2276 1705 2316 lucubrationes

114 2343 264 2392 videre,
286 2344 533 2381 contrectare
552 2355 597 2381 ac
616 2342 750 2392 legere
768 2341 1000 2392 contigerit.
1347 2381 1349 2383 ,

169 2406 284 2446 Haec
315 2408 401 2446 fere
433 2409 539 2456 sunt,
578 2407 818 2446 charissime
850 2406 986 2455 frater,
1021 2420 1123 2457 quae
1156 2407 1202 2445 in
1239 2420 1389 2446 manus
1422 2409 1585 2445 nostras
1617 2419 1704 2456 per-

114 2474 344 2520 uenerunt;
372 2472 531 2511 videbis
555 2473 804 2523 propediem,
827 2472 862 2510 si
888 2472 1051 2519 vixeris,
1074 2472 1166 2510 alia.
1226 2472 1334 2510 Nam
1361 2471 1541 2522 quotidie
1569 2471 1704 2510 adhuc

728 2569 799 2600 108.
826 2569 883 2599 Ad
900 2567 933 2599 C¹
948 2580 956 2599 t
979 2569 1029 2599 At
1046 2567 1093 2600 (1².

157 2664 211 2694 93.
235 2652 425 2694 Anselmo]
467 2653 518 2684 Cf.
556 2653 620 2693 Ep.
661 2663 736 2693 397.
805 2653 877 2684 His
991 2663 1061 2684 100.
1087 2651 1372 2692 Testamentum]
1396 2652 1483 2691 Epp.
1501 2661 1574 2691 373,
1593 2651 1669 2690 384.

115 2698 253 2729 edition
276 2697 314 2728 of
330 2697 392 2727 the
414 2698 543 2734 Adaqia
565 2696 595 2726 is
619 2696 726 2727 dated
750 2696 874 2727 March
989 2706 1059 2734 104.
1087 2694 1370 2736 Hieronymum]
1394 2694 1481 2735 Epp.
1499 2697 1574 2735 326,
1593 2696 1668 2734 396.

114 2751 206 2780 1514.
989 2749 1061 2778 109.
1087 2738 1188 2780 ante]
1211 2738 1236 2770 1.
1252 2747 1305 2777 51.

155 2794 209 2824 95.
234 2784 286 2815 De
301 2781 584 2824 constructione]
607 2783 672 2822 Ep.
687 2791 762 2821 341.
989 2791 1059 2821 113.
1085 2781 1264 2821 Epistolae
1306 2781 1346 2812 B.

156 2837 209 2866 97.
235 2826 337 2868 Cato]
362 2827 424 2866 Ep.
442 2826 514 2865 298.
989 2835 1059 2863 114.
1087 2824 1159 2865 bis]
1173 2824 1263 2856 BEr.
1295 2823 1476 2855 mentions
1489 2824 1702 2865 editionsby

155 2872 207 2910 98.
234 2869 518 2910 Epigrammata]
542 2869 616 2900 The
636 2869 716 2900 first
736 2867 874 2899 edition
945 2869 1100 2899 Schiirer
1123 2869 1164 2899 in
1183 2867 1305 2899 March
1323 2867 1396 2900 and.
1410 2868 1483 2899 Oct.
1506 2868 1610 2907 1516;
1638 2868 1700 2899 the

112 2914 151 2945 of
163 2915 263 2945 these
279 2924 352 2945 was
367 2913 558 2953 published
576 2914 614 2943 in
630 2912 872 2944 combination
941 2912 1073 2942 former
1088 2911 1108 2942 1
1122 2911 1210 2942 have
1226 2913 1289 2942 not
1306 2921 1399 2943 seen.

112 2958 204 2989 with
220 2957 285 2988 the
297 2959 493 2996 Adaqiorum
509 2959 691 2988 Collectanea
701 2956 781 2995 (Ep.
795 2955 871 2997 126)
986 2956 1056 2986 118.
1082 2954 1269 2996 Senecam]
1292 2955 1359 2995 Ep.
1374 2963 1449 2994 325.

113 3002 159 3041 by
176 3001 317 3041 Badius,
338 3001 358 3031 8
374 3000 456 3032 Jan.
477 3010 581 3040 1507;
603 3010 660 3031 see
673 2997 779 3030 BEr2.
987 3008 1056 3037 119.
1081 2997 1283 3039 Psalmum]
1307 2998 1371 3038 Ep.
1389 3008 1463 3038 327.

1731 925 1791 947 100

1730 1251 1788 1283 105

1731 1577 1790 1600 110

1727 1901 1788 1934 115

1726 2226 1786 2248 120
