2010 3417
130 139 230 194 337]
665 142 733 181 ΤΟ
771 142 996 181 MARTIN
1035 142 1187 181 DORP
1640 142 1716 181 109

129 251 366 291 doctoribus
395 251 466 302 qui
488 251 653 301 linguas
677 251 835 301 aliquot
859 251 1023 301 publice
1045 252 1265 301 traderent,
1289 265 1384 291 cum
1406 252 1455 291 de
1485 251 1717 302 sophistica.

128 317 179 356 de
202 316 442 356 Aristotelis
470 316 730 367 philosophia
752 316 1030 367 perdiscenda,
1055 330 1260 367 nusquam
1287 330 1472 367 vnquam
1501 316 1721 367 quicquam

130 384 186 422 sit
210 384 405 429 cautum3
439 382 519 421 nisi
542 382 650 433 quod
675 382 755 422 ista
782 382 827 421 in
856 382 1040 421 Decretis
1068 384 1269 421 vocantur
1297 382 1342 421 in
1371 382 1554 430 dubium,
1580 384 1721 421 vtrum
1740 389 1803 423 700

131 448 194 487 fas
213 447 267 487 sit
286 460 333 486 ea
353 447 508 487 discere
535 461 675 486 necne.
733 449 870 498 Atque
895 447 1047 486 horum
1073 448 1261 486 studium
1284 460 1307 485 a
1328 448 1474 486 multis
1495 461 1541 487 ac
1559 448 1723 498 magnis

131 512 347 552 autoribus
374 512 643 562 improbatur.
705 514 788 552 Cur
811 513 920 563 quod
944 512 1198 552 Pontificum
1222 513 1422 552 autoritas
1451 513 1572 553 iussit
1598 513 1723 564 negli-

132 579 293 629 gimus;
335 577 383 616 de
417 591 497 627 quo
531 576 770 616 dubitatum
806 579 879 624 est,
916 577 1000 616 imo
1034 578 1143 628 quod
1181 577 1471 628 improbatum,
1506 579 1549 617 id
1587 579 1723 618 solum

132 642 454 694 amplectimur?
509 642 753 691 Quanquam
784 641 894 680 idem
922 642 1015 681 istis
1043 643 1185 681 euenit
1213 642 1258 681 in
1289 643 1514 682 Aristotele
1543 644 1652 693 quod
1679 644 1723 683 in

133 708 290 748 diuinis
326 707 489 746 litteris.
559 707 692 745 Adest
730 708 883 757 vbique
918 707 1105 746 Nemesis
1142 707 1227 756 illa,
1262 709 1490 758 contempti
1521 709 1724 748 sermonis
1742 716 1802 749 705

132 774 260 814 vltrix
276 787 286 821 3
315 771 470 822 passim
489 773 529 810 et
549 771 615 810 hic
635 770 955 820 hallucinantur,
981 772 1204 820 somniant,
1229 773 1451 821 cecutiunt,
1471 773 1721 823 impingunt,

132 850 325 888 meraque
352 838 543 887 portenta
569 837 795 887 proferunt.
856 837 938 876 His
964 837 1138 887 egregiis
1166 837 1369 888 theologis
1391 837 1589 876 debemus
1615 839 1723 888 quod

131 917 181 944 ex
208 905 296 943 tam
324 901 470 941 multis
497 902 764 952 scriptoribus
795 916 896 952 quos
924 903 969 941 in
998 902 1183 953 catalogo
1210 904 1393 941 recenset
1428 902 1721 952 Hieronymus,

131 972 220 1009 tam
257 967 376 1019 pauci
413 967 633 1017 supersint,
674 968 771 1017 quia
809 968 1045 1007 scribebant
1087 967 1196 1018 quod
1235 967 1425 1018 magistri
1467 967 1598 1006 nostri
1641 980 1724 1006 non

132 1033 427 1084 intelligerent.
488 1032 569 1072 His
589 1032 787 1072 debemus
810 1034 918 1083 quod
945 1034 1093 1072 diuum
1120 1033 1428 1082 Hieronymum
1447 1033 1506 1071 sic
1525 1032 1724 1072 habemus
1744 1041 1805 1075 710

132 1099 405 1150 deprauatum
424 1111 470 1136 ac
489 1097 702 1142 mutilum,
720 1101 766 1137 vt
785 1099 878 1137 aliis
898 1098 993 1149 plus
1013 1112 1138 1150 prope
1158 1099 1316 1149 negocii
1335 1098 1389 1137 sit
1408 1098 1451 1137 in
1472 1098 1725 1137 restituendo

134 1178 260 1216 quam
279 1163 359 1214 ipsi
376 1163 501 1202 fuerit
519 1163 565 1202 in
583 1164 812 1203 scribendo.

188 1230 280 1269 Iam
316 1242 415 1268 vero
452 1228 561 1279 quod
597 1229 721 1268 tertio
759 1229 848 1268 loco
885 1230 1034 1269 scribis
1071 1230 1120 1268 de
1159 1229 1278 1268 Nouo
1316 1229 1593 1276 Testameuto,
1629 1241 1726 1267 sane

136 1295 316 1335 demiror
349 1294 447 1345 quid
481 1294 559 1332 tibi
593 1294 795 1343 acciderit,
833 1297 904 1333 aut
938 1308 1121 1345 quonam
1153 1294 1324 1333 interim
1355 1294 1726 1345 perspicacissimos

134 1359 292 1411 ingenii
319 1359 383 1398 tui
412 1359 549 1399 oculos
578 1360 788 1399 auerteris.
850 1360 968 1399 Nolis
997 1362 1214 1411 quicquam
1243 1373 1266 1398 a
1293 1373 1361 1398 me
1389 1359 1552 1407 mutari,
1582 1359 1664 1397 nisi
1692 1359 1727 1397 si
1746 1368 1804 1402 715

136 1425 235 1477 quid
254 1425 361 1464 forte
381 1424 435 1464 sit
454 1424 564 1474 apud
585 1425 758 1464 Graecos
778 1426 1082 1476 significantius
1100 1440 1108 1473 ;
1137 1427 1178 1464 et
1198 1438 1324 1475 negas
1343 1425 1387 1464 in
1407 1425 1483 1463 hac
1503 1437 1584 1475 qua
1601 1424 1726 1474 vulgo

135 1491 295 1531 vtimur
328 1490 533 1530 aeditione
566 1490 790 1541 quicquam
823 1504 909 1530 esse
938 1491 1042 1530 vitii.
1114 1491 1238 1530 Nefas
1270 1503 1357 1529 esse
1389 1492 1511 1541 putas
1544 1504 1632 1529 rem
1666 1492 1727 1528 tot

135 1556 392 1597 saeculorum
418 1568 630 1605 consensu,
653 1558 715 1595 tot
740 1556 913 1606 synodis
935 1555 1211 1607 approbatam,
1234 1555 1320 1595 vllo
1343 1558 1462 1605 pacto
1485 1555 1724 1595 conuellere.

137 1622 311 1662 Obsecro
340 1623 392 1669 te,
416 1620 452 1660 si
473 1634 572 1660 vera
600 1622 754 1670 scribis,
780 1622 1060 1661 eruditissime
1083 1621 1223 1672 Dorpi,
1250 1634 1324 1659 cur
1349 1621 1584 1671 frequenter
1612 1620 1730 1659 aliter

137 1689 237 1727 citat
266 1686 563 1736 Hieronymus,
599 1687 718 1725 aliter
751 1687 1026 1737 Augustinus,
1060 1687 1180 1725 aliter
1214 1686 1464 1725 Ambrosius
1497 1699 1622 1735 quam
1653 1698 1728 1724 nos
1747 1695 1808 1729 720

137 1752 316 1803 legimus
328 1753 349 1791 ‘?
386 1751 468 1790 Gur
488 1751 775 1801 Hieronymus
790 1753 922 1791 multa
941 1751 1205 1802 reprehendit
1221 1753 1262 1789 et
1282 1751 1448 1800 corrigit
1465 1750 1724 1797 nominatim,

139 1830 243 1868 quae
261 1819 402 1855 tamen
423 1816 469 1854 in
487 1816 564 1854 hac
584 1816 1012 1856 habentur'aeditione
1025 1819 1045 1856 ‘?
1102 1817 1209 1866 Quid
1229 1816 1352 1855 facies
1373 1829 1468 1854 cum
1487 1817 1576 1854 tam
1595 1815 1728 1854 multa

139 1881 416 1929 consentiunt,
439 1881 516 1919 hoc
545 1883 606 1920 est
631 1895 726 1920 cum
749 1895 867 1921 secus
890 1882 1045 1920 habent
1076 1883 1327 1921 Graecorum
1355 1881 1525 1929 codices,
1553 1894 1649 1920 cum
1678 1881 1728 1920 ad

138 1948 291 1987 horum
318 1946 530 1996 exemplar
557 1947 657 1985 citat
685 1948 978 1997 Hieronymus,
1001 1960 1096 1986 cum
1125 1948 1235 1986 idem
1264 1947 1419 1986 habent
1447 1946 1730 1987 vetustissima

139 2011 384 2052 Latinorum
421 2011 683 2061 exemplaria,
723 2025 818 2051 cum
856 2012 943 2062 ipse
980 2025 1126 2052 sensus
1163 2012 1297 2051 multo
1334 2011 1486 2051 rectius
1523 2012 1730 2062 quadrat?
1751 2021 1808 2055 725

141 2077 254 2116 Num
298 2076 364 2115 his
406 2076 599 2116 omnibus
640 2077 890 2128 contemptis
931 2079 1053 2116 tuum
1096 2077 1277 2128 sequeris
1319 2077 1501 2116 codicem
1542 2077 1729 2116 fortassis

139 2157 164 2183 a
191 2142 325 2182 scriba
354 2142 658 2192 deprauatum‘?
714 2143 855 2193 Neque
887 2157 986 2182 vero
1017 2143 1234 2193 quisquam
1264 2144 1470 2182 asseuerat
1499 2144 1543 2182 in
1574 2143 1730 2181 diuinis

139 2207 293 2247 litteris
314 2206 450 2246 Vllum
476 2220 562 2246 esse
585 2208 859 2256 mendacium,
882 2208 1218 2259 quandoquidem
1246 2210 1288 2246 et
1310 2208 1387 2246 hoc
1413 2208 1639 2247 adductum
1668 2210 1728 2247 est

140 2272 214 2312 abs
249 2274 320 2321 te;
366 2285 500 2322 neque
537 2274 675 2311 totum
711 2273 799 2320 hoc,
840 2273 889 2312 de
927 2287 1009 2324 quo
1046 2286 1143 2312 cum
1181 2272 1439 2322 Hieronymo
1481 2272 1731 2323 digladiatur

141 2338 415 2388 Augustinus,
439 2338 661 2388 quicquam
687 2339 738 2377 ad
761 2351 851 2376 rem
873 2339 1064 2388 pertinet.
1122 2339 1181 2377 At
1206 2338 1310 2377 illud
1336 2338 1424 2388 ipsa
1443 2351 1508 2376 res
1534 2337 1727 2384 clamitat,
1751 2347 1811 2381 730

142 2405 185 2442 et
203 2403 270 2442 vel
289 2416 417 2451 caeco,
440 2403 549 2454 quod
570 2403 699 2452 aiunt,
722 2406 859 2454 potest
884 2417 971 2443 esse
999 2405 1272 2455 perspicuum,
1297 2417 1390 2454 sepe
1409 2403 1476 2442 vel
1497 2403 1549 2442 ob
1568 2402 1731 2452 imperi-

142 2468 246 2506 tiam
274 2469 510 2518 interpretis
537 2469 603 2506 vel
634 2468 685 2507 ob
714 2469 976 2508 oscitantiam
1006 2470 1161 2508 Graeca
1189 2469 1298 2507 male
1326 2468 1485 2507 reddita
1513 2481 1611 2513 esse,
1637 2481 1730 2517 sepe

144 2545 384 2582 germanam
402 2546 447 2571 ac
461 2546 604 2572 veram
623 2533 842 2572 lectionem
858 2535 908 2573 ab
924 2534 1102 2573 indoctis
1117 2534 1297 2572 librariis
1312 2533 1440 2572 fuisse
1455 2533 1728 2582 deprauatam,

145 2598 188 2637 id
219 2598 326 2648 quod
358 2598 506 2636 cotidie
534 2598 723 2638 videmus
753 2599 940 2648 accidere,
973 2600 1190 2649 aliquoties
1215 2600 1419 2637 mutatam
1447 2611 1471 2636 a
1498 2597 1732 2636 semidoctis

145 2676 292 2713 parum
324 2662 507 2701 attentis.
562 2662 666 2701 Vter
695 2664 827 2713 magis
859 2664 969 2702 fauet
999 2663 1228 2710 mendacio,
1259 2662 1330 2712 qui
1359 2662 1459 2700 haec
1489 2662 1656 2712 corrigit
1686 2675 1731 2701 ac
1751 2670 1811 2705 735

146 2728 329 2768 restituit
347 2741 401 2766 an
420 2727 492 2777 qui
511 2727 634 2766 citius
652 2728 756 2766 ferat
775 2728 871 2766 addi
890 2728 1085 2766 mendam
1106 2740 1228 2777 quam
1247 2726 1371 2765 tolli?
1399 2727 1731 2777 quandoquidem

147 2807 196 2833 ea
226 2794 541 2843 deprauatorum
579 2794 726 2831 natura
754 2794 815 2831 est
842 2795 889 2831 vt
918 2793 1069 2831 menda
1097 2791 1290 2830 mendam
1328 2791 1480 2841 gignat.
1542 2792 1598 2830 Et
1636 2795 1731 2831 sunt

147 2859 231 2897 fere
251 2857 453 2897 eiusmodi
473 2870 572 2907 quae
587 2859 809 2904 mutamus,
830 2859 875 2895 vt
891 2857 940 2894 ad
957 2856 1189 2906 emphasim
1208 2856 1439 2905 pertineant
1458 2857 1591 2908 magis
1610 2870 1731 2908 quam

666 3002 738 3032 713.
755 2991 877 3033 tertio]
903 2991 965 3032 Ep.
985 3001 1059 3031 304.
1078 2991 1121 3022 86
1137 3000 1211 3030 seq.
