2010 3417
296 127 376 166 242
759 126 1010 166 LETTERS
1048 126 1118 165 OF
1153 125 1422 166 ERASMUS
1764 124 1888 179 [1516

732 268 927 324 3⁸³412424
987 268 1050 309 To
1082 268 1276 308 THOMAS
1306 267 1452 309 MoRE.

341 349 500 394 Farrago
519 361 553 393 p.
579 350 654 391 187.
1545 345 1772 394 <Brussels.>

341 405 378 439 F.
397 416 432 449 p.
452 415 542 449 324:
570 403 662 438 HN:
692 403 805 439 Lond.
826 402 886 439 vii.
906 414 973 438 22:
1004 402 1076 438 LB.
1095 403 1175 448 364.
1482 401 1534 448 (c.
1559 413 1578 446 3
1596 402 1694 438 June
1715 401 1840 449 1516.)

340 490 430 531 [The
452 490 681 520 mouth—date
698 489 769 520 and
786 490 885 529 place
901 499 968 520 can
986 490 1026 520 be
1042 489 1207 529 supplied
1220 489 1312 519 from
1329 488 1393 520 the
1410 488 1629 519 indications
1652 489 1691 519 of
1711 488 1888 521 Erasmus'

293 533 469 564 intended
485 535 709 564 movements
730 534 770 563 in
788 534 874 573 Epp.
892 543 966 572 410,
987 543 1015 573 1,
1034 533 1106 563 and
1129 533 1222 563 from
1246 531 1438 563 Tunstall's
1460 533 1591 562 arrival
1608 532 1647 572 (l.
1665 542 1707 571 54
1724 531 1778 572 n.)
1795 543 1802 571 ;
1825 533 1888 564 the
1937 562 1939 564 ,

293 577 380 609 final
396 577 593 617 paragraph
610 578 717 616 being
738 577 852 607 added
869 578 970 607 later.
1019 576 1167 607 Besides
1183 576 1270 616 Epp.
1289 585 1417 614 412-17
1435 575 1606 607 Erasmus
1624 578 1735 607 wrote
1751 575 1826 606 also
1842 577 1890 616 by

293 622 399 652 Peter
422 620 576 660 Meghen
592 620 631 660 (l.
655 621 712 660 43)
735 622 773 651 to
793 620 938 660 VVolsey
957 621 1036 660 (Ep.
1060 630 1135 658 424.
1156 619 1228 660 67),
1244 620 1417 650 VVarham
1433 619 1510 660 (Ep.
1535 629 1610 658 424.
1643 619 1713 659 26),
1739 619 1889 651 Ruthall

293 665 373 704 (Ep.
389 674 463 703 437.
486 664 529 705 1),
550 664 650 695 Colet
668 664 748 705 (Ep.
765 674 839 703 423.
859 665 902 702 1),
927 665 1046 695 Sixtin
1066 664 1146 704 (Ep.
1164 674 1239 702 430.
1261 662 1305 703 1),
1324 662 1475 693 Watson
1494 662 1575 704 (Ep.
1592 672 1666 702 450.
1687 664 1733 702 1),
1755 663 1889 703 Lupset

293 709 371 748 (Ep.
391 717 464 746 431.
483 718 502 746 5
518 708 587 738 and
604 707 652 749 9),
672 708 744 739 and
760 707 932 748 probably
949 707 1068 738 Bedill
1086 708 1166 746 (Ep.
1178 707 1278 745 426„
1302 707 1375 737 and
1393 707 1432 737 in
1449 706 1551 746 reply
1566 706 1719 745 Meghen
1734 707 1889 747 brought

291 752 379 783 back
395 752 484 792 Epp.
501 753 608 790 423-6
623 752 695 782 and
711 761 851 791 429-32,
872 751 1042 791 reaching
1056 751 1232 791 Antwerp
1249 751 1312 780 not
1328 750 1418 781 later
1430 749 1522 781 than
1539 761 1560 789 9
1576 750 1690 791 Ju1y.]

720 850 926 880 ERASMVS
955 851 1053 881 ROT.
1079 850 1205 880 MORO
1237 849 1320 879 SVO
1353 849 1384 878 S.
1414 850 1457 880 D.

344 932 549 971 CAETEms
582 933 755 980 aegroto,
793 931 873 970 tibi
905 931 978 970 vni
1006 931 1111 969 bene
1144 930 1273 969 valeo.
1333 929 1475 968 Gratia
1507 930 1667 980 superis
1698 942 1889 968 reuersus

289 1010 383 1036 sum
411 997 634 1035 incolumis
663 997 970 1046 Antuuerpiam
1002 996 1125 1034 tertio
1156 994 1359 1034 Calendas
1388 993 1543 1033 Iunias.
1602 995 1888 1033 Deliberatum

289 1064 375 1101 erat
411 1063 490 1100 iter
525 1063 656 1101 facere
688 1075 761 1112 per
791 1061 1118 1111 Lothoringiam.
1179 1060 1352 1109 Nanque
1386 1060 1437 1098 ad
1471 1062 1661 1098 montem
1692 1059 1885 1109 Caesaris,

290 1128 486 1177 oppidum
506 1128 549 1165 in
569 1127 731 1176 alpibus
753 1128 893 1174 situm,
920 1140 1201 1177 perueneram.
1259 1126 1418 1165 Verum
1437 1126 1509 1165 vbi
1528 1126 1713 1165 viderem
1732 1126 1888 1175 passim

252 1207 271 1238 5
289 1191 474 1230 militum
503 1205 654 1242 greges,
681 1193 856 1230 rusticos
884 1192 1039 1241 passim
1067 1205 1116 1229 ex
1145 1191 1255 1241 agris
1284 1190 1329 1228 in
1355 1190 1506 1240 oppida
1535 1190 1820 1239 commigrare,
1847 1192 1888 1229 et

288 1270 432 1295 rumor
446 1259 551 1296 esset
566 1258 788 1296 aduentare
808 1270 981 1295 manum
996 1257 1221 1306 ingentem,
1239 1255 1347 1295 verti
1361 1256 1582 1294 consilium
1599 1257 1640 1294 et
1654 1255 1887 1305 periculum

289 1336 372 1361 non
393 1323 519 1373 effugi
545 1323 615 1361 sed
635 1323 809 1361 mutaui.
866 1322 1060 1360 Coloniae
1083 1323 1230 1360 nactus
1255 1333 1349 1359 sum
1370 1323 1551 1359 oratores
1570 1321 1710 1368 Italos,
1736 1320 1888 1370 quibus

287 1388 471 1426 adiuncti
504 1388 754 1426 confecimus
785 1388 868 1426 fere
901 1386 1061 1437 equites
1091 1386 1307 1436 octoginta.
1367 1386 1451 1424 Nec
1485 1387 1560 1425 hoc
1591 1399 1766 1425 numero
1795 1386 1886 1425 sine

288 1453 470 1503 periculo
488 1453 661 1491 fecimus
680 1453 768 1491 iter.
1636 1499 1638 1501 Ι

232 1534 271 1556 1ο
341 1518 569 1568 Episcopus
595 1517 847 1567 Basiliensis,
872 1518 936 1555 vir
962 1517 1186 1555 admodum
1211 1517 1311 1554 natu
1339 1515 1517 1566 grandis,
1545 1516 1705 1566 integer
1731 1518 1772 1554 et
1797 1529 1884 1554 eru-

287 1584 407 1631 ditus,
430 1583 542 1622 dictu
566 1584 721 1621 mirum
748 1596 828 1633 qua
851 1595 917 1620 me
943 1582 997 1620 sit
1023 1581 1283 1619 humanitate
1308 1582 1558 1631 prosecutus,
1581 1581 1707 1619 homo
1729 1580 1884 1630 alioqui

286 1649 515 1687 multorum
554 1661 756 1686 consensu
793 1661 878 1686 non
916 1647 1141 1685 admodum
1175 1646 1407 1696 benignus3
1450 1659 1548 1685 nam
1580 1647 1693 1684 hunc
1726 1660 1885 1685 neuum

287 1714 499 1764 reperiunt
518 1713 561 1751 in
581 1715 670 1751 tam
689 1713 870 1752 formoso
889 1725 1068 1761 corpore.
1124 1711 1341 1760 Inuitauit,
1365 1712 1604 1761 complexus
1622 1713 1694 1759 est,
1718 1711 1886 1750 ornauit

286 1779 524 1818 testimonio
542 1779 657 1817 vocis
677 1791 784 1817 suae.
844 1777 1005 1815 Obtulit
1024 1776 1252 1826 pecuniam,
1275 1777 1500 1825 fortunam,
1525 1777 1697 1816 donauit
1715 1791 1885 1828 equum,

227 1861 263 1892 15
287 1858 412 1894 quem
425 1844 496 1883 vix
511 1846 673 1894 portam
688 1856 875 1894 egressus
891 1842 1033 1881 statim
1049 1841 1352 1892 quinquaginta
1366 1841 1536 1880 florenis
1556 1843 1691 1880 aureis
1705 1843 1885 1881 vendere

284 1910 411 1961 potui.
473 1910 696 1948 Parauerat
724 1909 921 1959 poculum
948 1909 1217 1958 argenteum
1255 1920 1402 1946 verum
1433 1908 1637 1946 aurifaber
1663 1907 1729 1946 illi
1757 1907 1884 1947 verba

285 1975 460 2022 dederat,
482 1975 524 2012 id
545 1974 654 2024 quod
680 1974 851 2024 indigne
876 1973 986 2012 tulit.
1046 1972 1199 2022 Eloqui
1217 1972 1288 2010 vix
1314 1985 1483 2022 possum
1504 1973 1759 2022 quantopere
1777 1973 1883 2012 mihi

285 2040 440 2089 placeat
471 2040 547 2078 hoc
581 2039 741 2078 coelum
772 2038 1010 2082 Basiliense,
1044 2040 1295 2088 quantopere
1324 2051 1457 2087 genus
1486 2038 1729 2076 hominum:
1773 2038 1883 2077 nihil

286 2105 370 2143 illis
389 2104 573 2152 amicius,
593 2104 703 2143 nihil
717 2104 943 2154 syncerius.
986 2104 1096 2152 Quot
1114 2117 1181 2141 me
1196 2102 1499 2142 comitabantur
1512 2103 1631 2152 equis
1645 2103 1879 2152 abeuntem,

227 2187 267 2210 20
285 2170 436 2220 quibus
455 2169 681 2219 lachrymis
696 2169 967 2207 dimiserunt!
1016 2169 1263 2218 Quanquam
1283 2169 1324 2207 et
1343 2168 1508 2207 aliunde
1522 2168 1779 2207 conditiones
1795 2181 1882 2207 non

283 2236 527 2274 inhonestae
541 2235 832 2273 offerebantur.
868 2234 1005 2272 Vnam
1018 2233 1235 2283 epistolam
1249 2233 1346 2271 misi
1359 2246 1408 2271 ex
1422 2246 1503 2283 qua
1514 2233 1667 2283 poteris
1680 2233 1881 2272 coniicere

284 2314 352 2339 me
381 2299 466 2339 non
495 2299 666 2338 omnino
695 2300 859 2349 fingere.
921 2299 1089 2336 Nouum
1109 2299 1426 2337 Testamentum
1454 2300 1496 2336 et
1524 2298 1575 2336 ab
1603 2298 1655 2337 iis
1684 2298 1882 2347 probatur

284 2379 386 2416 quos
413 2365 641 2404 arbitrabar
670 2365 849 2402 maxime
887 2363 1220 2402 calumniaturos.
1281 2363 1498 2402 Primariis
1527 2363 1734 2413 theologis
1761 2364 1880 2403 vehe-

284 2433 445 2470 menter
463 2431 606 2480 placet.
652 2429 927 2468 Enchiridion
947 2429 1053 2467 illud
1074 2428 1366 2467 exosculantur
1385 2442 1541 2467 omnes.
1585 2428 1636 2467 Id
1650 2428 1881 2479 Episcopus

225 2514 264 2545 25
283 2496 526 2535 Basiliensis
554 2508 717 2544 semper
742 2495 988 2533 circumfert.
1047 2494 1146 2533 Vidi
1171 2494 1379 2543 margines
1403 2493 1563 2532 omneis
1591 2493 1724 2543 ipsius
1752 2507 1881 2532 manu

282 2562 474 2612 depictas.
532 2560 612 2600 Sed
641 2560 784 2599 desino
812 2561 924 2608 haec,
953 2573 1005 2598 ne
1034 2559 1283 2609 gloriosulus
1311 2559 1476 2607 videar3
1505 2572 1742 2609 quanquam
1772 2559 1880 2610 apud

326 2675 357 2703 3.
381 2665 504 2704 Naque
527 2667 577 2695 E:
608 2664 758 2703 Nanque
774 2666 818 2694 F:
851 2662 995 2703 iamque
1016 2665 1057 2695 N.
1281 2671 1330 2694 12.
1356 2661 1552 2692 multorum
1574 2664 1618 2692 F:
1651 2662 1815 2692 omnium
1838 2662 1877 2693 Ε.

288 2718 370 2738 nam
387 2732 394 2739 .
415 2732 422 2740 .
439 2731 447 2740 .
467 2718 517 2747 13.
541 2717 684 2748 corpore
701 2710 774 2740 add.
794 2709 830 2738 F.
969 2717 1017 2745 14.
1043 2709 1088 2737 F:
1113 2715 1266 2745 aequum
1282 2708 1322 2737 E.
1370 2707 1412 2742 Cs.
1430 2708 1490 2742 Ep.
1506 2715 1581 2744 591.
1600 2705 1642 2734 26
1658 2715 1691 2737 n.

327 2817 357 2845 3.
397 2810 556 2838 montem
590 2805 767 2843 Caesaris]
815 2806 1047 2846 Kaisersperg
1162 2815 1213 2837 10.
1233 2836 1234 2839 ,
1258 2804 1486 2846 Basiliensis]
1541 2803 1778 2843 Christopher
1844 2802 1882 2834 of

285 2850 295 2885 «ζ
304 2850 341 2879 E.
373 2853 408 2880 in
437 2851 553 2889 marg.)
585 2852 624 2881 in
661 2850 723 2881 the
754 2850 893 2889 Vosges,
929 2860 946 2888 7
979 2859 1044 2881 ms.
1115 2848 1322 2880 Utenheim.

285 2893 374 2924 NW.
391 2893 428 2923 of
442 2894 593 2924 Colmar.
1162 2901 1211 2923 12.
1238 2890 1391 2931 neuum]
1417 2891 1470 2923 Cf.
1490 2890 1579 2921 Hor.
1600 2893 1632 2921 S.
1655 2900 1685 2920 1.
1700 2890 1731 2920 6.
1749 2890 1802 2928 67.

327 2936 357 2966 6.
388 2945 536 2967 manum
562 2936 762 2977 ingentem]
799 2936 851 2968 Cf.
883 2937 944 2976 Ep.
970 2937 1043 2976 469.
1158 2945 1210 2967 21.
1235 2933 1440 2974 epistolam]
1481 2933 1657 2973 Probably
1694 2932 1758 2972 Ep.
1790 2932 1877 2971 386;

284 2996 317 3016 ο·
1114 2978 1156 3010 cf.
1175 2978 1255 3009 that
1270 2978 1408 3010 introcl-
