2010 3417
343 153 397 192 84
810 151 1061 190 LETTERS
1101 151 1169 189 OF
1208 150 1473 188 ERASMUS
1814 146 1942 201 [1515

343 274 439 300 mus
459 260 544 299 fore
563 263 610 299 vt
630 259 978 310 quemadmodum
1007 257 1219 296 Samsonis
1244 258 1438 306 aenigma
1460 258 1544 296 iam
1563 258 1857 307 perspeximus,
1881 258 1941 296 ita

346 325 511 364 Christo
545 337 609 362 res
641 325 734 362 tuas
766 323 868 361 bene
898 323 1137 361 fortunante
1169 335 1267 360 mox
1301 323 1341 359 et
1368 321 1473 360 illud
1493 321 1799 372 Apocalypseos
1825 323 1871 362 in
1899 325 1944 361 te

268 405 329 436 140
346 389 529 439 quadret,
553 388 666 426 Vicit
689 388 771 426 Leo
798 388 847 426 de
875 386 988 425 tribu
1018 386 1133 425 Iuda.
1194 386 1428 436 Sapientiae
1454 386 1830 437 moderationisque
1847 390 1943 426 tuae

344 453 605 492 dulcedinem
624 453 709 491 iam
729 452 935 491 sensimus
955 464 1111 500 omneS,
1127 453 1168 490 et
1189 452 1370 491 Leonem
1388 451 1580 491 videlicet
1599 451 1723 491 illum
1742 452 1941 491 victorem

345 518 461 557 breui
481 518 770 568 spectabimus.

398 583 493 622 Hoc
512 583 633 622 nobis
652 583 702 621 de
722 585 762 621 te
777 582 1026 633 pollicentur
1039 582 1215 621 virtutes
1229 582 1334 621 istae
1353 585 1449 622 tuae
1467 584 1555 621 tam
1573 581 1916 632 incomparabiles
1932 597 1944 631 ς

344 649 422 687 1100
452 651 674 698 vtrumque
707 661 861 687 nomen
891 648 1114 696 ominatur,
1136 650 1178 687 et
1206 648 1316 698 quod
1345 649 1397 687 ad
1426 661 1640 687 summum
1668 647 1941 687 Pontificium

268 729 326 760 145
345 713 534 762 attulisti,
557 715 597 751 et
619 713 726 763 quod
747 714 906 752 creatus
936 713 1132 751 Pontifex
1152 713 1368 763 adoptasti.
1430 713 1603 752 Etenim
1623 726 1718 751 cum
1738 713 1941 752 Ioannem

345 778 539 817 audimus
558 791 604 817 ac
624 778 818 825 Leonem,
843 778 942 828 quid
968 778 1081 818 aliud
1108 778 1393 828 intelligamus
1417 792 1543 829 quam
1568 777 1766 816 eximiam
1785 777 1942 816 bonita-

344 847 431 883 tem
465 857 560 883 cum
593 844 752 883 inuicto
785 843 920 882 animi
958 844 1103 882 robore
1137 844 1436 882 coniunctam?
1493 843 1605 892 Quin
1633 843 1739 882 illud
1779 856 1944 893 quoque

342 910 443 948 felix
470 910 700 959 auspicium
727 909 877 948 habere
903 909 1082 957 videtur,
1102 908 1210 959 quod
1238 922 1323 947 non
1351 909 1488 948 solum
1518 909 1699 947 Leonem
1727 908 1940 954 habemus,

344 988 425 1025 quo
463 975 632 1014 nomine
670 974 813 1013 nullus
861 975 997 1013 adhuc
1042 974 1123 1013 fuit
1162 974 1380 1013 Romanus
1417 973 1614 1012 Pontifex
1651 987 1738 1012 non
1777 973 1942 1023 egregie

266 1054 326 1086 150
343 1040 545 1088 laudatus,
584 1053 732 1079 verum
763 1040 889 1078 etiam
923 1039 1104 1078 Leonem
1135 1039 1353 1078 decimum.
1413 1038 1523 1078 Nam
1561 1038 1756 1089 quicquid
1795 1038 1943 1088 ingens

342 1107 463 1154 esset,
492 1106 534 1143 id
565 1105 785 1143 decumum
813 1105 1048 1155 appellabat
1077 1104 1318 1154 antiquitas.
1378 1104 1559 1142 Proinde
1588 1103 1783 1154 quicquid
1810 1103 1942 1142 virtu-

343 1172 435 1209 tum
463 1170 508 1208 in
537 1169 713 1219 singulis
742 1169 950 1209 Leonibus
979 1169 1188 1217 excelluit,
1214 1169 1256 1208 id
1287 1171 1426 1208 totum
1454 1171 1718 1219 expectamus
1747 1182 1771 1207 a
1805 1168 1942 1207 Leone

344 1235 524 1274 decimo:
555 1235 691 1274 Primi
709 1235 862 1274 Leonis
882 1235 1044 1273 felicem
1070 1234 1360 1282 autoritatem
1389 1234 1568 1273 Secundi
1591 1234 1799 1273 eruditam
1818 1234 1944 1284 pieta-

343 1302 429 1339 tem
449 1302 490 1339 et
510 1313 645 1339 sacrae
665 1300 843 1338 musices
858 1299 1045 1338 studium
1063 1314 1071 1347 ;
1101 1299 1231 1338 Tertii
1249 1301 1410 1350 praeter
1425 1300 1646 1338 salutarem
1665 1298 1943 1349 eloquentiam

266 1381 326 1413 155
344 1365 534 1404 animum
554 1378 716 1415 quoque
735 1365 785 1403 ad
804 1367 1008 1415 vtranque
1032 1365 1242 1403 fortunam
1263 1364 1487 1403 infractum
1503 1379 1512 1413 3
1543 1365 1689 1414 Quarti
1707 1364 1943 1414 simplicem

344 1430 463 1468 illam
478 1432 519 1468 et
533 1442 555 1467 a
571 1430 735 1469 Christo
751 1430 963 1468 laudatam
978 1430 1266 1479 prudentiam3
1289 1429 1435 1478 Quinti
1451 1431 1638 1469 sanctam
1655 1429 1941 1476 tolerantiam3

346 1495 463 1534 Sexti
482 1496 595 1544 pacis
606 1494 760 1544 vbique
779 1495 1013 1533 sarciendae
1033 1495 1222 1533 studium
1238 1509 1247 1542 3
1278 1495 1452 1544 Septimi
1472 1494 1583 1533 coelo
1603 1495 1776 1545 dignam
1795 1494 1942 1532 sancti·

345 1561 530 1598 moniam
543 1574 553 1608 3
575 1559 722 1598 Octaui
736 1560 1018 1610 integritatem
1035 1575 1044 1608 3
1071 1560 1182 1598 Noni
1196 1560 1371 1598 effusam
1386 1559 1431 1598 in
1448 1560 1609 1598 omneis
1624 1559 1940 1610 benignitatem.

345 1624 460 1663 Haec
480 1626 651 1674 inquam
674 1625 813 1663 omnia
831 1625 950 1663 nobis
976 1625 1231 1674 promittunt
1256 1638 1342 1663 non
1362 1625 1497 1663 solum
1517 1625 1737 1664 nominum
1756 1624 1943 1674 ipsorum

266 1696 328 1729 160
346 1689 455 1728 haud
471 1702 676 1739 quaquam
693 1691 994 1728 contemnenda
1012 1690 1196 1739 auguria,
1214 1703 1361 1728 verum
1381 1690 1506 1728 etiam
1530 1690 1629 1728 haec
1645 1703 1749 1740 quae
1767 1690 1852 1728 iam
1871 1689 1945 1728 abs

345 1756 385 1792 te
414 1755 611 1804 praestita
639 1755 841 1802 videmus,
867 1768 967 1804 quae
996 1755 1188 1793 videmus
1217 1756 1416 1805 apparari.
1476 1755 1631 1793 Felices
1659 1768 1796 1793 rerum
1825 1768 1943 1794 orsus

345 1819 510 1858 felicem
538 1820 794 1869 portendunt
823 1820 994 1859 exitum.
1055 1820 1184 1859 Porro
1212 1821 1408 1859 victoriae
1442 1833 1558 1870 spem
1587 1820 1663 1859 hoc
1692 1821 1813 1859 nobis
1845 1820 1943 1859 facit

345 1885 575 1933 certiorem,
590 1885 700 1934 quod
720 1886 877 1934 optime
896 1885 1094 1935 perspicit
1114 1885 1318 1935 sapientia
1338 1888 1417 1934 tua,
1432 1888 1479 1925 vt
1499 1887 1561 1924 est
1576 1886 1743 1935 gemina
1755 1885 1940 1933 victoria,

346 1951 405 1988 ita
434 1949 595 1988 bellum
628 1963 791 2001 quoque
828 1951 1045 2001 geminum
1083 1964 1197 1989 esse:
1241 1951 1421 1990 alterum
1452 1965 1548 1990 cum
1581 1951 1708 1999 vitiis,
1739 1951 1943 1989 nimirum

269 2021 328 2065 165
347 2015 537 2053 omnium
556 2015 911 2064 pestilentissimis
931 2018 972 2054 et
986 2016 1095 2054 haud
1112 2016 1196 2055 scio
1215 2029 1268 2054 an
1283 2017 1381 2055 50115
1397 2016 1658 2056 Christianae
1676 2015 1947 2066 professionis

346 2079 563 2126 hostibus;
604 2079 780 2118 alterum
814 2093 911 2119 cum
948 2081 1091 2130 impiis
1124 2082 1166 2119 et
1203 2081 1387 2119 barbaris
1419 2081 1647 2120 Christiani
1679 2080 1864 2119 nominis
1900 2082 1942 2119 et

347 2145 558 2182 Romanae
578 2144 689 2183 sedis
714 2144 908 2183 inimicis.
969 2146 1032 2183 Ac
1060 2146 1176 2195 prius
1204 2146 1374 2196 quidem
1402 2145 1506 2184 illud
1535 2148 1580 2185 vt
1605 2145 1738 2195 magis
1763 2158 1946 2184 necessa·

347 2209 458 2246 rium
489 2210 561 2257 est,
583 2209 641 2247 ita
667 2211 708 2247 et
736 2209 858 2260 longe
888 2210 1096 2249 difficilius
1125 2212 1166 2248 et
1194 2223 1217 2248 a
1246 2210 1368 2249 nobis
1394 2211 1574 2248 maxime
1599 2210 1792 2260 pendens,
1815 2223 1943 2260 eoque

348 2273 503 2312 maiore
522 2274 787 2312 tractandum
814 2287 920 2313 cura.
983 2275 1100 2323 Quod
1126 2274 1252 2313 simul
1278 2276 1400 2325 atque
1425 2288 1448 2314 a
1471 2275 1591 2313 nobis
1611 2276 1689 2313 rite
1708 2275 1943 2314 confectum

265 2356 331 2391 170
348 2339 486 2386 fuerit,
507 2339 713 2388 posterius
732 2339 810 2377 hoc
829 2339 948 2378 facile
970 2340 1133 2378 Christo
1153 2340 1380 2378 auxiliante
1401 2340 1652 2379 conficietur.

403 2404 459 2442 Vt
478 2417 529 2442 ne
550 2404 685 2443 dicam
705 2404 874 2443 interim
893 2405 1109 2455 vtriusque
1128 2404 1229 2443 belli
1249 2405 1371 2455 longe
1393 2405 1601 2444 diuersam
1621 2418 1709 2444 esse
1729 2405 1941 2453 rationem,

347 2467 526 2507 alterum
548 2470 612 2507 est
634 2469 838 2508 eiusmodi
856 2471 903 2508 vt
931 2483 954 2508 a
981 2470 1101 2508 bonis
1126 2470 1340 2509 nonnullis
1366 2470 1639 2520 improbetur,
1659 2470 1837 2510 alterum
1860 2484 1943 2510 vno

347 2536 593 2572 cunctorum
627 2547 696 2572 ore
730 2534 961 2574 laudatum.
1020 2535 1127 2574 Nam
1161 2536 1211 2574 ad
1245 2535 1402 2574 bellum
1440 2549 1536 2574 cum
1569 2536 1683 2575 vitiis
1715 2536 1943 2587 gerendum

346 2599 459 2637 haud
494 2598 616 2637 dubie
649 2599 893 2638 adhortatur
931 2600 1133 2649 Christus,
1165 2600 1384 2640 extimulat
1417 2601 1599 2649 Paulus3
1641 2604 1682 2640 at
1713 2601 1814 2640 belli
1847 2614 1943 2641 cum
1972 2650 1975 2653 Α

395 2713 466 2743 139.
500 2713 584 2734 mox
607 2727 614 2734 .
642 2726 649 2734 .
677 2727 685 2734 .
711 2705 971 2745 Apocalypseos
995 2710 1051 2737 A:
1080 2705 1275 2745 aliquando
1297 2717 1326 2737 α.
1507 2717 1576 2745 141.
1610 2707 1778 2738 videlicet
1801 2709 1872 2738 aclsl.
1897 2709 1938 2738 A.

353 2757 422 2786 143.
451 2747 529 2778 Hoc
546 2771 553 2777 .
573 2770 580 2777 .
601 2770 608 2777 .
634 2748 704 2786 163.
729 2749 905 2788 sapientia
922 2751 983 2780 tua
997 2752 1071 2781 add.
1092 2753 1122 2780 A
1141 2752 1232 2791 (143.
1249 2751 1324 2780 tam
1340 2752 1370 2780 A
1387 2761 1394 2781 :
1422 2750 1493 2781 iam
1510 2753 1566 2789 H).
1714 2752 1784 2789 163.
1807 2753 1860 2780 est
1876 2772 1884 2780 .
1905 2774 1912 2781 .
1930 2773 1938 2781 .

353 2791 422 2828 164.
450 2800 524 2821 esse
541 2792 570 2820 A
588 2801 595 2821 z
618 2791 803 2830 geminum
816 2792 961 2833 bellum,
977 2794 1029 2823 ita
1042 2793 1184 2833 gemina
1200 2793 1349 2824 victoria
1367 2805 1397 2825 α.
1491 2795 1561 2832 164.
1589 2794 1763 2824 nimirum
1778 2793 1941 2824 omnium

349 2836 420 2863 adel.
437 2836 478 2863 A.
628 2835 700 2873 165.
727 2836 763 2865 et
779 2859 787 2866 .
807 2859 815 2866 .
835 2858 843 2866 .
864 2836 947 2867 50115
963 2839 1036 2867 add.
1056 2839 1097 2867 A.
1250 2838 1319 2876 167.
1344 2837 1396 2867 Ac
1411 2840 1441 2867 A
1458 2848 1465 2867 t
1488 2838 1536 2868 At
1553 2849 1583 2868 α.
1740 2837 1810 2867 168.
1838 2836 1941 2875 longe

349 2879 424 2906 arlcl.
441 2879 482 2908 A.
580 2878 650 2908 168.
671 2887 779 2917 eoque
794 2904 801 2910 .
818 2902 825 2910 .
841 2902 849 2910 .
869 2881 942 2919 169.
968 2889 1052 2910 cura
1068 2881 1140 2911 add.
1157 2883 1197 2911 A.
1300 2882 1372 2920 169.
1389 2880 1490 2921 Quod
1502 2883 1531 2911 A
1548 2892 1555 2911 :
1579 2880 1670 2920 Quos
1682 2891 1711 2912 α.
1805 2889 1875 2918 171.
1893 2880 1942 2911 Vt

351 2928 395 2949 ne
413 2943 419 2949 .
440 2943 447 2949 .
468 2945 473 2950 .
495 2921 563 2957 184.
592 2923 737 2952 senatus
753 2925 826 2953 add.
846 2925 886 2953 A.

908 3006 979 3036 139.
998 2997 1274 3038 Apoealypseos]
1301 3007 1331 3036 5.
1352 3007 1379 3036 5.
