2010 3417
273 167 356 205 340
737 162 994 202 LETTERS
1032 162 1100 200 OF
1139 161 1405 200 ERASMUS
1743 158 1872 213 [1516

269 290 322 314 ne
350 277 489 324 optare
519 273 686 323 quidem
714 272 896 322 potuerit
933 271 1124 321 amplius,
1157 270 1240 309 nisi
1267 272 1314 309 vt
1342 270 1465 309 verba
1492 269 1565 308 illa
1592 271 1680 308 tam
1709 270 1872 320 egregia

269 340 492 389 aliquando
530 338 654 377 rebus
691 339 915 388 exaequet;
959 337 1001 376 id
1036 337 1147 387 quod
1184 337 1353 386 expecto
1386 336 1428 374 et
1458 334 1575 373 breui
1606 335 1648 372 et
1681 334 1874 384 ampliter

270 405 490 443 facturum.
547 404 680 442 Tuam
700 403 921 453 pecuniam
941 416 1021 452 que
1040 401 1149 452 apud
1168 414 1236 440 me
1255 400 1440 451 deposita
1459 402 1531 447 est,
1554 412 1673 438 meus
1693 398 1873 438 Ioannes

269 470 320 509 ad
336 470 425 508 diui
439 468 653 508 Michaelis
667 469 800 508 tradet
814 468 990 518 Aegidio
1006 482 1015 516 3
1045 480 1144 505 nam
1158 468 1254 505 ante
1270 466 1312 504 id
1327 466 1482 504 festum
1496 478 1581 504 non
1596 466 1658 503 est
1672 465 1873 503 venturus

213 547 252 569 20
269 534 571 585 Antwerpiam.
634 534 678 572 Si
697 534 794 573 edas
812 533 982 583 posthac
1001 533 1316 583 Epigrammata
1337 544 1439 579 mea,
1462 533 1509 569 tu
1528 530 1714 581 expende
1734 530 1874 568 tecum

268 614 321 639 an
342 603 464 650 putes
483 613 530 638 ea
548 599 774 649 premenda
794 612 873 649 que
893 599 1038 648 scripsi
1063 597 1108 636 in
1128 596 1346 647 Bryxium,
1369 609 1518 647 nempe
1538 596 1584 634 in
1604 595 1755 645 quibus
1774 596 1874 633 sunt

268 667 470 716 quaedam
496 665 820 704 amarulentiora
837 679 846 712 3
877 676 1115 715 quanquam
1134 662 1267 702 videri
1285 662 1442 713 possim
1461 662 1512 701 ab
1533 660 1608 700 illo
1626 662 1874 711 prouocatus

269 732 467 770 conuiciis
495 730 617 770 dictis
646 731 690 769 in
717 730 907 781 patriam.
963 730 1132 777 Tamen,
1165 730 1211 767 vt
1243 728 1340 774 dixi,
1370 730 1417 766 tu
1447 727 1549 767 haec
1577 727 1803 777 consydera
1832 727 1873 764 et

269 797 447 847 denique
481 796 621 835 omnia
650 809 753 846 quae
786 794 952 846 putabis
989 794 1205 833 inuidiosa.
1263 793 1308 832 Si
1338 807 1417 843 que
1449 792 1536 832 sint
1567 794 1777 843 praeterea
1805 790 1876 830 vel

210 872 249 905 25
269 863 418 913 Inepta,
441 876 487 901 ea
512 861 570 900 sic
593 862 765 911 dispone
791 861 933 900 omnia
952 862 999 899 vt
1025 873 1074 898 ex
1094 873 1172 899 vsu
1192 873 1286 898 meo
1306 858 1493 897 censebis
1517 859 1627 897 fore:
1658 858 1809 909 quippe
1828 858 1875 895 vt

270 927 557 976 Quintilianus
582 926 639 964 ait
659 927 855 965 Senecam
878 939 965 965 esse
995 939 1092 964 eum
1113 938 1237 975 quem
1255 925 1383 964 vellet
1406 938 1481 963 suo
1507 924 1674 974 ingenio
1699 921 1879 961 scribere

269 995 309 1031 et
337 992 475 1031 alieno
504 992 670 1038 iudicio,
692 992 751 1031 ita
780 1005 855 1042 ego
884 992 920 1029 is
949 1004 1043 1029 sum
1065 1005 1189 1040 quem
1217 990 1439 1029 conueniat
1467 989 1644 1029 scribere
1672 990 1713 1027 et
1739 987 1876 1026 alieno

267 1058 420 1097 iudicio
446 1059 485 1096 et
517 1071 603 1096 non
631 1070 722 1096 meo
745 1057 922 1108 ingenio.
979 1056 1084 1095 Vale
1110 1058 1150 1095 et
1171 1056 1219 1095 D.
1243 1056 1419 1095 Tunstal
1438 1069 1484 1094 ac
1503 1055 1722 1094 dominum
1742 1052 1880 1092 Busli-

270 1124 387 1163 dium
408 1124 542 1162 saluta
562 1136 655 1162 meo
676 1124 856 1162 nomine.
918 1123 1090 1172 Raptim
1111 1122 1296 1161 Londini
1319 1130 1361 1172 3²¹
1382 1122 1589 1172 Septemb.

714 1272 851 1326 462469
912 1270 975 1312 ΤΟ
1006 1271 1227 1313 WILLIAM
1260 1271 1430 1312 NESEN.

317 1353 371 1387 De
389 1351 518 1397 Copia,
537 1351 598 1386 tit.
618 1356 668 1386 v0.
1542 1352 1733 1397 Antwerp.

1446 1419 1463 1455 5
1485 1410 1706 1455 September
1727 1410 1827 1455 1516.

318 1488 367 1531 [A
384 1489 492 1520 letter
507 1489 657 1520 written
672 1491 709 1520 to
725 1499 945 1530 accompany
961 1499 981 1520 a
996 1499 1076 1520 new
1093 1489 1232 1520 edition
1248 1490 1286 1521 of
1298 1491 1361 1521 the
1376 1493 1420 1521 De
1437 1493 1529 1529 Copia
1546 1491 1627 1531 (Ep.
1645 1491 1737 1531 260),
1756 1490 1874 1531 Basle,

271 1532 420 1572 Froben,
440 1533 545 1572 April
572 1542 652 1572 1517
672 1533 733 1574 (a).
782 1533 921 1564 Froben
945 1532 1117 1564 included
1142 1533 1170 1564 it
1195 1533 1270 1564 also
1294 1534 1333 1564 in
1360 1535 1474 1565 issues
1501 1534 1539 1565 of
1559 1534 1683 1566 March
1704 1543 1786 1573 1519
1803 1534 1871 1575 (Blj,

270 1577 343 1607 and
360 1576 441 1607 Feb.
464 1585 544 1615 1521
564 1576 632 1617 (13²)
648 1588 656 1616 ;
680 1577 745 1607 but
762 1577 802 1607 in
818 1577 877 1607 his
892 1577 1029 1608 edition
1048 1577 1087 1608 of
1099 1576 1181 1617 May
1199 1578 1291 1617 1526,
1311 1578 1419 1609 when
1436 1578 1605 1609 Erasmus
1620 1587 1694 1609 was
1715 1580 1750 1608 at
1768 1578 1874 1609 Basle

269 1620 341 1651 and
359 1621 477 1652 Nesen
493 1620 592 1659 dead,
605 1621 635 1651 it
652 1630 722 1652 was
738 1620 902 1659 omitted,
917 1621 1061 1660 leaving
1077 1621 1138 1651 the
1152 1630 1254 1652 verso
1271 1621 1309 1652 of
1321 1621 1384 1652 the
1402 1621 1483 1653 title
1496 1622 1606 1653 blank
1621 1633 1629 1661 3
1654 1622 1727 1652 and
1743 1622 1772 1653 it
1788 1622 1874 1653 does

271 1665 335 1695 not
352 1673 483 1704 appear
498 1663 632 1705 again.]

270 1772 477 1804 ERASMVS
507 1774 842 1804 ROTERODAMVS
874 1774 1127 1805 GVILIELMO
1157 1773 1332 1804 NESENO
1358 1774 1637 1805 NASTATENSI
1668 1775 1752 1806 SVO
1777 1775 1811 1806 S.
1834 1776 1875 1807 D.

324 1855 426 1894 SIVE
457 1857 503 1893 tu
534 1856 641 1894 istuc
677 1855 828 1894 iudicio
860 1856 974 1903 facis,
1009 1855 1165 1906 optime
1197 1856 1370 1904 Nesene,
1403 1855 1492 1894 siue
1527 1857 1664 1896 studio
1699 1858 1877 1907 quodam

269 1921 422 1959 amoris
450 1934 545 1970 erga
574 1934 641 1959 me
670 1920 745 1968 tui,
768 1923 878 1960 certe
903 1922 954 1960 de
974 1921 1099 1971 Copia
1128 1921 1491 1960 commentariolos
1515 1923 1689 1961 antehac
1716 1925 1758 1962 οὐ
1783 1925 1879 1962 πάνυ

270 1987 469 2036 ἐρασμίους
486 1987 661 2025 Erasmo
678 1987 957 2032 commendas,
976 1987 1077 2025 dum
1098 1986 1193 2026 illos
1212 1987 1270 2025 sic
1290 1987 1484 2026 laudibus
1498 1988 1626 2037 vehis,
1645 1989 1701 2027 sic
1718 1989 1876 2036 ediscis,

269 2052 329 2089 sic
358 2051 443 2090 tuis
471 2051 673 2102 praelegis
701 2054 746 2091 vt
778 2053 912 2102 magis
942 2052 1026 2091 iam
1056 2052 1119 2091 tui
1148 2052 1235 2091 sint
1264 2053 1510 2102 vsucapione
1539 2067 1663 2104 quam
1693 2054 1775 2092 mei
1806 2056 1878 2105 qui

232 2128 250 2161 5
269 2117 494 2167 genuerim.
554 2116 637 2155 Eos
666 2117 803 2167 igitur,
833 2117 891 2156 ita
917 2120 964 2156 vt
986 2117 1164 2163 volebas,
1190 2118 1412 2167 recognoui
1440 2118 1552 2156 inter
1580 2119 1875 2170 nauigandum,

271 2195 324 2220 ne
339 2182 407 2220 vel
426 2182 503 2220 hoc
522 2182 721 2232 temporis
740 2182 848 2220 mihi
866 2196 1034 2232 prorsus
1053 2183 1203 2233 periret
1224 2197 1247 2222 a
1266 2183 1427 2222 studiis.
1475 2184 1586 2222 Tuae
1605 2186 1741 2234 partes
1756 2188 1878 2224 erunt

271 2259 411 2285 curare
426 2248 472 2285 vt
489 2247 760 2286 Frobenianis
780 2248 971 2286 formulis
992 2249 1233 2287 maiusculis
1249 2262 1374 2299 quam
1395 2248 1729 2288 emendatissime
1749 2250 1878 2289 simul

269 2313 311 2350 et
342 2312 593 2350 nitidissime
624 2326 768 2352 rursus
801 2315 949 2352 exeant
978 2314 1024 2352 in
1052 2314 1294 2364 publicum;
1334 2327 1415 2364 quo
1443 2314 1520 2352 hac
1550 2327 1647 2352 sane
1675 2315 1877 2364 placeant.

271 2377 309 2415 si
335 2377 566 2416 eruditione
594 2390 743 2427 parum
771 2379 1118 2417 commendantur
1148 2378 1304 2417 lectori.
1361 2379 1475 2417 Bene
1505 2379 1607 2427 vale,
1638 2380 1879 2420 charissime

216 2454 255 2476 10
273 2441 447 2481 Nesene.

326 2507 622 2557 Antuuerpiae.
681 2507 812 2547 Nonis
833 2508 1062 2559 Septembr.
1123 2510 1250 2547 Anno
1270 2521 1292 2546 a
1312 2509 1477 2548 Christo
1498 2511 1593 2548 nato
1613 2523 1788 2550 M.D.XV1.

351 2614 426 2644 461.
456 2614 507 2644 16.
533 2614 571 2643 vt
589 2623 648 2645 om.
666 2615 721 2644 LB
732 2623 906 2650 perpercmz.
1044 2615 1119 2646 462.
1146 2624 1209 2645 TIT.
1234 2624 1442 2646 NASTATENSI
1456 2626 1494 2646 a:
1521 2625 1747 2647 NASTAmEnffl
1762 2618 1796 2651 β.

319 2713 394 2744 461.
424 2713 472 2743 18.
504 2711 676 2752 Ioannes]
707 2712 886 2753 Probably
919 2713 1042 2744 More:
1161 2714 1236 2744 46⁶2.
1263 2723 1293 2752 5.
1329 2714 1426 2744 inter
1456 2714 1717 2755 nauigandum]
1749 2716 1879 2747 Either
1934 2696 1937 2699 -

275 2757 319 2787 cf.
340 2757 403 2796 Ep.
425 2766 498 2795 243.
518 2767 537 2786 2
555 2766 591 2787 n.
1112 2766 1159 2787 on
1182 2757 1243 2788 his
1264 2767 1345 2796 way
1367 2757 1475 2788 down
1495 2759 1558 2788 the
1581 2758 1698 2789 Rhine
1722 2759 1761 2790 in
1784 2759 1876 2799 May,

318 2810 371 2830 20.
396 2799 682 2840 Epigrammata]
700 2799 752 2831 Of.
773 2800 837 2839 Ep.
857 2810 932 2839 424.
949 2801 988 2830 81
1004 2811 1040 2832 n.
1113 2810 1153 2831 or
1190 2811 1236 2832 on
1278 2801 1340 2831 the
1368 2800 1525 2841 journey
1560 2801 1651 2832 from
1687 2802 1805 2833 Calais
1841 2805 1878 2833 to

275 2843 376 2881 They
391 2852 485 2873 were
510 2843 656 2883 printed
673 2844 719 2883 by
735 2843 873 2874 Froben
897 2844 935 2874 in
960 2854 1042 2874 con·
1110 2844 1300 2884 Antwerp,
1320 2847 1400 2884 part
1424 2844 1462 2875 of
1481 2844 1603 2876 which
1627 2855 1698 2876 was
1722 2846 1877 2886 perhaps

274 2885 443 2924 junction
459 2887 553 2917 with
570 2887 632 2917 the
656 2889 776 2925 Utopia,
793 2887 916 2917 March
937 2887 1038 2926 1518:
1110 2887 1214 2918 made
1231 2888 1278 2927 by
1296 2889 1411 2927 barge.

277 2938 336 2958 see
354 2929 416 2968 Ep.
436 2939 500 2968 550
517 2930 649 2960 introd.
1155 2941 1183 2969 7.
1251 2931 1558 2972 emendatissime]
1611 2932 1678 2962 For
1730 2932 1878 2963 Nesen’s

323 2980 374 3001 21.
398 2973 438 3002 in
455 2973 648 3014 Bryxium]
674 2973 726 3005 Cf.
745 2974 808 3014 Ep.
828 2984 902 3005 212.
925 2984 938 3004 1
959 2985 993 3005 n.
1111 2975 1276 3014 previous
1314 2975 1575 3015 shortcomings
1613 2985 1669 3006 see
1707 2975 1772 3014 Ep.
1804 2984 1869 3015 325

322 3016 374 3045 26.
403 3014 668 3056 Quintssianus]
703 3020 784 3048 lust.
806 3027 854 3048 10.
876 3027 902 3048 1.
922 3027 993 3056 130.
1112 3017 1244 3049 introd.
