2010 3417
300 164 376 202 158
757 160 1005 201 LETTERS
1043 160 1113 199 OF
1151 159 1418 201 ERASMUS
1755 159 1879 214 [1515

258 280 274 312 5
294 273 333 309 te
365 274 404 308 et
424 268 730 308 honestissimis
756 267 946 317 negociis,
967 269 1014 306 vt
1040 279 1128 305 rem
1153 267 1399 306 litterariam
1424 268 1469 306 in
1492 271 1633 307 nostra
1658 269 1880 310 Germania

294 336 541 373 crescentem
565 347 639 383 pro
665 334 761 372 nisu
787 332 967 379 adiuues,
993 331 1196 382 impediri,
1228 334 1275 370 vt
1301 332 1409 370 nihil
1433 332 1589 371 mirum
1608 333 1664 372 sit
1692 333 1729 372 si
1747 334 1880 374 rarius

291 399 452 445 scribas,
480 398 693 448 praecipue
727 398 778 437 ad
812 397 1026 436 hominem
1054 396 1177 447 plane
1199 396 1408 447 exiguum,
1431 397 1497 436 cui
1524 398 1625 436 satis
1650 397 1706 436 sit
1730 398 1766 436 si
1799 399 1881 437 mei

288 463 506 514 aliquando
525 463 592 502 vel
611 463 735 502 verbo
755 463 1005 502 memineris.
1075 462 1269 502 Ceterum
1295 462 1404 512 quod
1428 463 1616 513 proxima
1634 465 1706 502 tua
1725 462 1882 513 elegan-

289 529 450 567 tissima
477 528 650 578 epistola
669 527 827 578 nuptiis
851 527 961 566 filiae
987 540 1102 566 meae
1127 527 1230 566 bene
1257 529 1447 577 precatus
1473 541 1525 576 es,
1561 528 1606 566 in
1630 528 1765 568 vicem
1795 540 1879 568 non

233 595 371 632 10iam
401 593 555 632 ominis
587 593 657 631 sed
687 593 754 632 vel
787 593 943 632 oraculi
975 593 1140 642 accipio,
1163 594 1364 643 tanquam
1394 606 1417 632 a
1448 593 1522 631 deo
1551 592 1692 643 aliquo
1721 592 1878 631 bonum

215 2229 253 2262 35

286 658 390 697 illud
417 659 520 697 felix
550 660 590 696 et
618 658 801 697 faustum
830 657 1069 705 emerserit;
1107 657 1254 696 diuum
1283 658 1396 696 enim
1422 658 1577 697 honore
1607 658 1811 708 quomodo
1837 660 1880 696 te

286 737 371 762 non
403 724 644 773 praedicem,
679 723 724 762 in
758 736 838 773 quo
871 723 1066 774 quicquid
1094 722 1316 773 pulchrum
1353 723 1486 761 diuini
1523 724 1565 761 et
1601 723 1776 762 humani
1812 723 1880 762 vel

286 789 396 827 Deus
422 789 488 828 vel
512 790 662 827 natura
687 802 904 839 congerere
931 788 975 826 in
998 788 1211 827 viuentem
1239 788 1387 838 potuit,
1412 788 1491 826 tibi
1516 788 1657 827 adfore
1684 788 1877 838 conspici-

284 855 410 893 mus?
467 853 584 902 Quod
604 854 640 891 si
659 866 852 904 praesens
869 866 1042 903 pompas
1065 855 1226 892 nostras
1246 866 1445 902 ornasseS,
1467 854 1550 892 iam
1567 853 1690 904 plane
1710 853 1877 892 beatum

249 918 510 960 :arbitr-aren
583 919 662 957 Sed
702 931 817 968 spem
855 918 989 956 fecisti
1022 918 1228 956 aduentus
1260 917 1482 968 aliquando
1511 918 1583 966 tui,
1619 919 1727 969 quod
1759 919 1875 968 desy-

285 984 474 1022 derantes
493 986 757 1034 expectamus
779 996 932 1031 omnes,
955 983 1027 1033 qui
1052 983 1130 1022 tibi
1148 982 1253 1021 bene
1273 983 1478 1031 volumus,
1505 984 1577 1033 qui
1595 996 1647 1022 ex
1666 986 1706 1022 te
1725 984 1873 1034 pende-

284 1062 377 1088 mus
393 1065 402 1098 3
431 1049 557 1087 multi
584 1049 697 1087 enim
728 1051 826 1088 sunt
856 1048 923 1087 hic
954 1047 1052 1087 boni
1073 1048 1161 1096 viri,
1185 1047 1255 1098 qui
1283 1061 1369 1086 non
1399 1048 1534 1087 solum
1554 1050 1595 1086 te
1625 1048 1775 1098 videre,
1796 1049 1875 1087 tibi

283 1113 432 1162 adesse,
457 1114 770 1161 communicare,
802 1112 1061 1152 consueuisse
1099 1115 1247 1161 tecum,
1283 1113 1353 1152 sed
1387 1113 1514 1152 etiam
1547 1112 1591 1151 in
1625 1115 1757 1152 castra
1788 1116 1872 1163 tua,

282 1182 353 1218 tua
379 1179 550 1229 inquam
591 1178 662 1217 illa
701 1181 842 1226 castra,
888 1178 1139 1228 optimorum
1178 1177 1413 1217 studiorum
1445 1179 1647 1228 princeps,
1694 1178 1874 1217 deierare

225 1257 240 1278 2
281 1244 476 1294 gestiunt.
538 1244 655 1293 Quod
676 1243 756 1282 nisi
776 1244 880 1283 citus
900 1243 1106 1293 aduenias,
1128 1256 1218 1282 ecce
1243 1243 1293 1282 ad
1313 1244 1354 1281 te
1373 1243 1562 1282 homines
1581 1243 1654 1293 tui,
1677 1243 1874 1284 animalia

281 1312 352 1348 tua
372 1308 665 1348 deuolabimus.

334 1374 389 1412 Et
408 1373 663 1413 aduolassem
680 1373 870 1424 equidem
884 1374 967 1412 iam
983 1374 1064 1421 diu,
1083 1373 1165 1412 nisi
1184 1373 1291 1422 quod
1312 1373 1551 1412 valetudine
1569 1374 1742 1414 aduersa
1760 1374 1874 1414 velut

280 1441 475 1488 perpetuo
500 1439 619 1478 hoste
646 1452 869 1489 oppugnor,
894 1439 964 1489 qui
987 1452 1122 1478 arcem
1148 1438 1293 1488 capitis
1317 1441 1358 1477 et
1377 1438 1542 1477 aurium
1561 1439 1768 1489 impetens
1786 1440 1871 1479 iam

278 1517 381 1552 pene
401 1504 612 1554 oppressit,
635 1504 717 1542 nisi
736 1504 772 1542 si
792 1517 872 1554 qua
892 1503 968 1542 Dei
992 1503 1125 1542 nostri
1148 1503 1329 1542 adiutrix
1348 1516 1498 1542 manus
1523 1504 1866 1555 ferat'suppetias.

279 1568 356 1607 Sed
370 1569 559 1619 quamuis
574 1571 733 1607 caetera
748 1569 919 1618 fragilis,
938 1569 1075 1607 studio
1096 1571 1238 1607 tamen
1252 1581 1345 1607 sum
1362 1568 1743 1618 obfirmatissimus;
1766 1584 1869 1620 quae

276 1647 357 1672 vna
388 1647 453 1673 res
481 1647 548 1673 me
578 1636 619 1673 et
650 1634 780 1672 reficit
814 1636 854 1672 et
886 1634 1005 1672 valde
1043 1634 1287 1672 consolatur.
1348 1633 1588 1683 Ger—belliue,
1621 1634 1685 1672 vir
1712 1634 1870 1685 lepidae

276 1699 521 1737 eruditionis
540 1701 580 1737 et
600 1699 741 1738 doctor
760 1698 1062 1747 meritissimus,
1091 1698 1266 1749 egregiis
1285 1711 1352 1737 me
1373 1698 1458 1737 tuis
1481 1699 1698 1748 opuscufis,
1722 1699 1870 1738 Enchi-

275 1763 379 1802 ridio
408 1765 449 1802 et
478 1764 694 1803 nonnuHis
727 1763 831 1813 aliis,
864 1764 907 1802 in
943 1777 1043 1815 quae
1075 1765 1139 1802 tot
1168 1777 1300 1802 annos
1333 1764 1459 1812 sitiui,
1493 1777 1596 1814 quae
1626 1765 1870 1815 conquisitis

274 1829 453 1878 x’ndique
477 1828 761 1880 siggillaribus
782 1830 945 1879 expetii,
975 1829 1234 1880 optatissimo
1264 1829 1370 1868 dono
1400 1829 1596 1878 donauit;
1624 1830 1728 1869 faxit
1757 1831 1868 1870 Deus

220 1906 233 1916 ⁴
274 1895 319 1932 vt
356 1894 488 1932 vicem
527 1894 747 1945 aliquando
784 1894 970 1933 remetiri
1007 1895 1175 1944 possim.
1254 1894 1496 1944 Dispeream
1532 1895 1568 1934 si
1604 1908 1688 1934 non
1726 1909 1868 1936 omnes

274 1972 467 1998 numeros
496 1959 760 2009 gratitudinis
789 1960 1046 2010 explicuero;
1075 1960 1142 1998 cui
1174 1962 1216 1998 et
1241 1961 1449 2010 praeterea
1474 1960 1686 2009 Rhenano,
1713 1960 1868 2002 delitiis

273 2024 387 2072 meis,
411 2027 451 2062 et
471 2024 758 2074 Icolampadio,
781 2025 1050 2075 integerrimo
1070 2039 1161 2065 meo
1182 2026 1326 2074 amico,
1351 2025 1475 2065 verba
1495 2026 1642 2066 salutis
1660 2026 1866 2066 immensa

274 2088 457 2127 adferto:
498 2089 648 2138 quibus
670 2091 710 2128 et
732 2091 996 2140 scripsissem,
1019 2091 1088 2129 sed
1116 2091 1204 2140 lege
1229 2090 1279 2129 iia
1306 2091 1356 2129 de
1385 2091 1467 2130 Ori.
1498 2090 1593 2139 Iur„
1620 2091 1737 2129 cuius
1759 2104 1864 2130 com-

273 2154 475 2192 mentaria
500 2153 584 2192 fere
613 2155 664 2192 ad
687 2155 840 2194 calcem
865 2155 1047 2205 perduxi,
1070 2156 1354 2205 immoramur,
1378 2169 1430 2194 ne
1453 2155 1518 2195 vel
1543 2157 1766 2205 momento,
1791 2155 1862 2196 vbi

273 2231 295 2256 a
315 2218 506 2257 lectionis
525 2232 696 2258 munere
718 2233 925 2267 vacauero,
949 2220 1076 2259 dilabi
1094 2221 1239 2270 patiar.
1335 2218 1339 2220 ’

325 2283 439 2331 Vale,
464 2297 512 2322 ex
534 2284 654 2334 Fryb.
681 2298 701 2333 3
723 2285 804 2325 Cal.
830 2285 1033 2325 Nouemb.
1063 2295 1176 2334 1515.

757 2393 854 2434 368.
915 2393 1047 2434 FRomt
1080 2392 1208 2435 PAm,
1238 2392 1371 2436 Vorz.

316 2469 501 2506 Deventer
518 2469 595 2507 MS.
614 2481 670 2516 91,
690 2471 715 2506 f.
737 2482 797 2517 131
819 2476 869 2507 νο.
1522 2471 1758 2518 Hfigshofen.

317 2528 388 2564 LB.
406 2529 501 2573 App.
519 2539 575 2574 34.
1470 2540 1515 2575 30
1532 2529 1693 2567 October
1713 2539 1813 2578 1515.

313 2597 402 2637 [The
419 2598 499 2628 date
517 2598 547 2628 is
563 2598 758 2629 confirmed
772 2599 820 2639 by
836 2599 898 2630 the
913 2599 1090 2630 reference
1105 2600 1142 2630 to
1158 2598 1221 2639 Ep.
1242 2607 1318 2638 337.

311 2640 399 2672 Paul
413 2641 500 2672 Volz
514 2642 552 2672 of
564 2642 756 2682 Offenburg
773 2643 939 2684 (1480—6
950 2643 972 2674 J
975 2643 1038 2683 uly
1052 2643 1151 2684 1544)
1168 2642 1420 2674 matriculated
1440 2644 1477 2674 at
1492 2642 1682 2684 Tfibingen
1697 2643 1737 2674 in
1756 2644 1851 2684 1496.

314 2731 361 2760 15.
389 2722 564 2754 aduentus
580 2726 632 2754 ΕΒ
648 2735 655 2754 :
679 2723 831 2756 adentus
848 2727 920 2756 MS.
1007 2735 1059 2765 33.
1084 2725 1159 2764 lege
1173 2726 1283 2762 scripsi
1299 2734 1307 2755 z
1329 2724 1388 2755 lex
1401 2726 1473 2755 MS.
1520 2726 1603 2762 Quod
1617 2726 1681 2756 nisi
1691 2727 1740 2764 fit,
1755 2726 1848 2755 verba

268 2774 342 2800 quae
358 2771 529 2803 sequuntur
544 2770 680 2804 amplius
695 2772 770 2798 sunt
783 2771 978 2807 corriqenda.
1043 2778 1096 2809 34.
1123 2769 1175 2799 ita
1190 2770 1351 2799 moratur
1364 2791 1374 2802 .
1393 2791 1401 2800 .
1419 2790 1428 2799 .
1443 2769 1670 2800 momentum
1684 2770 1765 2800 coni.
1779 2770 1847 2799 LB.

311 2850 344 2878 9-
367 2843 532 2884 epistola]
551 2843 616 2883 Ep.
632 2845 709 2883 358.
1089 2844 1254 2883 allusion,
1268 2846 1336 2884 too,
1349 2844 1466 2884 might
1479 2845 1568 2875 have
1581 2844 1672 2875 been
1681 2842 1849 2883 expected

309 2892 363 2920 27.
393 2884 617 2927 Enchiridio]
649 2887 722 2918 The
754 2897 842 2928 copy
867 2890 947 2920 sent
975 2889 1022 2928 by
1089 2888 1175 2919 here
1191 2890 1227 2919 to
1243 2888 1305 2928 Ep.
1324 2888 1388 2926 366
1401 2898 1409 2926 ;
1434 2888 1480 2919 cf.
1497 2888 1560 2927 Ep.
1576 2896 1649 2926 379.
1671 2896 1708 2917 11
1728 2895 1764 2917 n.

266 2925 501 2965 Engelbrecht
531 2929 608 2969 (Ep.
637 2931 717 2970 358)
750 2941 861 2962 seems
891 2934 953 2963 not
984 2934 1021 2963 to
1133 2941 1185 2971 33.
1208 2930 1479 2970 commentaria]
1498 2931 1593 2961 Fir-st
1607 2929 1796 2969 published
1809 2929 1850 2960 in

266 2969 356 2998 have
387 2970 475 3000 been
507 2971 697 3012 delivered,
731 2974 867 3015 though
900 2975 1021 3006 Zasius
1090 2975 1488 3013 Zasius'Lucubrattones,
1509 2972 1624 3012 Basle,
1649 2970 1844 3015 (Froben),

265 3012 337 3042 had
364 3012 435 3042 had
463 3013 525 3043 the
553 3015 681 3054 letter3
716 3018 761 3047 cf.
789 3017 811 3048 1.
839 3028 872 3057 9.
918 3019 1020 3049 Some
1093 3019 1184 3057 1518.
