2010 3417
118 180 217 236 590]
471 183 625 222 FROM
664 181 952 222 NICHOLAS
991 179 1366 221 SAGUNDINUS
1636 176 1716 215 593

118 291 392 341 Chiliadibus,
415 305 517 342 quos
545 290 849 342 pulcherrimos
876 292 917 329 et
943 289 1189 340 omnigenos
1207 287 1339 327 veluti
1366 286 1525 338 apicula
1551 300 1602 326 ex
1629 285 1716 325 illis

117 369 334 407 excerpam
380 356 583 405 flosculos,
624 355 798 406 illosque
841 355 886 394 in
933 368 1076 394 meum
1125 355 1336 404 deportem
1379 352 1619 400 aluearium,
1664 352 1713 391 ad
1736 369 1776 400 45

118 434 373 472 operumque
387 435 574 460 mearum
589 423 842 460 structuram
857 420 1176 459 accommodem.
1235 418 1396 468 Quibus
1414 416 1600 468 legendis
1615 415 1716 455 duas

118 487 239 526 horas
254 487 430 537 singulis
449 486 594 525 diebus
613 486 855 525 dicauimus.
916 484 993 524 Sed
1014 484 1074 523 dii
1092 484 1202 532 boni,
1221 496 1325 534 quae
1343 483 1494 533 scripta
1515 484 1586 522 tua
1604 483 1714 529 sunt,

118 551 179 590 mi
199 552 383 600 Erasme,
400 565 503 602 quae
522 551 606 590 illis
622 551 733 590 inest
751 551 909 601 ingenii
932 550 1121 597 felicitas,
1141 549 1304 588 dicendi
1324 549 1436 588 nitor
1447 550 1490 587 et
1509 546 1713 598 splendor,

117 629 222 666 quae
240 616 401 655 mellita
419 616 625 665 facundia,
644 630 747 667 quae
767 616 961 666 grauitas,
986 628 1090 665 quae
1111 613 1312 664 lepiditas‚
1330 627 1434 664 quae
1454 611 1717 662 inexplebilis

119 681 336 720 suauitas!
385 682 518 720 Macte
556 682 713 720 virtute
751 684 833 729 tua,
871 681 936 718 vir
972 679 1103 719 vnice.
1163 679 1239 728 Tu,
1280 682 1337 727 tu,
1380 679 1563 729 inquam,
1605 676 1717 716 solus
1736 690 1778 723 50

119 759 259 796 sapere
290 745 394 784 mihi
425 746 589 794 videris,
624 748 832 796 praeterea
862 758 1014 793 nem0;
1052 746 1099 783 tu
1134 744 1248 784 solus
1277 744 1492 783 Musarum
1522 743 1718 783 alumnus

119 811 271 850 merito
289 811 487 861 appellari
506 813 634 861 potese

174 875 256 915 Sed
285 875 385 926 quid
413 876 553 915 infans
581 876 668 926 ipse
696 876 740 914 in
770 877 812 914 te
842 875 1050 914 laudando
1084 875 1342 925 prosequor?
1383 873 1717 924 quandoquidem

119 940 489 980 excellentissimae
519 944 615 980 tuae
648 940 824 980 virtutes
856 940 1120 991 insignesque
1154 939 1285 978 animi
1318 939 1434 978 dotes
1467 951 1491 978 a
1524 939 1717 988 quopiam

120 1007 315 1046 decenter
331 1006 491 1046 laudari
501 1008 625 1056 atque
639 1006 783 1045 extolli
802 1005 883 1044 nisi
895 1008 967 1045 tua
979 1005 1318 1056 eloquentissima
1330 1018 1375 1043 ac
1387 1004 1508 1043 vm'ca
1526 1004 1719 1042 facundia
1738 1018 1776 1050 55

122 1074 231 1111 certe
243 1085 328 1111 non
348 1074 527 1121 possent.
590 1072 742 1110 Infelix
762 1071 835 1121 qui
854 1073 896 1110 te
914 1073 1068 1121 tuaque
1085 1070 1403 1121 incomparabili
1413 1083 1458 1109 ac
1471 1069 1718 1108 suauissima

122 1137 420 1177 consuetudine
439 1138 523 1176 frui
542 1150 713 1187 nequeo.
757 1137 1011 1175 Fortunatus
1031 1148 1180 1185 nempe
1193 1148 1239 1174 ac
1259 1134 1440 1173 nimium
1457 1134 1556 1173 felix
1571 1147 1716 1181 essem,

121 1202 183 1240 mi
209 1203 392 1250 Erasme,
416 1202 452 1240 si
478 1202 556 1241 tibi
584 1216 657 1252 per
684 1202 842 1251 aliquot
874 1214 1006 1240 annos
1036 1202 1191 1239 memet
1222 1200 1432 1239 insinuare
1459 1200 1652 1248 valerem,
1683 1200 1719 1239 si

121 1271 260 1307 tecum
279 1268 428 1315 viuere,
444 1270 486 1306 et
506 1280 646 1306 meum
666 1267 916 1306 fidissimum
935 1266 1011 1305 tibi
1030 1279 1193 1316 possem
1213 1264 1405 1316 praebere
1424 1265 1716 1304 ministerium.

123 1333 203 1371 Sed
223 1346 318 1371 cum
351 1346 424 1382 per
441 1333 629 1371 muneris
648 1332 732 1370 mei
752 1344 857 1370 onus
883 1345 968 1370 non
998 1331 1130 1379 liceat,
1153 1344 1328 1369 aureum
1345 1344 1390 1369 ac
1410 1344 1504 1369 vere
1528 1331 1718 1369 diuinum
1737 1334 1779 1366 60

121 1397 226 1436 illud
247 1400 370 1436 tuum
388 1398 648 1447 Adagiorum
669 1410 783 1446 opus,
804 1410 884 1445 quo
904 1396 1140 1446 priscorum
1160 1395 1331 1434 illorum
1346 1398 1619 1435 monumenta
1633 1409 1719 1434 non

123 1463 247 1502 modo
277 1463 462 1512 aequasti
493 1462 564 1501 sed
595 1463 720 1511 longo
751 1462 922 1512 quidem
952 1460 1175 1499 interuallo
1207 1461 1423 1511 superasti,
1453 1463 1494 1499 et
1524 1461 1718 1512 quicquid

122 1530 292 1567 tuarum
320 1526 653 1566 felicissimarum
682 1526 790 1577 apud
819 1540 896 1565 nos
924 1527 1039 1565 extat
1077 1525 1415 1565 lucubrationum
1443 1525 1581 1575 sepius
1608 1526 1719 1565 lecti-

122 1592 609 1641 tandoexosculabimur,
632 1592 932 1642 amplectemur
947 1606 956 1639 ;
976 1604 1117 1629 earum
1138 1591 1337 1629 nectareis
1357 1591 1538 1630 obsoniis
1558 1594 1719 1630 nosmet

122 1657 483 1708 ingurgitabimus,
505 1660 546 1696 et
574 1671 737 1706 quoquo
766 1656 890 1694 modo
918 1669 941 1694 a
970 1655 1091 1694 nobis
1117 1655 1207 1693 fieri
1234 1655 1396 1705 poterit,
1425 1656 1502 1694 hoc
1529 1659 1717 1695 nostrum
1737 1658 1778 1699 65

124 1722 389 1772 desyderium
419 1722 648 1769 leniemus;
688 1721 970 1760 dulcissimam
1000 1720 1064 1759 tui
1093 1721 1276 1759 nominis
1303 1721 1627 1760 recordationem
1656 1721 1720 1760 die

123 1789 332 1837 noctuque
358 1788 498 1825 mente
523 1786 782 1825 versabimus
805 1787 1029 1836 animoque
1059 1785 1298 1824 recolemus.
1357 1786 1446 1834 Quo
1471 1787 1544 1826 fiet
1568 1789 1615 1825 vt
1642 1789 1719 1826 etsi

125 1866 211 1893 non
234 1852 443 1900 fruitione,
471 1854 513 1890 at
542 1851 691 1890 saltem
722 1851 1003 1890 recordatione
1031 1863 1248 1901 nunquam
1277 1851 1366 1890 sine
1396 1851 1569 1891 Erasmo
1595 1850 1719 1905 [non]

124 1919 290 1959 erimus.

179 1983 293 2032 Vale,
316 1984 606 2021 ornamentum
627 1984 667 2020 et
695 1982 767 2020 lux
787 1982 899 2021 orbis
918 1983 1062 2030 nostri,
1085 1984 1126 2021 et
1155 1981 1251 2020 viue
1280 1981 1381 2020 felix
1406 1982 1494 2030 tibi,
1516 1983 1661 2022 amicis
1679 1985 1718 2022 et
1741 1992 1781 2025 70

126 2048 326 2098 posteris:
358 2047 425 2086 cui
454 2060 521 2085 me
551 2047 702 2085 obnixe
731 2060 776 2085 ac
805 2048 1003 2096 perpetuo
1036 2047 1291 2095 commendo,
1319 2047 1447 2094 trado,
1479 2047 1571 2086 dico
1597 2050 1720 2099 atque

127 2113 318 2151 deuoueo.
381 2112 678 2151 Gratissimum
716 2113 926 2161 praeterea
964 2111 1070 2150 mihi
1111 2111 1264 2159 feceris,
1305 2112 1341 2150 si
1382 2113 1467 2151 tuis
1504 2112 1643 2152 verbis
1679 2116 1718 2152 et

128 2178 298 2228 quidem
317 2176 750 2216 honorificentissimis
769 2176 1112 2215 reuerendissimo
1132 2176 1204 2215 isti
1224 2176 1393 2216 domino
1413 2190 1506 2216 meo
1518 2178 1720 2229 Episcopo

127 2243 340 2292 Theatino,
367 2243 454 2281 tuis
482 2243 568 2280 illis
596 2242 856 2292 dignissimis
882 2241 1120 2291 praeconiis,
1151 2241 1302 2292 quibus
1327 2255 1455 2292 vsque
1485 2243 1535 2281 ad
1561 2243 1719 2282 coelum

128 2307 284 2355 euehis,
305 2308 440 2346 modis
459 2307 655 2346 omnibus
674 2307 928 2357 dignissimo,
952 2320 1018 2346 me
1038 2307 1083 2345 in
1110 2308 1357 2357 perpetuum
1384 2308 1717 2347 commendatum
1741 2317 1778 2350 75

128 2386 217 2412 esse
235 2372 426 2411 volueris.
485 2372 648 2410 Iterum
666 2372 772 2420 vale,
791 2374 955 2411 nostrae
974 2371 1158 2412 deliciae.

183 2437 364 2476 Londini
383 2437 542 2476 decimo
563 2437 645 2476 Cal.
669 2436 769 2475 Iulii
793 2447 906 2485 1517.

266 2531 323 2563 68.
346 2536 391 2562 no
403 2535 471 2568 post
486 2531 630 2563 Erasmo
646 2534 725 2572 MS„
743 2535 937 2563 redundante
961 2534 1116 2563 nimirum
1142 2534 1350 2571 Saqmzclino:
1374 2533 1494 2563 nostro
1518 2534 1581 2563 LB.

176 2668 226 2697 74.
250 2657 441 2698 Theatino]
484 2657 631 2698 Carafl'a,
678 2658 740 2688 the
786 2657 895 2698 Papal
963 2658 1087 2698 appeal
1125 2657 1180 2688 for
1222 2656 1402 2689 Erasmus'
1441 2657 1637 2690 mediation
1682 2659 1720 2689 in

131 2701 291 2739 Nuncio;
314 2701 358 2732 cf.
371 2701 434 2740 Ep.
447 2701 520 2738 287.
532 2710 595 2739 7n.
634 2701 702 2731 For
714 2701 894 2732 Erasmus’
964 2702 1027 2741 Ep.
1045 2710 1118 2741 591.
1136 2711 1177 2740 73
1191 2711 1264 2740 seq.

134 2745 310 2775 influence
337 2745 426 2774 with
452 2745 529 2775 him
557 2747 595 2775 at
621 2745 696 2775 this
725 2745 811 2775 time
838 2754 895 2775 see
1049 2744 1265 2786 praeconiis]
1304 2744 1367 2785 Ep.
1408 2753 1481 2785 335.
1520 2745 1583 2782 248
1618 2754 1688 2785 seq.
1713 2756 1721 2783 ;

133 2789 197 2828 Ep.
209 2797 282 2827 539.
294 2797 333 2828 93
357 2788 398 2818 cf.
410 2788 483 2819 also
494 2788 731 2820 Giustinian's
744 2787 895 2827 lengthy
964 2788 1107 2827 printed
1126 2788 1171 2818 in·
1181 2788 1223 2818 A.

195 3095 301 3115 ALLEX
321 3094 347 3114 n
888 3098 911 3131 Q
930 3099 956 3135 q
