2010 3417
151 132 249 187 529]
603 135 674 175 'ro
712 136 977 177 STEPHEN
1019 136 1288 177 PoNcHER
1658 140 1737 178 455

151 244 348 284 Franciae
377 258 552 296 regnum
581 247 711 286 totius
739 247 850 286 orbis
879 247 1107 287 Christiani
1135 249 1256 298 longe
1284 248 1625 287 florentissimum
1653 261 1742 287 esse

151 311 321 358 constat,
351 311 458 349 mihi
483 313 625 350 tamen
651 312 729 351 hoc
755 312 924 351 nomine
951 313 1168 363 praecipue
1194 313 1295 352 felix
1321 326 1407 352 esse
1433 313 1608 362 videtur,
1633 313 1742 363 quod

152 374 392 426 Principem
406 379 575 415 nactum
595 377 650 416 sit
665 391 750 416 non
765 378 890 416 titulo
909 380 1076 417 tantum
1091 378 1509 427 christianissimum,
1527 379 1597 418 sed
1613 378 1740 417 omni-

152 439 231 479 bus
245 454 340 480 vere
360 442 486 492 regiis
505 442 672 481 dotibus
687 444 836 482 eximie
853 443 1124 490 cumulatum,
1140 445 1233 482 tum
1248 446 1381 482 aetate
1395 444 1574 493 florenti,
1588 446 1635 483 vt
1649 457 1742 494 spes
1761 456 1779 487 5

150 505 206 544 sit
219 506 327 545 hanc
342 507 579 546 felicitatem
596 510 754 547 vestrae
768 508 901 547 Gallie
916 521 961 547 ac
976 509 1098 547 nobis
1109 509 1259 547 vicinis
1274 511 1316 547 et
1330 509 1474 547 amicis
1490 509 1739 556 diuturnam,

150 569 236 609 imo
246 573 500 621 perpetuam,
515 573 615 613 fore.
652 573 822 612 Indoles
836 576 971 612 erecta
982 574 1214 623 viuidaque,
1231 574 1396 612 animus
1412 587 1495 613 non
1510 587 1603 623 rege
1619 574 1742 612 modo

151 635 220 673 sed
236 637 311 675 tali
326 651 487 687 quoque
499 651 594 687 rege
609 639 771 688 dignus,
792 639 851 677 310
872 639 1020 677 ardens
1039 642 1079 677 et
1095 639 1278 677 excelsus
1292 640 1338 676 vt
1352 640 1493 677 tamen
1507 639 1558 677 ad
1574 651 1742 677 omnem

151 699 455 741 humanitatem
483 703 538 741 sit
566 704 927 753 propensissimus,
955 717 1122 742 rursum
1150 704 1208 742 sic
1237 705 1394 742 erectus
1421 717 1467 742 ac
1496 703 1675 753 simplex
1696 706 1743 742 vt

149 778 315 805 summa
326 767 542 817 vigilantia
556 769 855 818 prudentiaque
870 769 924 808 sit
943 769 1155 819 praeditus
1172 784 1181 817 3
1211 768 1418 818 siquidem
1438 782 1570 818 nuper
1588 769 1633 806 in
1653 781 1743 807 con·
1764 784 1804 805 10

152 830 268 870 ffictu
286 846 381 871 cum
401 833 580 872 Eluetiis
603 834 706 873 satis
732 834 957 873 declarauit
975 835 1034 872 ita
1059 847 1102 873 se
1127 836 1317 883 paratum
1337 834 1673 883 instructumque
1692 834 1742 872 ad

151 895 310 935 bellum
324 899 561 947 gerendum,
578 898 615 937 si
629 912 771 948 pacem
787 912 872 937 non
890 899 1013 937 liceat
1032 899 1214 948 adipisci,
1235 900 1281 937 vt
1295 899 1430 937 multo
1445 901 1585 936 tamen
1600 911 1743 948 pacem

151 962 273 1000 malit
306 976 432 1013 quam
464 963 637 1002 bellum.
705 964 838 1014 Magis
871 964 985 1002 enim
1016 964 1141 1002 habet
1167 964 1306 1002 studio
1336 965 1383 1002 vt
1412 977 1588 1013 regnum
1621 976 1745 1001 suum

153 1027 324 1076 optimis
341 1028 511 1078 legibus,
530 1028 778 1078 incorruptis
797 1028 995 1076 moribus,
1013 1029 1322 1068 honestissimis
1341 1028 1489 1067 studiis
1509 1028 1742 1078 locupletet,

151 1095 330 1141 exornet,
347 1093 542 1141 illustret,
563 1106 687 1143 quam
705 1096 753 1132 vt
773 1093 944 1133 ditionis
964 1107 1060 1132 suae
1079 1094 1264 1143 pomeria
1283 1093 1475 1143 proferat.
1532 1093 1743 1131 Nimirum
1766 1108 1802 1140 15

150 1158 349 1208 intelligit
376 1159 477 1198 11330
506 1159 676 1197 (1311111111
701 1171 789 1197 3333
818 1171 915 1197 vera
939 1159 1058 1209 regni
1084 1160 1240 1207 decora,
1262 1159 1338 1198 has
1364 1171 1481 1197 veras
1507 1171 1615 1208 opes,
1637 1158 1743 1197 hanc

152 1236 293 1261 veram
314 1225 356 1262 et
373 1223 503 1262 nullis
521 1236 706 1273 vnquam
725 1223 900 1262 saeculis
920 1236 1126 1262 cessuram
1147 1224 1333 1274 gloriam.

205 1288 386 1327 Proinde
406 1301 553 1338 parum
572 1301 659 1326 esse
678 1290 798 1338 putat
824 1288 947 1326 iustis
972 1289 1187 1338 praesidiis
1205 1301 1381 1338 regnum
1401 1301 1524 1326 suum
1543 1287 1741 1335 munisse,

152 1353 235 1391 nisi
261 1353 374 1392 idem
392 1353 496 1392 viris
523 1353 755 1391 eruditione
781 1353 897 1392 iuxta
924 1367 971 1391 ac
1000 1353 1107 1392 vitae
1135 1353 1374 1403 integritate
1402 1352 1744 1403 praecellentibus

150 1418 256 1457 ditet
286 1421 408 1468 atque
439 1418 660 1466 honestet3
702 1419 781 1456 hoc
813 1419 1081 1468 potissimum
1113 1420 1231 1468 pacto
1261 1418 1425 1456 felicem
1461 1431 1506 1456 30
1543 1430 1743 1467 magnum
1765 1434 1805 1455 20

151 1496 289 1533 regem
317 1498 360 1523 se
387 1484 473 1522 fore
500 1483 699 1528 iudicans,
720 1497 806 1522 non
826 1485 1006 1534 siquam
1035 1484 1230 1533 plurimis
1258 1484 1329 1522 sed
1358 1483 1394 1522 si
1422 1495 1547 1532 quam
1576 1482 1745 1532 optimis

151 1549 338 1600 imperet.
398 1550 510 1599 Quos
533 1561 630 1588 cum
652 1549 855 1598 plurimos
879 1549 1028 1587 habeat
1051 1549 1330 1597 domi,—-cum
1353 1547 1502 1598 primis
1528 1549 1667 1586 autem
1686 1546 1745 1584 in-

153 1615 472 1664 comparabilem
498 1614 621 1653 illum
649 1614 910 1653 Gulielmum
936 1615 1105 1664 Copum,
1136 1614 1365 1653 medicinae
1388 1613 1597 1651 vindicem
1623 1614 1744 1662 atque

151 1679 397 1727 antistitem,
418 1692 542 1729 quem
561 1679 751 1718 certatim
771 1679 851 1717 sibi
864 1679 1079 1718 vindicant
1097 1679 1196 1717 111110
1218 1679 1364 1727 Gallia,
1380 1678 1479 1717 111110
1499 1677 1744 1716 Germania:

150 1746 360 1794 praeterea
380 1745 641 1783 Gulielmum
667 1744 893 1793 Budaeum,
915 1745 1189 1783 certissimam
1212 1744 1443 1784 Galliarum
1462 1743 1649 1794 gloriam,
1672 1743 1745 1793 qui
1763 1757 1803 1789 25

152 1809 395 1848 iamdudum
428 1809 548 1847 Italis
577 1810 794 1859 vtriusque
826 1809 1061 1848 literaturae
1094 1809 1276 1859 palmam
1307 1822 1456 1859 magno
1487 1808 1743 1847 eruditorum

151 1870 341 1913 omnium
360 1887 562 1912 consensu
581 1874 807 1924 praeripuit
823 1888 832 1921 ;
861 1873 919 1912 sic
944 1877 1124 1912 caeteros
1150 1887 1294 1913 omnes
1312 1874 1483 1913 vincens
1501 1873 1547 1911 in
1566 1872 1744 1911 Romani
1803 1896 1805 1902 ·

153 1939 355 1978 sermonis
383 1939 631 1989 eloquentia,
659 1941 706 1977 vt
734 1939 779 1977 in
809 1938 961 1977 Graeca
991 1939 1171 1978 dictione
1199 1939 1337 1978 vincat
1356 1938 1744 1989 <seipsum—tamen

150 2004 318 2043 aliunde
350 2004 500 2042 cotidie
534 2004 731 2054 praemiis
764 2004 933 2042 accersit
964 2003 1185 2054 allicitque,
1218 2006 1406 2043 veterum
1436 2017 1482 2042 ac
1516 2003 1744 2042 laudatissi-

151 2082 316 2108 morum
347 2082 493 2119 regum
525 2068 683 2108 iamdiu
718 2069 950 2108 obsoletum
981 2069 1219 2119 exemplum
1251 2069 1319 2108 hic
1351 2082 1511 2120 quoque
1539 2068 1658 2107 nobis
1687 2081 1744 2106 re·
1762 2082 1804 2113 30

150 2136 300 2174 ferens.
375 2135 594 2174 Caeterum
623 2135 731 2184 quod
761 2134 871 2173 inter
902 2133 978 2172 hos
1009 2136 1052 2173 et
1084 2135 1217 2173 nostri
1249 2135 1452 2173 rationem
1479 2134 1630 2173 habere
1658 2147 1743 2172 non

153 2203 360 2250 grauatur,
400 2200 591 2250 equidem
627 2200 748 2238 video
786 2200 990 2249 quantum
1026 2199 1143 2238 illius
1179 2200 1320 2238 animo
1357 2200 1539 2238 debeam.
1603 2200 1743 2249 Atque

151 2266 312 2304 vtinam
341 2267 378 2304 is
405 2265 486 2304 sim
515 2265 585 2315 qui
611 2267 699 2303 tam
725 2264 867 2303 eximii
885 2263 1092 2314 Principis
1118 2264 1270 2303 iudicio
1297 2265 1541 2314 respondere
1569 2266 1743 2314 queam!

153 2331 305 2369 Onerat
324 2343 392 2369 me
413 2329 675 2380 quorundam
699 2330 849 2367 candor
867 2329 1071 2368 eiusmodi
1091 2329 1282 2368 laudibus
1302 2342 1406 2379 quas
1431 2342 1506 2368 nec
1528 2341 1744 2378 agnoscere

152 2395 321 2445 possim,
346 2394 429 2433 nisi
447 2395 527 2433 sim
551 2394 893 2443 improbissimus,
917 2406 993 2431 nec
1011 2394 1131 2442 tueri,
1155 2394 1237 2432 nisi
1250 2394 1371 2444 longe
1391 2394 1498 2433 alius
1518 2394 1598 2432 sim
1618 2406 1743 2442 quam
1760 2406 1801 2439 35

152 2461 240 2510 ipse
258 2473 326 2498 me
345 2460 456 2498 noui.
515 2459 688 2508 Alioqui
704 2459 839 2498 Gallia
852 2460 990 2497 vestra
1006 2471 1102 2497 011111
1121 2458 1214 2498 31113
1232 2459 1284 2497 (13
1303 2459 1438 2497 0311313
1456 2458 1563 2497 1111111
1581 2470 1744 2507 semper

152 2524 265 2563 cordi
289 2525 382 2574 fuit,
404 2526 496 2562 tum
522 2524 598 2562 hac
622 2524 748 2562 etiam
773 2523 1032 2574 peculiariter
1054 2524 1243 2572 iucunda,
1267 2524 1374 2574 quod
1402 2523 1490 2562 illic
1513 2536 1646 2562 annos
1673 2522 1743 2562 311-

153 2591 253 2639 quot
278 2589 324 2627 in
351 2589 522 2638 optimis
547 2588 766 2627 literarum
794 2588 943 2627 studiis
968 2588 1215 2627 suauissime
1240 2588 1321 2627 sim
1348 2588 1528 2635 ociatus3
1562 2587 1632 2626 sed
1658 2587 1742 2626 iam

151 2656 239 2693 etas
260 2653 336 2692 hec
361 2667 385 2692 a
403 2654 602 2692 vertendo
623 2654 710 2692 solo
732 2653 981 2700 dehortatur,
1006 2655 1051 2691 vt
1069 2653 1196 2691 etiam
1215 2653 1250 2691 si
1269 2653 1377 2691 mihi
1394 2666 1479 2691 non
1500 2651 1741 2702 delegissem

193 2738 225 2767 3.
250 2729 476 2759 ornatissime
494 2728 639 2759 Praesul
652 2733 720 2765 post
735 2730 873 2759 constat
887 2729 961 2759 add.
978 2729 1021 2758 Η.
1140 2737 1189 2767 13.
1217 2728 1273 2759 0²:
1296 2728 1416 2759 studia
1434 2727 1477 2759 0¹.
1597 2737 1649 2767 25.
1672 2728 1743 2758 Bu-

150 2773 277 2803 (laeum
295 2775 367 2803 add.
386 2770 432 2804 0⁹.
522 2782 574 2811 39.
599 2772 691 2802 mihi
709 2782 769 2802 om.
784 2774 825 2803 N.

194 2853 243 2875 11.
275 2854 356 2874 cum
381 2843 552 2884 Eluetiis]
575 2843 649 2873 The
673 2843 912 2882 negotiations
979 2842 1042 2872 the
1062 2842 1070 2858 ‘
1083 2841 1271 2881 Perpetua}
1289 2841 1415 2873 Peace'
1433 2841 1512 2883 (Ep.
1532 2843 1606 2881 463.
1622 2851 1663 2881 37
1676 2843 1740 2879 11.).

147 2887 268 2918 which
288 2886 455 2918 followed
471 2887 534 2917 the
550 2887 661 2917 battle
683 2886 722 2916 of
736 2885 913 2925 Marigna-
1024 2895 1075 2924 24.
1103 2884 1306 2926 vindicant]
1337 2885 1370 2916 A
1399 2885 1504 2916 mode
1535 2885 1574 2916 of
1599 2886 1742 2925 compli-

148 2941 193 2960 no
212 2931 290 2970 (Ep.
305 2931 380 2969 360.
400 2931 421 2960 6
434 2931 485 2971 n.)
497 2929 555 2961 led
566 2929 645 2960 first
657 2931 693 2960 to
709 2929 771 2960 the
786 2929 914 2968 Treaty
982 2929 1085 2959 ment
1108 2929 1217 2959 much
1244 2929 1283 2959 in
1307 2938 1417 2968 vogue
1443 2930 1480 2959 at
1505 2928 1579 2960 this
1606 2929 1739 2969 period.

146 2974 185 3004 of
205 2974 356 3013 Geneva,
379 2982 397 3012 7
423 2974 511 3006 Nov.
540 2983 634 3013 1515,
657 2973 730 3004 and
758 2972 847 3003 then
873 2974 911 3003 to
980 2971 1030 3003 Cf.
1050 2972 1113 3011 Ep.
1131 2981 1205 3011 321.
1226 2981 1265 3011 13
1281 2982 1316 3003 11.
1335 2972 1405 3003 311(1
1421 2972 1524 3004 BRE.
1541 2974 1594 3003 26.
1612 2982 1650 3003 n.
1666 2983 1697 3011 4.
