2010 3417
112 159 215 215 460]
523 162 676 201 FROM
714 162 942 202 BEATUS
979 161 1298 201 RHENANUS
1629 161 1709 199 339

166 271 328 319 Breuia,
353 271 402 310 de
421 272 572 322 quibus
593 271 749 320 scribis,
773 273 909 311 nescio
927 285 1008 322 quo
1025 285 1160 310 errore
1178 272 1272 322 post
1296 271 1458 310 abitum
1482 272 1605 309 tuum
1629 269 1711 308 huc

113 337 287 376 fuerunt
294 335 452 384 adlata3
472 338 573 386 puto
588 339 730 376 tamen
743 337 1027 376 Frobennium
1042 337 1148 375 istuc
1164 337 1377 375 remisisse.
1411 335 1544 375 Berus
1555 334 1714 373 Tannis

115 415 228 441 nunc
255 401 352 452 agit,
381 402 530 452 oppido
550 402 698 441 vicino.
758 401 1083 452 Christophorus
1109 401 1356 440 Basiliensis
1374 400 1603 452 Episcopus
1632 400 1713 441 dici

114 479 201 505 non
226 467 361 516 potest
381 466 528 516 quanti
546 468 587 506 te
607 467 741 506 faciat.
801 467 890 517 Ego
909 469 1002 516 post
1028 467 1208 505 reditum
1234 478 1376 504 meum
1395 478 1445 504 ex
1466 466 1600 516 patria
1618 479 1713 506 cum

115 531 350 570 Frobennio
371 532 530 570 victum
549 545 635 570 non
654 531 791 571 habui.
844 531 1027 570 Thomas
1048 531 1157 581 Grey
1172 544 1255 570 non
1267 530 1482 580 epistolam
1502 532 1572 570 sed
1592 532 1714 582 plane
1732 543 1772 574 15

115 596 305 636 libellum
325 608 376 634 ex
393 595 496 635 vrbe
512 596 742 635 Parisiensi
760 597 866 635 mihi
886 597 1014 636 misit.
1061 596 1288 635 Excusauit
1304 595 1484 635 Fabrum
1501 596 1609 646 quod
1629 609 1715 635 non

114 662 218 701 satis
231 661 444 701 commode
456 662 602 701 valeat.
639 662 783 701 Saluta
794 662 996 700 Ioannem
1009 662 1158 710 Smith,
1174 661 1480 701 adulescentem
1494 662 1713 712 optimum.

116 726 231 765 Bene
251 726 355 764 vale.

170 791 235 829 Ex
255 791 417 830 Basilea
435 791 559 831 tercio
580 804 712 830 nonas
731 792 909 841 Septem.
936 794 1050 839 1516.

567 944 665 984 461.
728 941 860 983 FROM
891 942 1086 983 THOMAS
1117 941 1268 984 MORE.

166 1033 350 1069 Deventer
369 1032 445 1069 MS.
465 1043 521 1078 91,
541 1033 567 1067 f.
591 1034 655 1069 128
674 1036 724 1067 v0.
1373 1033 1540 1068 London.

168 1091 239 1126 LB.
259 1091 353 1136 App.
375 1101 453 1136 174.
1235 1101 1254 1134 3
1273 1089 1498 1136 September
1517 1089 1672 1138 (1516).

166 1171 257 1213 [The
278 1171 460 1212 year-date
482 1172 512 1202 is
525 1171 690 1212 supplied
706 1171 799 1201 from
821 1172 883 1201 the
905 1171 1086 1201 reference
1108 1172 1146 1201 to
1168 1171 1232 1202 the
1252 1174 1362 1208 Ucopta
1380 1172 1417 1210 (1.
1440 1173 1486 1211 1).
1533 1172 1639 1202 From
1656 1173 1720 1203 the

122 1216 290 1254 frequent
306 1216 470 1246 mention
486 1215 526 1246 of
539 1215 614 1246 this
631 1215 671 1245 in
688 1215 775 1254 Epp.
797 1215 870 1254 467,
891 1224 964 1253 474,
986 1224 1060 1253 477,
1080 1215 1155 1253 481,
1173 1215 1250 1254 484,
1267 1216 1343 1255 487,
1360 1226 1434 1255 491,
1455 1226 1528 1255 499,
1548 1225 1623 1256 502,
1642 1217 1718 1256 508,

123 1268 197 1299 513,
215 1268 289 1297 524,
307 1268 383 1298 530,
402 1268 476 1298 534,
495 1268 570 1298 537,
596 1258 698 1289 there
722 1267 789 1288 can
816 1259 855 1288 be
880 1268 927 1288 no
950 1257 1063 1289 doubt
1085 1258 1165 1288 that
1189 1257 1253 1289 the
1277 1259 1355 1289 first
1379 1258 1529 1297 edition,
1545 1260 1715 1297 Louvain,

123 1303 186 1334 Th.
206 1302 376 1341 Marte—ns,
397 1313 421 1333 s.
436 1313 479 1342 a.‚
499 1312 572 1333 was
592 1301 788 1342 published
808 1301 964 1332 towards
985 1302 1048 1332 the
1069 1300 1139 1332 end
1162 1301 1202 1332 of
1219 1302 1299 1333 Dec.
1321 1303 1424 1341 15163
1451 1303 1604 1342 perhaps
1626 1303 1719 1334 with

122 1357 142 1376 a
166 1346 257 1376 view
278 1347 314 1376 to
339 1347 386 1376 its
408 1355 469 1376 use
493 1355 530 1377 as
553 1356 572 1376 a
595 1350 700 1376 strena
724 1344 782 1383 (cf.
809 1345 873 1384 Ep.
904 1345 975 1384 187.
1003 1355 1016 1375 1
1044 1355 1116 1385 seq.
1140 1344 1212 1376 and
1237 1346 1301 1387 n.>.
1351 1346 1416 1377 See
1439 1346 1501 1377 the
1525 1346 1663 1377 edition
1689 1346 1728 1378 of

124 1388 274 1420 Michels
290 1389 361 1420 and
378 1389 524 1431 Ziegler‚
546 1390 639 1428 1895⁷
657 1399 714 1428 pp.
734 1388 786 1419 lii.
806 1388 897 1429 seq.]

605 1488 759 1518 MORVS
788 1488 831 1519 D.
866 1487 1047 1518 ERASMO
1079 1488 1112 1518 S.
1139 1488 1178 1517 P.
1204 1488 1247 1519 D.

178 1568 444 1615 NVSQVAMAM
473 1571 659 1607 nostram
688 1582 892 1619 nusquam
921 1569 1026 1607 bene
1054 1569 1250 1618 scriptam
1278 1569 1329 1607 ad
1359 1571 1400 1608 te
1428 1569 1574 1609 mitto:
1612 1583 1726 1619 prae-

122 1635 270 1685 scripsi
287 1634 506 1683 epistolam
525 1635 575 1672 ad
593 1634 768 1673 Petrum
788 1647 940 1672 meum.
984 1635 1128 1673 Cetera
1141 1635 1188 1672 tu
1203 1635 1250 1672 vt
1264 1635 1373 1672 recte
1388 1647 1514 1683 cures,
1533 1636 1726 1684 expertus

125 1713 220 1738 sum
232 1713 318 1738 non
330 1712 417 1738 esse
430 1713 534 1749 opus
545 1701 593 1737 vt
604 1702 646 1738 te
656 1700 857 1738 adhorter.
901 1699 1080 1738 Litteras
1093 1701 1187 1738 tuas
1203 1699 1363 1738 reddidi
1374 1699 1536 1738 Veneto
1550 1699 1725 1744 Oratori,

127 1765 198 1814 qui
211 1764 378 1803 videtur
391 1765 642 1814 aequissimo
658 1764 798 1802 animo
813 1764 942 1802 fuisse
961 1766 1201 1814 recepturus
1216 1764 1385 1803 Nouum
1396 1765 1723 1813 Testamentum,

127 1830 237 1880 quod
258 1829 478 1878 intercepit
498 1829 792 1868 Carmelianus.
855 1829 963 1867 Nam
989 1831 1105 1868 totus
1132 1829 1296 1868 deditus
1322 1832 1385 1868 est
1411 1830 1538 1869 sacris
1561 1829 1723 1874 litteris,
1745 1841 1762 1871 5

126 1894 369 1944 perfunctus
388 1894 560 1932 lectione
579 1907 723 1933 eorum
742 1907 847 1944 pene
868 1895 1056 1932 omnium
1072 1895 1145 1944 qui
1164 1895 1350 1933 scribunt
1366 1895 1700 1945 quaestiunculas
1717 1909 1726 1942 ;

127 1960 278 2009 quibus
297 1958 446 1998 tribuit
464 1960 631 1997 tantum
650 1961 697 1997 vt
715 1972 766 1997 ne
788 1958 966 2008 Dorpius
981 1959 1150 2009 quidem
1170 1959 1324 1998 tribuat
1343 1959 1536 2009 amplius.
1585 1958 1728 1997 Ambi-

126 2025 232 2064 tiose
261 2024 467 2074 congressi
495 2037 651 2072 sumus,
677 2024 879 2062 accuratis
907 2025 1164 2063 orationibus
1192 2037 1237 2063 ac
1265 2024 1402 2075 longis
1430 2024 1624 2063 laudibus
1651 2037 1727 2062 nos

127 2091 308 2129 inuicem
337 2089 559 2128 scabentes.
621 2089 701 2127 Sed
722 2091 768 2128 vt
787 2101 882 2127 vere
911 2089 1057 2137 dicam,
1087 2090 1208 2139 plane
1237 2090 1413 2129 delectat
1441 2103 1534 2138 me3
1561 2090 1728 2129 videtur

127 2155 241 2194 enim
266 2155 587 2193 honestissimus
606 2156 648 2193 et
666 2168 807 2194 rerum
833 2155 1114 2193 humanarum
1139 2155 1416 2204 peritissimus
1443 2169 1488 2194 ac
1516 2155 1598 2193 iam
1625 2154 1727 2193 diui·
1749 2168 1788 2188 10

128 2234 277 2259 narum
299 2219 525 2270 cognitioni
540 2219 823 2258 deditissimus
838 2233 848 2268 ;
876 2221 1094 2270 postremo,
1114 2220 1224 2270 quod
1244 2233 1319 2270 ego
1339 2234 1424 2259 non
1443 2220 1489 2258 in
1508 2220 1729 2269 postremis

128 2299 247 2336 pono,
271 2284 602 2324 studiosissimus
622 2285 697 2323 tui.

183 2351 225 2389 A
239 2350 527 2389 Cantuariensi
546 2350 595 2388 de
614 2349 736 2388 rebus
755 2350 887 2389 adhuc
909 2349 1017 2388 nihil
1035 2350 1167 2390 audio.
1215 2350 1382 2390 Coletus
1402 2350 1451 2389 de
1466 2352 1538 2389 tua
1556 2364 1599 2388 re
1620 2349 1729 2388 nihil

130 2414 277 2453 habuit
302 2414 506 2453 sermonis
525 2428 620 2453 cum
645 2427 717 2453 eo:
748 2428 842 2453 cum
860 2414 1112 2454 Eboracensi
1139 2415 1315 2463 habuit;
1345 2428 1468 2464 quem
1497 2417 1585 2452 tam
1614 2414 1659 2452 in
1687 2417 1729 2453 te

129 2492 382 2530 propensum
410 2479 621 2518 inuenisse
649 2492 693 2518 se
722 2480 823 2518 dicit
850 2482 974 2530 atque
1002 2480 1047 2518 in
1076 2481 1171 2518 tuas
1197 2480 1340 2518 laudes
1370 2482 1455 2518 tam
1485 2479 1663 2517 effusum
1682 2480 1727 2516 vt
1749 2492 1787 2523 15

173 2576 248 2607 461.
266 2585 296 2614 5.
315 2577 506 2606 Carmeliani
520 2577 658 2606 nominis
673 2578 791 2617 oblitus,
811 2578 907 2607 littera
925 2578 940 2608 t
955 2579 1072 2608 inserts(
1089 2586 1205 2607 nonam
1221 2578 1418 2614 Icut'csacz'em
1437 2577 1550 2606 indidit
1566 2577 1629 2605 LB.

174 2676 249 2706 460.
280 2685 330 2706 11.
356 2673 504 2714 Breuia]
530 2673 581 2705 Cf.
595 2674 659 2713 Ep.
674 2675 738 2713 338
754 2674 886 2705 introd.
1006 2675 1056 2706 16.
1082 2673 1252 2714 Fabrum]
1278 2674 1329 2705 Cf.
1350 2675 1414 2714 Ep.
1433 2683 1506 2712 445.
1525 2683 1566 2712 33
1584 2683 1620 2704 n.

177 2729 226 2749 12.
249 2717 400 2757 Tannis]
425 2717 555 2748 Thann
568 2716 606 2747 in
619 2717 740 2757 Upper
753 2717 889 2755 Alsace,
1006 2728 1054 2756 17.
1079 2717 1215 2757 Smith]
1242 2718 1306 2748 See
1323 2717 1386 2756 Ep.
1404 2719 1469 2756 276
1485 2717 1618 2747 introd.

132 2763 219 2794 NW.
243 2761 281 2792 of
300 2761 528 2798 Mfflhausen,
556 2762 592 2790 at
617 2760 681 2790 the
704 2760 832 2791 mouth
856 2760 894 2790 of
1002 2761 1076 2791 461.
1108 2770 1134 2790 1.
1161 2760 1422 2801 Nusquamam]
1461 2760 1536 2791 The
1578 2759 1726 2792 earliest

132 2806 194 2836 the
239 2805 289 2837 St.
335 2802 580 2835 Amarinthal.
653 2803 707 2834 Its
752 2804 890 2834 famous
960 2813 1064 2834 name
1081 2803 1135 2834 for
1150 2804 1212 2834 the
1233 2807 1365 2842 Utopia3
1389 2804 1432 2835 cf.
1451 2803 1513 2844 Ep.
1534 2813 1607 2842 474.
1627 2813 1670 2843 30
1686 2813 1724 2836 n.

131 2848 396 2880 ehurch-tower
413 2857 485 2878 was
500 2846 697 2885 completed
715 2846 753 2877 in
773 2847 866 2886 1516.
1003 2856 1033 2878 2.
1061 2845 1227 2886 Petrum]
1252 2847 1378 2878 Gilles.

178 2903 228 2931 14.
253 2889 429 2931 reditum]
453 2890 504 2922 Cf.
525 2900 557 2930 p.
579 2899 651 2927 114.
1002 2900 1031 2928 3.
1079 2889 1239 2930 Oratori]
1281 2890 1516 2930 Giustinian3
1555 2899 1612 2921 see
1650 2890 1722 2931 Ep.

178 2945 228 2976 15.
268 2936 406 2966 victum
445 2943 518 2965 non
556 2932 684 2974 habui]
725 2932 776 2964 Cf.
818 2932 888 2964 LB.
958 2943 1022 2972 559
1039 2933 1172 2964 introd.

131 2979 222 3020 App.
253 2979 326 3018 146.
1000 2986 1030 3015 5.
1057 2975 1323 3017 Carmelianus]
1350 2977 1497 3017 SeeAEp.
1514 2977 1586 3008 262.
1608 2987 1647 3008 10
1660 2987 1698 3009 n.

220 3020 330 3062 Grey]
356 3021 408 3052 Cf.
425 3021 488 3062 Ep.
509 3030 586 3059 445.
606 3021 645 3050 16
661 3030 699 3053 n.
1001 3022 1033 3051 6.
1056 3020 1364 3061 quaestiunculas]
1391 3020 1442 3053 Cf.
1463 3021 1526 3060 Ep.
1546 3021 1620 3060 438.
1638 3031 1673 3059 4.

903 3088 964 3113 ΖΞ
