2010 3417
295 158 374 196 434

759 156 1006 195 LETTERS
1045 156 1114 193 OF
1154 155 1418 196 ERASMUS

1761 156 1881 211 [1517

294 268 454 305 oblatus
467 266 549 303 fuit
561 264 811 303 monasterio
832 264 1125 303 canonicorum
1138 264 1388 314 regularium
1404 279 1413 312 3
1435 265 1479 302 in
1493 279 1573 314 quo
1589 266 1725 315 potius
1744 267 1882 317 minis,

255 343 274 373 5
294 332 447 381 pudore
483 332 523 368 et
562 332 740 379 egestate
783 343 906 380 quam
946 331 1101 380 sponte,
1149 330 1280 368 donec
1320 330 1426 368 inibi
1465 331 1765 380 professionem
1811 346 1885 383 per

293 396 509 435 canonicos
529 394 632 434 dicti
654 395 896 434 monasterii
923 395 1059 433 emitti
1089 395 1254 433 solitam
1276 395 1498 444 emitteret,
1529 397 1769 446 permansit.

1829 398 1884 437 Et

291 461 451 509 deinde,
487 460 583 499 licet
615 460 823 499 defectum
856 460 1059 498 natalium
1089 460 1280 510 patiatur,
1318 474 1368 498 ex
1401 461 1547 499 illicito
1581 464 1632 510 et,
1669 465 1716 501 vt
1748 463 1879 512 timet,

290 526 446 565 incesto
465 526 740 576 damnatoque
760 525 871 564 coitu
900 525 1077 574 genitus,
1099 526 1150 564 ad
1180 538 1324 563 omnes
1348 525 1474 564 etiam
1497 539 1632 565 sacros
1656 528 1696 566 et
1720 529 1885 579 presby-

290 593 446 630 teratus
466 591 628 630 ordines
648 593 865 641 promotus
886 591 935 629 de
954 590 1123 629 licentia
1143 590 1207 629 sui
1227 590 1452 639 superioris
1472 592 1670 641 existens,
1690 595 1884 632 euocatus

235 670 272 693 ιο
289 669 363 706 per
387 657 641 707 Episcopum
667 656 1004 696 Cameracensem
1031 656 1082 694 de
1115 655 1283 694 licentia
1311 656 1511 694 ordinarii
1537 658 1578 695 et
1602 657 1882 707 praelatorum

289 735 471 771 suorum,
487 722 533 760 in
553 721 729 760 diuersis
747 721 1091 760 vniuersitatibus
1112 721 1346 759 litterarum
1366 721 1504 759 studio
1524 735 1691 771 operam
1709 723 1822 762 dedit
1841 726 1883 762 et

289 789 331 825 in
351 788 490 826 virum
510 787 795 826 doctissimum
814 786 973 834 euasit;
1002 800 1047 825 ac
1075 786 1245 825 tandem
1269 799 1356 825 non
1382 787 1569 825 affectate
1591 788 1663 826 sed
1682 801 1755 838 per
1774 801 1882 827 occa-

289 854 445 892 sionem
476 854 648 901 coactus,
678 852 822 891 habitu
852 865 925 902 per
955 853 1086 891 dictos
1117 853 1334 890 canonicos
1365 852 1516 901 gestari
1546 853 1668 892 solito
1695 854 1880 903 primum

288 921 408 967 tecto,
437 932 533 957 mox
562 918 733 957 omnino
764 918 960 968 deposito,
986 918 1031 956 in
1060 917 1206 955 habitu
1236 916 1431 955 secularis
1459 918 1681 957 sacerdotis
1709 918 1882 957 incessit

228 994 266 1027 15
286 985 441 1034 aliquot
468 985 590 1023 annis
618 986 657 1022 et
686 984 840 1022 incedit
869 984 918 1021 de
947 982 1136 1033 presenti,
1164 982 1411 1032 apostasiam
1440 985 1481 1021 et
1509 983 1609 1022 alias
1638 984 1877 1033 sententias,

287 1063 477 1088 censuras
496 1052 538 1088 et
556 1062 708 1099 poenas
734 1049 1026 1087 ecclesiasticas
1051 1048 1096 1086 in
1121 1048 1220 1086 talia
1245 1049 1529 1097 presumentes
1549 1048 1674 1086 etiam
1697 1062 1746 1086 ex
1764 1049 1881 1087 insti-

284 1115 386 1153 tutis
406 1115 506 1153 dicti
526 1115 681 1153 ordinis
706 1115 963 1164 regularibus
991 1113 1096 1152 latas
1119 1113 1393 1161 incurrend03
1423 1114 1617 1164 cupitque
1639 1127 1715 1164 pro
1741 1114 1879 1153 anime

285 1194 380 1218 suae
400 1180 535 1229 quiete
554 1180 604 1218 ad
629 1180 872 1219 euitandum
899 1180 1034 1218 maius
1061 1179 1301 1217 scandalum
1328 1178 1371 1216 in
1396 1179 1506 1218 dicto
1532 1179 1680 1218 habitu
1704 1180 1879 1218 seculari

285 1258 493 1283 remanere
509 1247 549 1283 et
562 1245 614 1283 ab
629 1245 833 1294 apostasia
852 1244 1024 1294 aliisque
1039 1243 1267 1291 sententiis,
1285 1244 1470 1282 censuris
1485 1246 1525 1282 et
1539 1244 1683 1295 poenis
1703 1244 1879 1292 absolui,

224 1323 266 1345 20
282 1312 323 1347 et
343 1310 392 1348 ad
413 1310 610 1349 beneficia
635 1323 902 1360 quaecunque
927 1309 1152 1348 obtinenda
1176 1309 1398 1355 habilitari,
1423 1309 1584 1359 sibique
1604 1310 1814 1359 indulgeri
1832 1312 1879 1349 vt

282 1376 325 1413 {n
359 1375 576 1425 quibusuis
604 1375 968 1424 impetrationibus
1008 1374 1242 1412 litterarum
1282 1374 1599 1424 apostolicarum
1633 1375 1682 1413 de
1716 1375 1876 1414 defectu

282 1441 484 1479 natalium
522 1454 567 1479 ac
606 1440 913 1490 dispensatione
956 1439 1197 1478 huiusmodi
1236 1440 1491 1479 mentionem
1529 1440 1661 1478 facere
1701 1440 1876 1478 minime

280 1508 495 1544 teneatur:
524 1506 725 1556 nobisque
745 1505 966 1555 supplicari
994 1505 1131 1543 fecisti
1156 1506 1202 1543 vt
1230 1505 1309 1542 tibi
1334 1518 1430 1542 eum
1450 1505 1693 1543 absoluendi
1713 1518 1758 1543 ac
1779 1519 1875 1544 cum

281 1585 326 1610 eo
355 1585 476 1620 super
498 1571 736 1620 praemissis
767 1570 1034 1620 dispensandi
1063 1571 1104 1608 et
1134 1569 1198 1607 illi
1227 1569 1441 1608 indultum
1470 1570 1710 1609 huiusmodi
1739 1583 1876 1609 conce-

221 1648 259 1681 25
279 1636 404 1675 dendi
437 1636 647 1674 licentiam
681 1638 724 1674 et
752 1635 993 1674 facultatem
1023 1635 1244 1673 concedere
1277 1634 1327 1672 de
1361 1634 1620 1685 benignitate
1652 1636 1876 1685 apostolica

279 1701 554 1752 dignaremur.

616 1701 701 1739 Nos
732 1703 772 1740 et
804 1700 885 1739 viri
915 1700 1141 1750 ceterisque
1176 1713 1275 1749 quas
1307 1700 1545 1738 audiuimus
1574 1700 1802 1739 virtutibus
1833 1703 1875 1739 et

278 1767 517 1805 huiusmodi
555 1766 925 1816 supplicationibus
958 1765 1158 1813 inclinati,
1192 1764 1283 1812 tibi,
1320 1767 1367 1803 vt
1401 1765 1436 1803 si
1469 1765 1604 1804 dictus
1638 1765 1871 1815 canonicus,

279 1830 395 1868 cuius
424 1842 577 1868 nomen
606 1831 645 1867 et
674 1841 902 1878 cognomen
926 1840 971 1866 ac
1002 1827 1222 1877 qualitates
1249 1829 1290 1866 et
1321 1828 1504 1866 defectus
1533 1827 1774 1867 huiusmodi
1797 1841 1873 1879 pro

277 1892 480 1942 expressis
499 1891 710 1939 habemus,
734 1891 776 1929 id
796 1890 1014 1929 humiliter
1037 1889 1214 1940 petierit,
1237 1903 1333 1928 eum
1353 1890 1405 1928 ab
1425 1891 1629 1940 apostasia
1649 1904 1694 1929 ac
1714 1893 1873 1930 senten·

222 1967 234 1982 ²
278 1954 358 1999 tiis,
379 1954 563 1992 censuris
582 1956 623 1992 et
642 1953 789 2003 poenis
809 1952 1005 2002 praefatis
1035 1951 1283 1991 auctoritate
1304 1954 1449 1991 nostra
1467 1953 1543 1991 hac
1562 1952 1649 1991 vice
1669 1953 1874 1993 duntaxat

277 2017 466 2055 absoluas
491 2016 535 2054 in
564 2016 697 2054 forma
724 2015 916 2055 ecclesiae
943 2017 1149 2061 consueta,
1178 2015 1378 2054 iniunctis
1407 2015 1504 2053 inde
1536 2015 1616 2065 ipsi
1647 2028 1720 2065 pro
1748 2015 1872 2054 modo

276 2082 417 2131 culpae
447 2082 713 2131 poenitentiis
741 2081 992 2120 salutaribus
1021 2083 1061 2120 et
1090 2080 1183 2119 aliis
1217 2093 1321 2130 quae
1349 2080 1505 2119 fuerint
1535 2081 1585 2119 de
1617 2080 1706 2119 iure
1740 2081 1872 2120 iniun-

275 2147 435 2196 genda3
465 2160 684 2196 secumque
713 2160 837 2196 super
866 2146 1166 2196 irregularitate
1194 2145 1413 2196 praedicta,
1443 2147 1606 2196 siquam
1634 2146 1866 2195 sententiis,

275 2212 458 2250 censuris
484 2214 525 2250 et
551 2212 696 2261 poenis
726 2211 822 2250 latis
853 2211 1000 2250 missas
1029 2213 1071 2250 et
1098 2211 1181 2250 alia
1211 2211 1354 2250 diuina
1383 2211 1524 2260 officia,
1548 2223 1634 2249 non
1659 2213 1800 2250 tamen
1825 2212 1870 2250 in

927 2277 977 2306 18.
1000 2277 1142 2315 quietae
1159 2279 1226 2307 MS.

319 2370 347 2399 7.
377 2359 555 2390 defectum
586 2357 780 2399 natalium]
812 2359 858 2389 In
885 2368 905 2389 a
933 2358 1038 2388 Brief

274 2404 366 2434 from
399 2403 519 2433 Julius
551 2412 580 2433 11
614 2404 652 2433 to
687 2402 865 2440 Erasmus,
900 2413 919 2440 4
952 2402 1033 2433 Jan.

278 2447 371 2488 1503,
385 2447 505 2477 which
522 2446 583 2477 Dr.
595 2445 703 2476 Brom
722 2446 785 2476 has
802 2455 890 2485 very
905 2445 1034 2484 kindly

272 2490 397 2530 placed
449 2491 485 2520 at
538 2499 600 2529 my
655 2489 810 2529 disposal
866 2489 1033 2529 [vatican

272 2534 455 2570 Archives‚
482 2533 564 2572 Reg.
589 2533 702 2564 Later.
731 2543 823 2572 1174,
850 2532 873 2564 f.
895 2542 958 2571 345
975 2535 1033 2570 v⁰;

271 2577 416 2616 printed
432 2578 471 2607 in
488 2576 596 2608 EHR.
615 2576 694 2608 Jan.
718 2577 826 2616 1910),
845 2586 1034 2615 empower-

271 2621 334 2661 ing
350 2622 427 2651 him
443 2622 480 2651 to
497 2620 584 2650 hold
600 2619 774 2650 benefices
791 2620 830 2649 in
847 2619 955 2650 much
972 2620 1034 2650 the

272 2674 368 2695 same
392 2667 503 2694 terms
527 2673 563 2694 as
586 2663 650 2703 Ep.
668 2664 740 2702 518,
767 2663 842 2693 this
866 2662 981 2693 defect
1005 2664 1034 2694 is

273 2708 349 2738 said
380 2709 415 2738 to
447 2708 580 2738 consist
612 2708 650 2738 in
681 2707 790 2746 being
824 2707 887 2737 ‘de
918 2706 1033 2737 soluto

270 2753 413 2789 genitus
436 2752 471 2781 et
486 2750 594 2781 vidua
605 2748 622 2781 '.
669 2750 774 2781 From
795 2750 855 2781 the
877 2751 1034 2781 contrast

272 2795 362 2825 with
389 2794 452 2825 the
483 2796 679 2825 statement
705 2794 790 2825 here
822 2794 851 2823 it
881 2803 965 2833 may
991 2794 1034 2824 be

272 2837 498 2876 conjectured
521 2837 601 2868 that
623 2837 792 2868 Erasmus
813 2836 885 2867 had
907 2837 946 2867 in
970 2837 1033 2867 the

274 2881 429 2911 interval
453 2880 598 2912 learned
623 2890 720 2911 more
747 2881 856 2911 about
879 2880 942 2910 the
966 2880 1033 2911 cir-

270 2926 491 2954 cumstances
522 2924 560 2955 of
586 2924 644 2955 his
669 2924 789 2961 birth3
827 2923 889 2954 the
919 2924 1034 2955 words

273 2970 303 2995 vt
337 2968 419 2996 timet
452 2967 488 3005 (1.
509 2968 542 3005 7)
570 2967 724 3007 perhaps
755 2966 966 3006 indicating,
995 2977 1033 2998 as

273 3009 420 3039 Vischer
447 3012 557 3050 notes,
581 3011 658 3041 that
682 3020 778 3042 some
802 3011 1033 3049 uncertainty

1102 2358 1178 2389 still
1201 2357 1385 2388 remained
1405 2358 1444 2388 in
1466 2357 1524 2388 his
1547 2357 1659 2396 mind,
1679 2358 1870 2397 especially

1101 2411 1140 2432 as
1163 2404 1200 2432 to
1226 2402 1288 2432 the
1316 2401 1398 2432 date
1422 2401 1529 2432 when
1554 2401 1612 2431 his
1639 2401 1759 2432 father
1783 2402 1867 2433 took

1101 2444 1245 2484 priest's
1276 2445 1407 2476 orders.
1455 2444 1509 2474 On
1540 2444 1615 2475 this
1646 2446 1807 2475 occasion
1838 2446 1868 2476 it

1102 2498 1174 2518 was
1200 2488 1353 2528 perhaps
1382 2488 1447 2518 not
1476 2497 1665 2528 necessary
1690 2488 1745 2518 for
1774 2488 1863 2528 him,

1102 2532 1194 2562 after
1214 2532 1348 2571 having
1366 2531 1512 2562 avowed
1528 2531 1607 2562 that
1624 2532 1670 2563 he
1688 2541 1759 2562 was
1775 2532 1865 2562 born

1103 2577 1165 2606 out
1180 2576 1219 2606 of
1230 2575 1391 2606 wedlock
1409 2575 1479 2605 and
1496 2575 1558 2605 the
1575 2585 1638 2606 son
1655 2574 1694 2606 of
1706 2584 1726 2605 a
1739 2576 1864 2614 priest,

1103 2620 1138 2649 to
1168 2619 1211 2649 be
1236 2619 1376 2649 further
1403 2618 1548 2658 explicit
1575 2628 1621 2649 on
1648 2628 1685 2649 so
1713 2618 1866 2649 delicate

1102 2673 1121 2693 a
1138 2661 1284 2702 subject.
1332 2662 1376 2692 In
1393 2671 1431 2693 11.
1451 2672 1491 2700 27
1516 2662 1561 2692 he
1586 2663 1648 2692 not
1664 2661 1865 2701 unpardon-

1102 2706 1187 2745 ably
1197 2705 1318 2736 makes
1330 2706 1393 2736 the
1406 2706 1483 2736 best
1499 2715 1576 2735 case
1593 2706 1648 2736 for
1659 2705 1719 2735 his
1732 2705 1863 2743 father3

1101 2750 1165 2780 but
1182 2749 1236 2780 for
1255 2749 1403 2788 popular
1423 2749 1597 2780 tradition
1619 2758 1664 2779 on
1679 2748 1741 2779 the
1762 2758 1864 2787 ques—

1101 2793 1179 2824 tion
1195 2802 1252 2823 see
1267 2801 1306 2822 11.
1327 2803 1341 2823 1
1357 2802 1392 2823 n.

1143 2847 1174 2876 9.
1201 2835 1382 2876 euocatus]
1411 2835 1461 2866 Cf.
1480 2845 1518 2866 11.
1543 2845 1583 2874 97
1608 2835 1679 2866 and
1702 2834 1766 2874 Ep.
1785 2845 1860 2873 447.

1145 2892 1197 2961 ig.
1223 2921 1377 2963 coactus]
1405 2922 1457 2953 Cf.
1475 2921 1538 2961 Ep.
1556 2922 1630 2960 296.
1647 2931 1720 2953 201.

1144 2968 1195 2997 26.
1223 2966 1304 3006 Nos]
1330 2965 1352 2995 1.
1369 2967 1422 3002 60,
1441 2965 1679 2996 concedimus.

1143 3020 1196 3049 33.
1222 3008 1427 3049 secumque]
1452 3008 1474 3038 1.
1493 3009 1544 3048 48,
1564 3009 1779 3047 dispensare.
