2010 3417
74 207 171 262 569]
500 212 652 252 FROM
691 212 955 253 GERMAIN
994 213 1069 252 DE
1107 214 1246 253 BRIE
1583 213 1663 251 537

74 320 287 360 fastidium
302 321 386 360 iam
400 334 445 360 ac
463 335 661 361 nauseam
679 323 895 373 peperisse,
918 324 1114 374 epistolae
1135 324 1262 363 finem
1281 324 1428 363 faciam
1445 338 1454 362 ε
1485 325 1607 363 modo
1623 327 1663 364 te

73 398 203 425 vnum
233 386 275 425 id
302 388 866 437 p1·aemonueri1n,'‘'videlicet
899 402 966 427 me
988 390 1156 428 tametsi
1184 392 1255 428 tua
1282 390 1529 439 iampridem
1554 401 1661 439 prae-

72 451 203 490 sentia
234 451 424 501 priuatus
458 465 552 491 sum
592 455 634 491 et
663 453 786 504 longo
817 456 954 492 tecum
984 454 1168 493 locorum
1200 455 1420 493 interuallo
1448 454 1660 502 discretus,

71 516 206 555 nihilo
225 519 366 556 tamen
386 517 518 556 secius
535 517 598 556 tui
617 518 859 557 memoriam
889 519 1052 558 assidue
1072 519 1114 557 in
1141 520 1281 558 animo
1310 533 1355 557 ac
1380 522 1542 569 pectore
1570 532 1662 558 meo
1684 526 1744 558 235

71 584 372 621 sacrosanctam
420 582 686 631 circunferre,
730 586 850 633 teque
891 584 1060 633 perinde
1099 598 1234 623 amare
1286 587 1407 635 atque
1446 584 1663 623 obseruare

70 658 115 684 ac
136 646 173 685 si
191 660 384 696 praesens
403 648 632 697 praesentis
651 649 891 698 quotidiano
911 649 955 686 in
975 649 1087 687 hunc
1106 662 1233 699 vsque
1253 649 1363 689 diem
1391 648 1662 688 contubernio

68 723 167 750 vsus
194 711 377 751 fuissem.
462 713 603 763 Neque
640 714 753 751 enim
794 713 830 752 is
862 727 955 752 sum
994 714 1065 764 qui
1097 715 1250 753 amicos
1286 714 1477 753 absentes
1514 714 1661 753 absens

69 778 140 814 aut
161 776 350 815 obliuisci
370 780 441 816 aut
468 778 674 828 negligere
693 778 858 827 soleam,
881 779 947 817 cui
975 792 1073 817 sane
1102 792 1316 830 nunquam
1338 779 1442 818 illud
1470 779 1548 818 fuit
1577 791 1661 817 non

68 853 250 889 exosum,
286 845 402 891 τηλοῦ
446 844 554 892 φίλοι
594 844 754 884 ναίοντες
787 845 851 882 οὕκ
890 843 1017 893 εἷσκν)
1050 846 1169 893 φίλοι.
1232 845 1411 895 ΡΘΙὉΡίὶο
1439 846 1581 883 tamen
1614 856 1660 882 ao
1681 854 1743 886 240

70 905 271 944 nimirum
305 920 428 957 supra
457 921 582 958 quam
611 908 693 947 dici
721 910 856 958 potest
884 909 1136 959 concupisco,
1162 909 1225 948 vti
1256 909 1383 959 Regis
1411 909 1537 948 huius
1565 921 1660 958 erga

67 971 107 1008 te
126 970 302 1020 animus,
329 973 399 1022 qui
431 986 528 1011 sane
553 973 664 1012 haud
693 974 1020 1013 contemnendus
1041 976 1113 1022 est,
1136 976 1176 1012 et
1204 973 1538 1024 pollicitationes,
1559 986 1659 1023 quas

67 1035 179 1074 haud
209 1037 354 1076 inanes
390 1038 553 1077 futuras
580 1039 837 1087 arbitramur,
868 1041 920 1087 te,
954 1039 989 1078 si
1015 1053 1094 1089 qua
1122 1039 1290 1089 possint,
1322 1039 1374 1077 ad
1403 1039 1560 1078 Galliae
1592 1051 1658 1076 no-

68 1102 174 1140 strae
197 1102 518 1142 contubernium
543 1103 750 1143 alliciant:
779 1106 871 1143 tum
895 1105 946 1143 ob
975 1105 1052 1143 alia
1080 1104 1224 1152 multa,
1248 1105 1340 1143 tum
1367 1106 1413 1143 vt
1432 1104 1657 1154 periclitari

63 1166 330 1215 potissimum
356 1168 490 1207 valeas
514 1182 650 1207 meam
678 1182 774 1219 erga
798 1171 839 1207 te
866 1170 992 1208 fidem
1012 1182 1057 1207 ac
1077 1170 1423 1217 beneuolentiam,
1446 1169 1596 1208 addam
1616 1170 1657 1207 et
1677 1180 1737 1211 245

64 1230 368 1282 liberalitatem,
388 1247 531 1272 eorum
551 1237 658 1272 certe
679 1235 870 1272 omnium
891 1234 1041 1285 quibus
1060 1235 1391 1273 mediocritatem
1412 1235 1518 1274 hanc
1538 1234 1655 1272 nullo

61 1309 153 1335 meo
173 1297 321 1336 merito
340 1298 506 1337 fortuna
526 1300 752 1338 exornauit.
813 1299 925 1338 Bene
954 1300 1045 1338 vale
1074 1303 1115 1338 et
1145 1313 1210 1338 me
1230 1300 1292 1338 tui
1318 1299 1654 1338 amantissimum

59 1364 205 1400 mutuo
224 1376 328 1402 ama.
388 1363 571 1403 Parisiis.
628 1377 723 1402 VIII.
750 1364 861 1403 Idus.
885 1365 1017 1414 April.
1042 1378 1219 1403 M.D.XV1.

444 1509 537 1548 570.
599 1507 732 1549 FRoM
764 1508 891 1549 JOHN
921 1520 977 1550 oF
1009 1508 1264 1550 HssRINNES.

104 1597 290 1634 Deventer
306 1597 383 1634 MS.
401 1608 456 1643 91,
474 1598 499 1634 f.
522 1607 597 1644 125.
1375 1598 1563 1645 Enghien.

104 1654 176 1692 LB.
193 1656 289 1702 App.
310 1666 387 1702 125.
1335 1659 1357 1693 6
1374 1657 1481 1703 April
1502 1667 1603 1703 1517.

104 1736 193 1778 [The
220 1736 301 1768 date
331 1738 361 1768 is
389 1737 583 1768 confirmed
606 1738 654 1777 by
676 1737 738 1767 the
765 1738 986 1777 supposition
1010 1738 1090 1768 that
1114 1737 1282 1768 Erasmus
1304 1747 1377 1768 was
1405 1739 1440 1768 at
1463 1738 1648 1778 Antwerp.

60 1779 133 1810 The
159 1781 284 1811 writer
310 1781 485 1820 belonged
511 1782 546 1811 to
577 1780 639 1811 the
670 1780 885 1811 Chartreuse
916 1780 959 1812 de
991 1780 1025 1811 la
1056 1780 1225 1821 Chapelle
1256 1783 1292 1811 at
1320 1781 1515 1820 Hei-innes,
1546 1781 1586 1812 N.
1615 1781 1653 1812 of

60 1823 255 1863 Enghien3
293 1823 414 1854 which
451 1825 480 1854 is
515 1824 724 1854 mentioned
761 1825 801 1854 in
839 1824 939 1855 Dom.
978 1824 1126 1856 Ursmer
1164 1823 1351 1855 Berliere’s
1388 1827 1563 1856 Ιηυεηίαίνε
1599 1827 1650 1856 cles

62 1869 228 1898 obituaires
252 1869 367 1906 Belyes,
395 1867 489 1907 1899,
509 1877 567 1907 pp.
585 1866 692 1908 33‚4.]

323 1958 520 1989 IOANNES
552 1958 856 1990 HARENACEVS
888 1959 1068 1990 ERASMO
1098 1960 1167 1990 Ro.
1197 1961 1229 1991 S.
1258 1960 1294 1991 P.
1324 1960 1366 1990 D.

112 2042 262 2080 SAcms
273 2040 465 2079 initiatus
480 2040 654 2090 quidam
672 2040 844 2079 nomine
858 2041 1016 2090 Simon,
1032 2040 1082 2079 de
1095 2041 1253 2080 familia
1264 2042 1549 2081 honestissimi
1567 2042 1647 2081 viri

57 2119 101 2144 ac
135 2105 239 2145 iuris
275 2105 399 2156 periti
436 2105 632 2155 Gasparis
669 2105 866 2154 Halmali,
901 2106 1057 2144 tribuni
1093 2107 1434 2157 Antwerpiensis,
1464 2107 1646 2158 hospitio

58 2174 197 2210 nostro
219 2171 411 2210 vtebatur
433 2170 478 2209 in
503 2170 670 2208 ieiuniis
697 2172 816 2209 nocte
840 2184 933 2210 vna.
994 2172 1116 2210 Mane
1142 2172 1421 2222 interrogatus
1448 2186 1472 2212 a
1499 2186 1566 2211 me
1595 2173 1644 2212 de

55 2237 228 2275 Erasmo
247 2236 312 2286 (de
331 2236 432 2275 viris
451 2236 566 2274 enim
580 2236 755 2274 eruditis
773 2236 880 2274 mihi
900 2237 984 2274 fere
1003 2236 1164 2286 primus
1181 2238 1244 2275 est
1263 2238 1413 2287 sermo)
1433 2238 1644 2287 respondit

55 2302 278 2341 Erasmum
290 2301 467 2352 perbene
487 2314 602 2350 agere
614 2303 740 2350 atque
754 2301 1020 2351 Antwerpiae
1039 2302 1193 2339 morari
1204 2315 1299 2340 cum
1315 2302 1440 2341 Petro
1453 2303 1640 2352 Aegidio,
1664 2317 1681 2348 5

53 2366 378 2417 prudentissimo
412 2366 501 2404 viro
528 2378 573 2404 ac
603 2365 737 2404 scriba
762 2365 942 2404 ciuitatis
972 2366 1180 2415 primario,
1211 2369 1252 2405 et
1285 2367 1473 2405 addidit:
1514 2367 1643 2406 ‘Nos’

58 2432 196 2482 inquit
219 2432 228 2450 ⁴
243 2444 336 2481 sepe
356 2431 564 2480 loquimur
577 2444 673 2468 cum
694 2444 740 2468 eo
760 2430 1027 2479 familiariter,
1047 2431 1259 2469 interdum
1278 2432 1323 2470 in
1345 2433 1467 2470 domo
1488 2434 1642 2480 nostra,

55 2496 266 2535 interdum
294 2495 338 2533 in
367 2495 549 2545 hospitio
580 2509 654 2534 suo
686 2497 808 2545 atque
838 2496 963 2534 etiam
997 2495 1210 2534 interdum
1244 2496 1372 2535 alibi.'
1431 2497 1645 2545 ‘Quaeso‚’

55 2562 227 2611 inquam
248 2564 257 2580 ‘
272 2573 366 2598 cum
393 2562 674 2610 opportunum
699 2560 834 2607 fuerit,
858 2561 992 2599 saluta
1019 2574 1114 2599 eum
1140 2561 1310 2599 nomine
1336 2575 1429 2600 meo
1452 2564 1586 2612 atque,
1608 2563 1644 2600 si

52 2625 272 2673 videbitur,
289 2625 356 2663 his
369 2625 506 2664 verbis
521 2638 530 2662 ε
566 2626 588 2644 “
605 2625 783 2673 Quidam
798 2625 1071 2664 Cartusiensis
1086 2625 1136 2663 de
1151 2626 1272 2665 domo
1289 2626 1476 2676 Capellae
1491 2626 1644 2666 salutat
1663 2636 1704 2657 10

53 2693 103 2739 te,
143 2690 325 2737 Erasme,
361 2690 456 2739 quia
488 2689 624 2739 diligit
655 2692 707 2738 te,
729 2691 771 2728 et
802 2692 920 2739 rogat
950 2689 1110 2740 obnixe,
1145 2691 1181 2729 si
1212 2690 1406 2729 habueris
1436 2690 1531 2730 illac
1566 2691 1644 2730 iter

95 2793 170 2824 569.
191 2803 264 2831 240.
297 2791 414 2832 τηλοῦ]
438 2795 574 2823 Paroem.
599 2802 649 2828 ap.
678 2791 811 2823 Athen.
881 2791 943 2823 the
982 2792 1142 2831 ‚jealousy
1180 2794 1334 2833 existing
1375 2793 1535 2824 between
1578 2794 1641 2825 the

51 2840 147 2874 Dipn.
166 2845 195 2874 5.
215 2846 235 2874 3
250 2847 257 2874 3
274 2836 316 2866 cf.
336 2839 436 2873 Aclay.
460 2836 553 2866 1286.
880 2835 1004 2866 Hansa
1026 2835 1095 2866 and
1116 2836 1299 2875 Antwerp.
1346 2836 1413 2867 For
1435 2836 1509 2868 this
1533 2837 1642 2868 infor-

94 2880 170 2911 570.
194 2889 224 2909 2.
256 2878 433 2919 Halmali]
469 2889 532 2909 son
557 2878 596 2908 of
622 2878 717 2908 John
740 2888 810 2909 van
879 2879 1016 2909 mation
1038 2879 1056 2909 I
1078 2889 1135 2909 am
1161 2879 1329 2910 indebted
1352 2881 1389 2910 to
1412 2880 1457 2911 M.
1477 2880 1642 2911 Fernand

51 2923 227 2954 Halmale.
274 2922 330 2952 He
347 2932 419 2953 was
435 2922 570 2953 Sheriff
588 2922 625 2952 of
637 2921 810 2962 Antwerp
882 2922 1036 2961 Donnet,
1064 2922 1247 2963 Secretary
1274 2923 1311 2953 of
1334 2923 1396 2953 the
1421 2924 1531 2963 Royal
1554 2924 1640 2955 Aca-

51 2969 114 2997 ten
141 2966 248 2996 times
270 2966 430 2996 between
460 2975 618 3004 1510-27,
644 2965 714 2995 and
738 2975 811 2996 was
879 2965 983 3004 derny
999 2966 1036 2996 of
1047 2965 1288 3006 Archaeology
1304 2967 1341 2997 at
1356 2966 1539 3007 Antwerp.

50 3010 301 3049 Burgomaster
327 3019 421 3048 1524,
441 3010 534 3048 1526,
556 3008 647 3048 1528.
692 3009 811 3039 About
922 3009 951 3039 B
968 3009 999 3039 is
1019 3009 1203 3040 dedicated
1218 3011 1254 3040 to
1276 3009 1422 3041 Halmal
1438 3010 1544 3051 (App.
1564 3010 1632 3049 11);

54 3062 137 3092 1514
158 3053 204 3084 he
227 3062 300 3083 was
322 3055 401 3084 sent
421 3053 458 3082 to
479 3052 632 3083 Bremen
657 3053 693 3082 to
716 3051 810 3091 allay
878 3051 921 3082 cf.
942 3052 1015 3083 also
1033 3053 1094 3091 Ep.
1114 3063 1186 3091 474.
1206 3063 1226 3091 3
1243 3062 1280 3084 n.
