2010 3417
218 1522 282 1553 680

222 1849 283 1890 685

225 2176 289 2217 690

292 165 368 204 108
750 161 1001 202 LETTERS
1039 161 1109 200 or
1146 159 1412 200 ERAsMus
1754 156 1878 211 [1515

288 274 331 312 in
363 273 624 322 Hieronymo
656 271 910 309 restituendo
941 281 1190 319 magnopere
1221 267 1464 318 comprobas
1493 269 1534 305 et
1567 267 1617 306 ad
1647 268 1882 308 consimiles

288 337 469 378 hortaris
498 336 669 374 labores.
729 334 923 373 Hortaris
951 337 998 372 tu
1027 334 1196 384 quidem
1228 333 1314 371 iam
1347 334 1580 370 currentem
1595 345 1605 380 ;
1644 345 1881 383 quanquam

287 416 372 442 non
408 404 495 440 tam
533 400 814 439 hortatoribus
852 412 955 450 opus
992 401 1054 437 est
1090 399 1141 437 ad
1182 398 1290 436 hanc
1326 411 1414 436 rem
1453 410 1577 448 quam
1610 397 1879 446 adiutoribus,

288 469 453 506 tantum
491 467 553 504 est
589 465 634 504 in
671 465 838 514 negocio
878 464 1139 503 difficultatis.
1208 463 1367 502 Verum
1399 462 1531 501 nolim
1569 463 1741 512 posthac
1777 463 1883 502 mihi

255 549 270 580 5
291 533 512 582 quicquam
539 530 691 576 credas,
711 530 795 569 nisi
820 530 888 568 hic
909 541 1099 568 veracem
1121 528 1452 580 deprehenderis.
1513 527 1594 566 Isti
1623 541 1725 578 quos
1752 529 1885 567 tanto·

289 610 384 648 pere
418 595 591 635 offendit
624 596 765 644 Moria,
803 608 878 634 nec
915 594 1167 644 Hieronymi
1200 594 1435 644 probabunt
1466 593 1728 632 aeditionem.
1799 593 1884 632 Nec

290 662 361 700 isti
388 661 524 700 multo
552 663 652 700 sunt
682 662 895 712 aequiores
924 659 1092 707 Basilio,
1126 659 1436 709 ChrysostomO,
1469 658 1728 698 Nazianzeno
1759 672 1883 709 quam

290 726 421 775 nobis,
444 726 527 766 nisi
547 726 656 777 quod
675 726 720 765 in
739 739 814 765 nos
833 726 1026 765 licentius
1046 725 1352 764 debacchantur
1368 738 1377 772 ;
1408 737 1644 775 quanquam
1665 724 1884 775 aliquoties

291 792 535 831 irritatiores
571 804 647 831 nec
685 791 771 830 illis
806 791 982 841 indigna
1013 790 1244 830 luminibus
1277 792 1472 829 verentur
1503 789 1677 828 effutire.
1746 789 1887 829 Bonas

237 877 251 906 γ
292 858 452 897 litteras
489 860 686 897 metuunt
723 859 764 896 et
803 870 900 896 suae
938 857 1092 895 timent
1130 856 1353 907 tyrannidi.
1422 856 1564 906 Atque
1594 857 1640 894 vt
1677 855 1885 905 intelligas

293 937 359 962 me
391 937 476 962 non
506 925 659 962 temere
690 923 768 962 hoc
801 922 1000 971 diuinare,
1035 936 1131 961 cum
1161 935 1265 972 opus
1295 923 1401 960 esset
1431 921 1674 959 institutum
1705 923 1745 959 et
1775 921 1887 959 fama

294 990 378 1028 iam
414 988 723 1038 percrebuisset,
760 1001 965 1026 accurrere
1005 987 1172 1038 quidam
1205 999 1362 1037 graues,
1398 987 1445 1025 vt
1477 985 1695 1035 habentur,
1732 985 1813 1025 viri
1846 987 1888 1024 et

293 1054 488 1104 insignes,
522 1056 569 1092 vt
600 1054 679 1092 sibi
708 1053 914 1100 videntur,
944 1052 1138 1103 theologi,
1169 1065 1241 1103 per
1274 1051 1414 1091 omnia
1440 1064 1553 1090 sacra
1579 1052 1888 1102 typographum

296 1120 549 1158 obtestantes
574 1133 628 1158 ne
656 1118 755 1169 quid
781 1118 1026 1157 Graecitatis
1050 1121 1122 1157 aut
1146 1117 1388 1157 Hebraismi
1412 1119 1622 1168 pateretur
1643 1117 1888 1156 admisceri:

239 1185 442 1235 --ingens
474 1186 519 1223 in
551 1184 612 1223 eis
644 1184 795 1223 litteris
824 1196 912 1222 esse
945 1183 1187 1234 periculum,
1221 1197 1297 1223 nec
1330 1183 1551 1234 quicquam
1583 1196 1671 1222 esse
1703 1183 1890 1231 fruct-us;

296 1251 346 1289 ad
375 1250 504 1289 solam
527 1250 809 1288 curiositatem
835 1262 922 1288 esse
945 1251 1116 1299 paratas.
1175 1250 1229 1288 Et
1252 1251 1348 1288 ante
1371 1249 1448 1287 hoc
1473 1250 1640 1298 tempus
1665 1263 1760 1288 cum
1784 1251 1892 1301 apud

297 1315 520 1354 Britannos
540 1327 714 1366 agerem,
738 1314 842 1353 forte
861 1314 1027 1353 fortuna
1047 1314 1195 1353 incidit
1215 1314 1323 1353 mihi
1346 1314 1594 1364 compotatio
1614 1328 1709 1354 cum
1729 1316 1894 1355 Franci-

299 1394 420 1419 scano
451 1381 628 1431 quodam
658 1379 785 1430 primi
818 1379 1000 1418 nominis
1032 1379 1220 1428 Scotista,
1254 1380 1325 1430 qui
1358 1379 1490 1429 plebis
1522 1380 1676 1420 iudicio
1710 1382 1894 1421 multum

299 1458 448 1496 sapere,
478 1458 554 1483 suo
584 1444 692 1483 nihil
722 1444 881 1484 nescire
910 1445 1086 1484 videtur.
1147 1444 1258 1484 Huic
1288 1459 1383 1484 cum
1412 1445 1692 1495 exposuissem
1723 1445 1821 1495 quid
1850 1446 1894 1484 in

300 1511 562 1562 Hieronymo
600 1524 777 1560 conarer,
815 1511 1082 1549 vehementer
1114 1511 1343 1550 admiratus
1380 1513 1442 1550 est
1474 1523 1561 1550 esse
1595 1512 1817 1562 quicquam
1850 1513 1895 1551 in

299 1577 426 1617 huius
453 1577 572 1616 libris
600 1577 709 1627 quod
737 1590 761 1616 a
789 1577 993 1627 theologis
1017 1590 1102 1615 non
1130 1577 1458 1627 intelligeretur;
1489 1577 1614 1616 homo
1638 1590 1768 1627 Vsque
1797 1577 1896 1616 adeo

302 1643 491 1682 indoctus
518 1645 566 1682 vt
595 1642 775 1681 demirer
803 1643 839 1681 si
864 1644 949 1681 tres
976 1656 1121 1681 versus
1145 1643 1190 1681 in
1215 1643 1410 1682 omnibus
1436 1642 1685 1693 Hieronymi
1713 1642 1897 1681 lucubra-

300 1708 485 1747 tionibus
505 1710 612 1746 recte
631 1707 849 1758 intelligat.
889 1708 1083 1747 Addebat
1102 1708 1229 1747 homo
1244 1708 1398 1756 suauis,
1412 1709 1448 1747 si
1464 1708 1561 1758 quid
1581 1708 1625 1746 in
1646 1707 1898 1757 Hieronymi

301 1773 624 1824 praefationibus
643 1773 947 1821 addubitarem,
968 1773 1186 1812 Britonem
1206 1774 1345 1812 omnia
1365 1773 1598 1812 luculenter
1617 1772 1866 1823 exposuisse.

357 1840 528 1889 Quaeso,
561 1839 622 1877 mi
653 1839 792 1889 Dorpi,
828 1839 928 1889 quid
959 1839 1052 1878 istis
1082 1839 1208 1878 facias
1237 1839 1442 1889 theologis
1471 1840 1544 1878 aut
1575 1838 1675 1889 quid
1704 1837 1894 1888 preceris,

303 1905 385 1943 nisi
404 1905 509 1943 forte
529 1904 695 1943 fidelem
716 1904 925 1943 medicum
950 1905 1019 1955 qui
1043 1906 1208 1944 cerebro
1232 1906 1477 1945 medeatur?
1532 1905 1588 1943 Et
1614 1906 1755 1944 tamen
1773 1904 1899 1943 huius

303 1970 459 2009 farinae
487 1972 587 2009 sunt
611 1969 830 2020 aliquoties
856 1971 927 2020 qui
950 1971 996 2009 in
1018 1971 1307 2022 theologorum
1332 1984 1524 2011 consessu
1546 1970 1773 2010 fortissime
1795 1970 1900 2009 voci·

304 2036 517 2082 ferantur3
558 2034 620 2073 hii
653 2035 703 2073 de
737 2035 1055 2075 Christianismo
1092 2037 1382 2087 pronunciant.
1450 2037 1618 2075 Timent
1654 2038 1697 2075 et
1729 2037 1900 2075 horrent

306 2114 379 2140 ceu
399 2113 487 2139 rem
506 2099 780 2150 periculosam
800 2114 845 2139 ac
864 2101 1139 2151 pestilentem,
1163 2116 1287 2153 quam
1311 2103 1432 2141 diuus
1455 2102 1750 2152 Hieronymus,
1774 2113 1899 2150 quam

308 2167 497 2216 Origines
511 2166 636 2204 etiam
652 2179 777 2204 senex
789 2167 951 2216 magnis
966 2167 1189 2206 sudoribus
1204 2168 1283 2206 sibi
1296 2167 1468 2218 parauit,
1485 2181 1565 2218 quo
1576 2179 1671 2206 vere
1683 2165 1901 2214 theologus

306 2234 424 2271 esset.
480 2232 540 2270 At
570 2231 833 2281 Augustinus
863 2232 946 2271 iam
976 2232 1200 2283 episcopus,
1230 2233 1313 2271 iam
1343 2245 1480 2281 senex,
1507 2232 1552 2270 in
1582 2230 1900 2270 Confessionum

308 2297 426 2336 libris
449 2297 633 2347 deplorat
658 2297 767 2348 quod
793 2297 957 2336 iuuenis
981 2298 1031 2335 ab
1054 2297 1114 2336 eis
1139 2298 1290 2336 litteris
1317 2297 1598 2336 abhorruisset
1623 2309 1723 2347 quae
1751 2295 1833 2334 sibi
1855 2295 1900 2333 in

308 2363 563 2413 exponendis
582 2362 706 2402 sacris
732 2363 882 2402 litteris
904 2376 1056 2412 magno
1077 2363 1172 2402 vsui
1192 2377 1280 2402 esse
1305 2363 1549 2414 potuissent.
1607 2363 1650 2401 Si
1669 2361 1900 2412 periculum

309 2431 381 2476 est,
399 2442 483 2467 non
503 2430 687 2467 metuam
706 2428 785 2467 hoc
805 2427 1068 2477 discriminis,
1093 2428 1202 2479 quod
1216 2428 1298 2468 viri
1316 2431 1403 2467 tam
1423 2428 1628 2478 sapientes
1646 2428 1898 2466 affectarunt.

275 2511 290 2542 5
311 2495 355 2533 Si
386 2494 611 2543 curiositas,
645 2494 777 2533 nolim
810 2507 897 2532 esse
927 2494 1108 2532 sanctior
1140 2494 1401 2544 Hieronymo
1432 2494 1481 2532 de
1520 2507 1601 2544 quo
1635 2506 1759 2543 quam
1797 2492 1901 2530 bene

311 2562 547 2598 mereantur
570 2559 649 2607 isti,
673 2559 744 2609 qui
770 2559 879 2610 quod
902 2558 972 2597 ille
995 2559 1091 2598 fecit
1113 2559 1396 2598 curiositatem
1419 2560 1577 2606 vocant,
1600 2558 1785 2597 viderint
1806 2556 1898 2607 ipsi.

314 2626 439 2663 Extat
477 2627 766 2675 peruetustum
810 2624 1011 2675 pontificii
1050 2626 1220 2664 senatus
1263 2625 1475 2664 decretum
1514 2625 1562 2663 de
1600 2621 1902 2663 constituendis
1967 2638 1969 2640 ·

612 2731 686 2762 688.
711 2730 988 2762 christianismo
1004 2734 1034 2761 Α
1047 2729 1105 2762 <1²2
1129 2731 1439 2763 Christianissimo
1453 2730 1485 2761 α1
1505 2734 1598 2762 Loml.

358 2846 432 2883 671.
450 2846 677 2888 institutum]
690 2846 711 2877 J
715 2857 832 2878 erome
845 2857 917 2878 was
934 2847 1077 2888 already
1186 2847 1261 2886 684.
1292 2847 1496 2888 Britonem]
1525 2846 1645 2878 Oliver
1674 2845 1712 2877 of
1736 2844 1903 2884 Treguier

316 2889 435 2926 begun
451 2889 491 2919 in
511 2899 617 2929 1510:
640 2900 695 2921 see
711 2890 827 2922 MHE.
849 2891 873 2923 1.
895 2901 921 2923 1.
1144 2891 1182 2932 (†
1202 2892 1311 2932 1296),
1349 2902 1369 2922 a
1400 2891 1544 2922 learned
1576 2889 1802 2927 Dominican,
1832 2888 1902 2918 and

362 2932 434 2969 678.
458 2932 624 2973 Scotista]
650 2933 724 2964 The
736 2934 898 2965 incident
910 2934 1076 2965 occurred
1144 2936 1404 2966 commentator
1421 2944 1466 2965 on
1482 2934 1544 2964 the
1559 2934 1761 2964 Sentences.

319 2976 357 3005 in
375 2974 533 3006 London.
566 2976 601 3007 It
618 2977 649 3007 is
666 2986 762 3007 more
779 2977 872 3017 fully
886 2978 1019 3009 related
1036 2979 1075 3008 in
1186 2979 1261 3017 691.
1286 2977 1526 3018 Augustinus]
1553 2978 1636 3014 Cons.
1657 2985 1684 3006 1.
1707 2985 1744 3005 12
1762 2984 1831 3014 seq.

320 3018 382 3048 the
399 3020 500 3049 notes
517 3028 561 3049 on
579 3019 728 3059 Jerome,
748 3021 794 3051 iv.
815 3022 839 3052 f.
855 3032 875 3059 4
890 3023 938 3052 ν’).
1186 3023 1260 3060 697.
1279 3019 1479 3060 decretum]
1505 3020 1555 3052 Cf.
1574 3020 1636 3059 Ep.
1660 3019 1729 3050 182.
1752 3019 1810 3050 181
1830 3028 1865 3050 n.
