2073 3464
118 195 215 250 305]
567 197 637 236 To
674 196 857 237 JAMES
894 196 1274 236 WIMPFELING
1671 200 1719 237 19

116 307 322 346 Foelicem
346 320 388 346 se
412 307 500 345 fore
525 309 643 357 putat
672 307 781 357 apud
806 307 1040 346 Homerum
1074 309 1377 357 Agamemnon,
1402 308 1436 346 si
1471 308 1551 346 sibi
1579 309 1718 346 decem

115 373 360 423 contingant
407 372 574 411 Nestori
621 372 791 412 similes.
861 372 896 410 O
938 373 1102 422 saepius
1141 372 1332 411 foelicem
1375 373 1719 423 augustissimum
1741 386 1780 417 70

116 438 462 486 Maximilianum,
500 438 566 476 cui
595 439 658 476 tot
687 439 786 476 sunt
813 437 859 476 in
886 451 967 476 vna
997 437 1209 486 republica
1238 437 1443 487 Nestores,
1477 439 1543 477 vel
1581 438 1720 488 potius

118 504 331 554 Scipiones
359 506 400 543 et
428 503 615 552 Catones,
651 504 722 541 aut
749 503 785 540 si
813 502 913 552 quid
942 502 994 541 iis
1024 516 1186 553 quoque
1213 504 1281 542 vel
1307 504 1534 554 sapientius
1567 505 1635 543 vel
1662 505 1720 542 in-

117 569 363 620 corruptius.
421 568 465 606 Si
491 567 654 618 quando
682 567 930 617 grauitatem
957 568 1179 607 hominum
1206 569 1525 619 contemplabar,
1553 582 1721 618 prorsus

115 637 275 674 veteres
293 634 388 673 illos
401 633 673 682 Areopagitas
688 632 795 670 mihi
814 632 956 670 videre
967 632 1162 680 videbar3
1182 634 1218 672 si
1238 647 1404 672 morum
1423 635 1717 684 integritatem,

120 701 279 739 multos
298 697 503 739 Aristides
526 697 666 736 videre
689 709 756 735 me
782 696 1007 747 putabam;
1038 698 1074 735 si
1100 711 1236 737 mores
1262 699 1444 748 placidos
1472 713 1517 738 ac
1543 700 1716 748 sedatos,
1742 713 1780 746 75

116 764 372 814 imaginabar
404 775 541 801 meros
574 761 733 800 Fabios.
809 761 994 800 Rursum
1028 762 1100 801 vbi
1133 763 1270 802 victus
1303 765 1344 801 et
1374 763 1510 803 cultus
1541 765 1720 803 sobriam

118 828 372 868 mundiciem
399 829 441 866 et
467 827 670 866 mundam
695 826 977 876 frugalitatem
1000 827 1315 877 perpendebam,
1348 829 1580 878 priscorum
1605 830 1721 868 Lace—

115 893 474 933 daemoniensium
486 892 623 942 imago
638 892 839 942 quaedam
855 891 1150 931 obuersabatur
1162 893 1313 932 animo.
1364 893 1546 932 Demum
1562 895 1722 943 quoties

115 960 374 1010 inspicerem,
397 961 444 998 vt
464 958 570 996 mira
589 957 768 1008 quadam
793 959 1072 1007 temperatura
1095 957 1252 997 factum
1277 960 1384 997 esset
1402 960 1449 998 vt
1469 958 1653 997 vicissim
1680 962 1720 997 et

116 1025 381 1065 seueritatem
401 1023 588 1062 condiret
606 1036 772 1062 morum
798 1023 970 1062 comitas
996 1026 1036 1062 et
1065 1023 1305 1063 comitatem
1332 1026 1499 1063 ornaret
1526 1023 1718 1074 grauitas,
1741 1033 1782 1062 80

117 1091 189 1130 illa
237 1090 449 1140 quondam
495 1089 779 1128 laudatissima
823 1088 1162 1139 Massyliensium
1199 1089 1430 1140 respublica
1468 1102 1553 1129 sese
1601 1090 1722 1128 nobis

118 1155 435 1206 representabat,
467 1168 569 1205 quae
598 1154 715 1192 miris
745 1154 882 1193 modis
914 1154 1146 1193 Romanam
1170 1155 1434 1205 disciplinam
1467 1168 1563 1193 cum
1599 1155 1719 1194 Grae-

117 1235 260 1261 corum
278 1220 514 1260 vrbanitate
534 1220 744 1270 copulasse
763 1219 926 1270 legitur,
949 1233 1200 1271 prorsusque
1221 1220 1274 1259 iis
1301 1221 1432 1260 fuisse
1451 1220 1658 1260 institutis
1676 1223 1721 1258 vt

117 1288 169 1326 ab
188 1299 271 1326 vna
289 1287 496 1325 virtutum
516 1285 707 1324 omnium
726 1285 915 1324 ciuilium
936 1285 1124 1336 exempla
1152 1286 1293 1325 omnia
1313 1287 1399 1335 peti
1418 1288 1597 1336 possent.

171 1352 308 1391 Licuit
327 1351 436 1402 apud
458 1364 533 1390 vos
559 1352 604 1389 in
631 1350 800 1389 ciuitate
825 1364 908 1389 vna
934 1353 1179 1390 cunctarum
1204 1351 1465 1390 laudatarum
1490 1351 1606 1390 dotes
1629 1365 1720 1391 con·
1741 1358 1780 1399 85

116 1418 280 1468 spicere,
317 1417 601 1456 Romanorum
636 1416 911 1466 disciplinam,
945 1417 1270 1456 Atheniensium
1309 1417 1568 1467 sapientiam,
1602 1418 1720 1456 Lace-

117 1483 430 1522 daemoniorum
468 1481 781 1520 continentiam.
852 1482 1053 1521 Maiorem
1090 1482 1136 1520 in
1173 1482 1347 1521 modum
1385 1496 1453 1521 me
1491 1482 1721 1522 delectabat

118 1547 320 1587 mirificus
361 1547 433 1586 ille
476 1560 615 1586 rerum
654 1549 880 1586 concentus
921 1561 973 1586 ex
1021 1547 1318 1587 diuersissimis
1355 1548 1488 1587 veluti
1526 1548 1638 1587 sonis
1676 1548 1721 1586 in

115 1626 323 1653 summam
342 1612 582 1651 modulatus
597 1612 873 1652 concordiam.
923 1613 1127 1652 Videbam
1147 1615 1209 1652 tot
1225 1626 1344 1652 senes
1359 1614 1513 1664 absque
1533 1613 1718 1661 tristicia,

116 1681 179 1719 tot
201 1677 456 1729 imaginibus
481 1677 667 1717 illustres
693 1677 847 1728 absque
872 1678 992 1726 fastu,
1017 1681 1079 1718 tot
1105 1681 1296 1729 potentes
1315 1679 1467 1729 absque
1487 1679 1717 1728 supercilio,
1739 1695 1782 1727 90

116 1746 179 1783 tot
221 1744 427 1794 plaebeios
470 1743 794 1782 clarissimorum
835 1744 1010 1782 heroum
1049 1747 1217 1783 ornatos
1259 1744 1498 1791 virtutibus,
1549 1746 1716 1782 tantum

118 1809 338 1848 hominum
363 1821 586 1847 numerum
611 1809 701 1847 sine
718 1808 805 1846 vlla
824 1808 959 1847 turba.
1015 1809 1203 1859 Denique
1221 1808 1415 1847 videbam
1434 1809 1717 1848 monarchiam

115 1875 267 1925 absque
295 1874 528 1923 tyrannide,
558 1874 858 1912 aristocratiam
892 1874 982 1912 sine
1015 1874 1276 1921 factionibus,
1305 1874 1597 1913 democratiam
1631 1875 1720 1913 sine

118 1939 318 1987 tumultu,
349 1952 446 1989 opes
483 1939 635 1989 absque
668 1939 781 1987 Imm,
815 1939 1082 1978 foelicitatem
1111 1940 1266 1990 absque
1293 1939 1552 1989 procacitate.
1612 1939 1717 1987 Quid

117 2005 193 2043 hac
219 2004 437 2043 harmonia
463 2004 633 2053 cogitari
658 2006 793 2054 potest
818 2004 1037 2043 foelicius?
1090 2005 1263 2044 Vtinam
1285 2005 1331 2043 in
1356 2004 1598 2044 huiusmodi
1618 2018 1720 2043 rem·
1739 2022 1778 2053 95

117 2069 338 2120 publicam,
368 2069 511 2108 diuine
545 2069 676 2117 Plato,
709 2068 786 2108 tibi
810 2070 1052 2120 contigisset
1077 2070 1284 2118 incidere;
1313 2070 1380 2108 hic
1407 2070 1620 2118 nimirum,
1652 2071 1719 2109 hic

118 2134 306 2174 licuisset
342 2134 462 2173 illam
491 2137 609 2173 tuam
648 2134 862 2173 ciuitatem
908 2148 1004 2174 vere
1043 2135 1234 2174 foelicem
1282 2135 1514 2175 instituere.
1585 2135 1720 2175 Diuus

120 2200 391 2239 Hieronimus
419 2200 465 2238 in
492 2199 665 2250 epistola
692 2200 991 2239 facundissima
1020 2200 1172 2250 pariter
1207 2203 1248 2239 et
1282 2200 1565 2240 eruditissima
1594 2214 1719 2251 quam

117 2265 168 2303 ad
198 2265 441 2304 Gerontiam
471 2265 636 2315 scripsit
664 2265 714 2303 de
743 2266 1015 2316 monogamia,
1048 2266 1230 2316 inclytae
1259 2266 1444 2305 ciuitatis
1472 2265 1593 2305 istius
1621 2266 1719 2306 facit

120 2330 388 2378 mentionem,
423 2332 470 2369 vt
503 2330 712 2380 intelligas
745 2333 786 2369 et
824 2330 925 2369 olim
963 2331 1092 2370 fuisse
1128 2331 1326 2380 nobilem,
1362 2344 1536 2381 eamque
1572 2333 1666 2370 tum
1696 2346 1720 2370 a
1743 2349 1800 2370 100

118 2394 304 2434 barbaris
346 2408 531 2434 euersam
571 2395 768 2445 deplorat.
841 2396 947 2443 Quid
987 2396 1022 2434 si
1061 2409 1172 2434 nunc
1210 2396 1386 2435 eandem
1433 2396 1718 2446 conspiceret?

120 2459 262 2497 Vnam
276 2460 411 2498 tribus
428 2460 628 2510 irriguam
647 2460 799 2508 fluuiis,
817 2461 874 2499 sic
894 2461 1118 2509 munitam,
1134 2461 1192 2500 sic
1211 2463 1254 2499 et
1273 2461 1420 2511 opibus
1439 2461 1657 2500 florentem
1678 2464 1718 2499 et

119 2524 280 2563 ciuibus
298 2540 307 2572 3
327 2538 449 2575 super
463 2526 603 2564 omnia
622 2526 777 2564 talibus
793 2529 982 2565 ornatam
1001 2526 1217 2575 institutis,
1236 2539 1259 2564 a
1276 2526 1432 2565 talibus
1444 2526 1716 2577 gubernatam

119 2589 364 2638 proceribus.
427 2591 495 2628 An
529 2604 615 2629 non
644 2591 707 2629 illi
742 2604 897 2630 nomen
931 2594 1217 2638 commutaret,
1251 2604 1406 2641 proque
1437 2591 1715 2640 Argentoraco

121 2655 325 2693 Auratam
362 2655 618 2704 appellaret?
686 2656 806 2694 Adde
842 2656 894 2695 iis
932 2657 1041 2706 quod
1080 2657 1244 2695 diutina
1285 2657 1368 2694 iam
1413 2668 1510 2704 pace
1548 2655 1715 2700 fruitur,
1738 2673 1794 2703 105

164 2777 213 2805 72.
246 2767 292 2797 iis
315 2777 356 2795 a:
386 2765 443 2796 his
466 2767 500 2799 β.
678 2768 729 2805 76.
763 2767 896 2799 Rursus
919 2769 951 2801 β.
1141 2769 1192 2806 84.
1226 2768 1404 2798 virtutum
1428 2769 1487 2797 <162
1519 2769 1655 2799 virtute
1678 2770 1711 2802 β.

119 2812 240 2841 omnia
257 2812 331 2841 add.
348 2811 381 2843 β.
519 2819 590 2848 105.
616 2810 660 2840 iis
675 2822 717 2840 a:
740 2811 797 2842 his
813 2812 845 2844 β.

162 2920 215 2959 69.
239 2918 454 2958 Homerum]
479 2922 518 2950 Il.
534 2929 563 2949 2.
584 2929 694 2959 371,2.
951 2930 1056 2950 name
1073 2921 1260 2959 Gerontia3
1284 2921 1404 2952 which
1421 2922 1460 2952 in
1476 2922 1538 2953 the
1557 2922 1713 2954 editions

162 2964 214 3002 98.
237 2962 403 3004 epistola]
422 2962 537 2993 No.11
556 2963 595 2993 in
618 2963 797 2994 Erasmus’
810 2963 883 2994 edi·
951 2963 990 2994 of
1025 2964 1075 2994 St.
1106 2964 1209 2995 Maur
1241 2964 1314 2994 and
1349 2965 1468 3005 Migne
1497 2975 1646 3006 appears
1677 2976 1713 2998 as

119 3006 193 3036 tion
225 3007 265 3038 of
304 3007 396 3047 1516,
430 3005 500 3038 vol.
530 3007 551 3038 i.
584 3006 607 3038 f.
640 3016 693 3046 39.
739 3006 785 3037 In
823 3007 882 3038 his
950 3007 1160 3047 Ageruchia.
1199 3007 1271 3038 The
1284 3008 1461 3040 reference
1474 3010 1509 3040 to
1525 3009 1714 3049 Strasburg

120 3048 253 3081 scholia
276 3050 321 3080 he
344 3051 441 3090 gives
461 3051 602 3081 various
626 3049 738 3081 forms
761 3050 800 3081 of
819 3050 880 3081 the
948 3052 979 3081 is
995 3052 1031 3081 at
1048 3051 1111 3082 the
1129 3051 1211 3082 end.

886 3118 952 3144 C2
