2010 3417
287 139 367 177 354
749 137 1000 176 LETTERS
1039 138 1110 177 OF
1147 137 1415 177 ERASMUS
1755 137 1794 193 [1
1804 151 1826 189 5
1835 153 1849 178 1
1860 142 1882 178 6

287 247 521 297 syngrapha
534 247 552 285 '.
587 246 738 296 Recepi
753 245 1037 295 syngrapham
1056 258 1205 284 meam.
1237 246 1500 285 Admonebis
1520 247 1650 297 igitur
1668 247 1886 288 hominem

230 328 270 350 10
287 325 371 350 non
392 324 479 350 esse
499 311 606 349 mihi
626 311 790 349 consilii
810 310 1049 360 quindecim
1072 310 1251 349 florenos
1277 310 1446 360 perdere
1473 311 1519 349 in
1538 312 1754 362 sexaginta
1774 314 1887 353 nobi-

221 981 264 1003 20

216 1625 260 1656 30

286 377 406 414 libus.
449 375 631 425 Rogabis
648 375 1024 425 Archiepiscopum
1043 377 1090 414 vt
1109 376 1328 425 pecuniam
1347 375 1429 414 tibi
1446 376 1584 415 tradat
1599 391 1610 424 3
1642 378 1690 414 tu
1719 377 1887 418 colloca·

286 440 349 480 bis
367 441 476 490 apud
497 441 727 479 Germanos
746 440 1061 490 Stel-lingenses,
1076 442 1118 478 et
1136 440 1340 490 scriptum
1362 440 1443 479 huc
1459 441 1600 480 mittes
1613 455 1694 492 quo
1709 441 1776 481 hic
1797 443 1888 482 reci-

285 506 397 555 piam
421 519 430 544 :
452 505 535 545 nisi
549 506 628 544 erit
648 519 720 556 per
739 519 865 556 quem
885 506 966 544 huc
986 507 1131 544 mittas
1149 506 1315 544 rectius.
1350 506 1537 545 Exhausi
1555 506 1714 546 loculos
1728 508 1888 548 omneis

285 572 387 610 dum
419 584 487 609 me
517 571 660 610 vestio.
704 570 833 610 Crede
862 572 980 620 mihi,
1012 571 1073 609 mi
1099 571 1223 619 More,
1250 571 1380 610 effudi
1408 584 1534 622 supra
1564 572 1888 622 quadringentos

284 637 473 676 florenos.
531 637 624 676 Iam
643 637 874 687 periculum
898 639 959 676 est
980 651 1031 676 ne
1050 637 1153 676 bene
1173 637 1350 676 vestitus
1367 637 1476 676 fame
1494 637 1660 677 moriar.
1720 638 1765 677 Si
1780 638 1888 679 Tun-

283 702 431 740 stallus
459 701 526 740 hic
554 702 739 752 hyemat,
760 703 826 740 illi
851 716 919 741 me
947 702 1202 753 adiungam3
1232 715 1330 740 nam
1353 701 1396 740 id
1421 702 1730 752 impensissime
1759 703 1885 754 cupit.

284 767 591 806 Stolidissimus
610 768 681 806 ille
697 768 747 806 N.
767 768 950 817 egregias
962 767 1193 817 tragoedias
1212 767 1319 805 mihi
1337 767 1533 806 excitauit
1549 768 1738 818 Louanii,
1759 769 1887 808 etiam

282 834 375 882 post
390 833 555 871 iunctas
575 833 740 872 dextras
757 848 766 882 3
796 834 846 872 de
867 846 947 883 quo
968 833 1085 872 breui
1103 833 1283 872 scribam
1302 832 1517 882 copiosius.

335 897 466 945 Adiit,
493 898 591 937 haec
622 911 718 936 cum
749 898 981 945 scriberem,
1004 899 1180 937 Petrum
1205 897 1430 948 Aegidium
1459 899 1610 949 hospes
1631 899 1883 949 Anglorum,

282 963 456 1001 offerens
474 964 610 1013 precia
623 964 827 1002 librorum
843 978 852 1012 3
883 966 1090 1002 caeterum
1103 964 1153 1002 de
1171 966 1312 1002 nostra
1327 964 1502 1013 pecunia
1515 964 1682 1003 nullum
1694 965 1881 1004 verbum.

281 1028 344 1066 De
363 1028 590 1067 Vrseuuico
609 1030 674 1068 fac
693 1029 834 1068 instes.
897 1030 1185 1079 Hieronymus
1206 1029 1317 1068 intra
1345 1029 1522 1068 biduum
1551 1029 1683 1068 aderit
1709 1043 1804 1069 cum
1823 1030 1885 1069 in·

280 1094 396 1143 genti
415 1093 577 1133 sarcina
597 1095 812 1134 literarum
831 1095 882 1133 ad
903 1108 982 1133 me.
1042 1094 1127 1133 Vbi
1146 1107 1349 1144 accepero,
1372 1094 1522 1133 faciam
1539 1096 1579 1132 te
1599 1095 1825 1143 certiorem,
1848 1095 1885 1134 si

281 1159 379 1208 quid
400 1159 481 1198 erit
500 1159 610 1209 quod
623 1161 663 1197 te
683 1160 787 1198 scire
808 1161 1009 1210 oporteat.
1056 1159 1117 1198 De
1138 1159 1278 1198 insula
1290 1159 1420 1210 deque
1440 1160 1608 1199 caeteris
1628 1159 1885 1200 curabuntur

497 1224 610 1263 Haec
631 1225 777 1275 scripsi
797 1225 908 1265 inter
927 1225 1261 1275 componendum
1281 1225 1472 1272 sarcinas,
1498 1238 1596 1264 mox
1616 1238 1771 1275 equum
1791 1238 1882 1264 con·

279 1303 507 1329 scensurus.
569 1290 685 1329 Bene
704 1291 806 1338 vale,
831 1291 1071 1330 charissime
1093 1290 1219 1339 More,
1243 1303 1338 1330 cum
1359 1291 1445 1330 tuis
1464 1291 1671 1330 omnibus.

334 1355 630 1405 Antuuerpiae.
691 1356 898 1394 Postridie
918 1356 1000 1396 Cal.
1025 1355 1191 1395 Octobr.
1214 1369 1326 1394 ANNo
1345 1369 1523 1395 M.D.XV1.
1797 1406 1799 1408 Ι

333 1420 484 1459 Guraui
502 1423 548 1459 vt
568 1421 886 1470 Cantuariensis,
901 1422 1080 1469 Coletus,
1103 1422 1322 1469 Roffensis,
1338 1422 1592 1461 Vrseuuicus
1613 1424 1655 1461 et
1670 1424 1729 1471 tu,
1746 1421 1783 1461 si
1801 1422 1877 1470 viS‚

279 1484 391 1524 inter
408 1485 563 1535 primos
583 1487 791 1535 accipiatis
807 1487 1057 1537 Hieronymi
1071 1487 1297 1525 volumina.
1357 1487 1542 1526 Rursum
1560 1487 1663 1540 vale.

333 1549 379 1589 P.
404 1551 606 1600 Aegidius
626 1553 748 1601 plane
768 1554 807 1590 te
822 1553 997 1591 deamat.
1044 1550 1273 1590 Nobiscum
1293 1552 1455 1591 assidue
1475 1552 1596 1590 viuis.
1641 1551 1748 1591 Mire
1766 1552 1881 1591 fauet

277 1618 371 1654 tuae
391 1615 430 1653 N
433 1629 656 1665 usquamae
676 1620 798 1667 teque
817 1618 937 1656 valde
957 1617 1110 1656 salutat
1129 1629 1225 1655 cum
1245 1617 1330 1656 tuis
1348 1617 1554 1656 omnibus.

280 1223 431 1263 omnia.

877 1760 940 1800 To
971 1760 1178 1801 ANDREW
1207 1760 1474 1801 AMMONIUS.

323 1817 488 1864 Farrago
506 1829 541 1862 p.
562 1828 641 1860 224.
1551 1816 1732 1854 Brussels.

325 1875 362 1910 F.
381 1888 416 1921 p.
436 1886 525 1921 353:
555 1875 646 1911 HN:
675 1875 790 1912 Lond.
810 1875 886 1911 viii.
906 1887 973 1920 30:
1003 1875 1075 1910 LB.
1097 1876 1174 1911 160.
1453 1876 1475 1911 6
1494 1875 1654 1912 October
1675 1874 1832 1923 (1516).

633 1948 746 1989 [1516‚
762 1948 909 1979 because
926 1948 964 1979 of
979 1948 1040 1978 the
1056 1947 1281 1988 publication
1299 1948 1337 1979 of
1347 1948 1369 1978 J
1372 1946 1519 1989 erome.]

421 2028 627 2059 ERASMVS
658 2028 992 2059 ROTERODAMVS
1022 2028 1241 2059 ANDREAE
1272 2028 1490 2059 AMMONIO
1521 2028 1603 2059 SVO
1635 2028 1669 2058 S.
1696 2028 1740 2058 D.

328 2099 425 2137 VIN'
445 2100 579 2139 ridere
595 2101 616 2139 ‘?
671 2100 756 2139 Vbi
782 2101 1021 2140 Bruxellam
1049 2113 1241 2140 reuersus
1270 2100 1575 2141 cancellarium
1595 2099 1876 2139 Mecoenatem

273 2176 416 2203 meum
445 2165 702 2214 salutassem,
726 2166 796 2205 ille
825 2167 874 2205 ad
897 2166 1150 2205 consiliarios
1176 2166 1389 2206 adstantes
1409 2179 1555 2206 versus
1585 2166 1715 2204 ‘Iste'
1734 2165 1874 2215 inquit

679 1762 815 1815 47547s

318 2252 393 2283 474.
418 2263 450 2292 9.
475 2262 593 2284 meam
609 2256 682 2285 add.
700 2257 738 2285 F.
844 2264 894 2285 10.
921 2253 1104 2284 nobilibus
1120 2256 1166 2284 E:
1191 2253 1367 2293 angelatis
1382 2255 1425 2286 H.
1535 2263 1584 2284 12.
1612 2253 1874 2293 Sterlingenses

277 2296 342 2327 N³:
370 2296 554 2336 Sterlingfi
571 2300 621 2328 E:
644 2297 861 2337 Sterlingefi.
878 2297 935 2328 N2.
1067 2306 1116 2335 17.
1142 2297 1404 2329 Stolidissimus
1422 2322 1429 2329 .
1445 2321 1452 2328 .
1469 2321 1476 2328 .
1498 2298 1546 2328 18.
1566 2298 1744 2337 copiosius
1764 2307 1822 2328 om.
1836 2300 1874 2329 F.

275 2349 330 2370 21.
355 2340 550 2371 Vrseuuico
567 2344 692 2380 correxi,
709 2343 1034 2379 secundumsormam
1050 2343 1085 2370 in
1100 2351 1127 2371 υ.
1147 2351 1186 2380 27
1204 2344 1394 2373 restitutam:
1418 2340 1617 2372 Vrsauuico
1632 2343 1672 2372 E.
1763 2350 1815 2372 22.
1841 2343 1873 2372 si

270 2383 362 2422 quid
378 2385 449 2415 erit
465 2387 539 2415 add.
557 2386 600 2415 H.
705 2394 758 2423 27.
785 2385 1002 2416 Vrseuuicus
1019 2385 1048 2414 E
1064 2387 1176 2422 Cor-riq.
1190 2397 1196 2415 :
1223 2384 1443 2416 Vrsauuicus
1458 2387 1525 2416 EF.
1634 2394 1686 2425 29.
1713 2384 1809 2416 viuis
1824 2387 1871 2416 E:

273 2426 367 2458 viuit
382 2430 419 2458 F.
552 2437 606 2466 30.
632 2428 860 2468 Nusquamae
877 2431 922 2459 E:
949 2428 1100 2467 Vtopiae
1117 2430 1155 2459 F.

315 2522 391 2553 474.
413 2530 463 2560 14.
489 2522 618 2562 vestio]
644 2522 695 2553 Cf.
714 2522 776 2562 Ep.
796 2532 870 2561 470.
894 2532 965 2560 1—4.

318 2574 366 2604 17.
395 2564 456 2606 N.]
481 2565 623 2604 Clearly
645 2566 762 2606 Dorp3
787 2566 831 2597 cf.
850 2566 937 2605 Epp.
955 2574 1031 2605 475,

271 2618 345 2657 477,
364 2609 439 2648 478,
459 2610 534 2649 483,
558 2610 632 2648 485,
656 2619 729 2648 491,
756 2619 832 2649 505-
879 2610 953 2640 The
977 2619 1033 2639 ex·

272 2653 385 2683 cision
412 2654 452 2682 in
479 2652 507 2683 F
533 2653 571 2683 of
594 2663 757 2693 passages
785 2655 824 2684 in
856 2653 932 2684 this
961 2653 1034 2684 and

272 2696 490 2735 Subsequent
512 2696 638 2727 letters
660 2697 845 2736 reflecting
867 2707 913 2727 on
936 2696 1033 2736 Dorp

273 2738 444 2770 indicates
461 2749 508 2770 an
523 2740 726 2771 endeavour
742 2742 779 2771 to
791 2750 957 2780 preserve
971 2740 1035 2771 the

269 2781 387 2813 better
421 2782 710 2823 understanding
745 2784 887 2815 arrived
922 2786 959 2814 at
994 2784 1034 2814 in

274 2834 377 2863 1517;
409 2825 451 2857 cf.
477 2826 540 2866 Ep.
564 2837 628 2866 509
652 2827 784 2858 introd.

316 2869 365 2898 18.
405 2869 548 2901 iunctas
585 2870 744 2912 dextras]
786 2870 838 2902 Cf.
871 2870 937 2910 Ep.
968 2871 1032 2909 438

270 2910 402 2942 introd.

316 2963 365 2993 19.
390 2954 517 2995 hospes
547 2956 766 2998 Anglorum]
802 2957 1034 2996 Presumably

268 2996 331 3026 the
367 2997 446 3028 host
483 2999 520 3029 of
551 3009 598 3030 an
636 3001 703 3031 inu
740 3001 955 3040 frequented
987 3001 1034 3040 by

1104 2521 1345 2561 Englishmen
1368 2521 1560 2561 attending
1584 2521 1648 2552 the
1665 2521 1756 2559 fair;
1780 2521 1872 2552 from

1103 2565 1223 2596 whom
1248 2565 1417 2596 Erasmus
1440 2565 1558 2604 might
1584 2565 1675 2595 have
1697 2565 1871 2604 expected

1105 2618 1202 2640 news
1233 2609 1272 2640 of
1299 2609 1362 2640 the
1397 2609 1565 2648 ‘quidam
1596 2608 1755 2640 nostras’
1787 2608 1870 2648 (Ep.

1104 2653 1179 2690 468.
1206 2652 1240 2693 7)
1266 2663 1304 2684 οι·
1326 2653 1389 2684 the
1416 2653 1630 2683 ‘mercator'
1656 2651 1698 2690 (1.
1725 2651 1763 2691 2)
1787 2652 1870 2683 who

1103 2705 1177 2727 was
1192 2698 1229 2727 to
1245 2706 1315 2736 pay
1331 2696 1410 2727 him
1425 2697 1489 2727 the
1505 2705 1636 2735 money
1649 2695 1742 2726 from
1759 2695 1866 2727 More.

1147 2749 1200 2778 23.
1228 2739 1364 2781 insula]
1389 2740 1462 2770 The
1483 2742 1604 2777 Utopia.

1146 2793 1199 2822 29.
1225 2782 1336 2824 viuis]
1361 2783 1446 2814 This
1463 2783 1555 2814 form
1577 2782 1615 2814 of
1633 2781 1868 2822 compliment

1103 2827 1134 2856 is
1158 2827 1196 2857 of
1216 2827 1386 2866 frequent
1409 2836 1630 2865 occurrence,
1649 2835 1678 2856 e.
1687 2836 1718 2865 g.
1737 2825 1778 2855 in
1800 2825 1865 2864 Ep.

1102 2872 1156 2900 61.
1184 2880 1269 2909 4-9;
1302 2870 1365 2900 but
1392 2871 1422 2901 it
1449 2870 1480 2901 is
1511 2870 1611 2908 quite
1638 2868 1707 2900 lost
1736 2869 1775 2899 in
1804 2867 1867 2898 the

1104 2914 1254 2953 reading
1270 2914 1310 2944 of
1321 2913 1358 2946 F.

1147 2958 1222 2988 475.
1269 2967 1296 2988 1.
1359 2954 1642 2996 Cancellarium]
1690 2955 1741 2986 10.
1788 2953 1863 2993 Syl-

1102 3000 1228 3040 uagius
1243 3011 1251 3030 ε
1275 3001 1303 3030 Ε
1322 3004 1355 3030 in
1370 3010 1470 3038 ‘mar-9.
1516 3000 1569 3031 Cf.
1586 2999 1649 3038 Ep.
1667 3007 1742 3037 470.
1760 3006 1792 3035 9.
