2010 3417
122 157 222 212 447]
523 160 592 199 TO
631 159 979 198 LAMBERTUS
1017 158 1318 198 GRUNNIUS
1636 160 1715 198 309

120 268 292 318 faciunt)
322 271 528 319 apostatae
558 271 656 308 sunt
686 269 882 320 duplices,
913 269 1099 319 primum
1134 268 1232 318 quia
1265 268 1527 308 desciuerunt
1560 269 1611 307 ab
1644 268 1717 308 illa

118 334 384 373 sanctissima
398 334 652 385 professione
668 347 748 384 qua
763 334 930 374 Christo
945 334 1092 373 dedere
1108 347 1271 383 nomen,
1290 333 1438 372 deinde
1456 333 1506 372 ab
1522 333 1716 373 instituto

121 399 229 450 quod
249 400 424 450 professi
443 402 552 439 sunt.
603 400 656 438 In
677 400 762 448 hos,
783 399 965 450 inquam,
985 399 1199 449 oportebat
1215 399 1491 438 execrandum
1510 401 1717 449 apostatae

121 477 277 504 nomen
298 468 502 516 torquere,
524 465 649 504 etiam
670 465 705 503 si
724 465 864 503 decem
884 464 1059 502 cucullis
1077 465 1215 503 essent
1233 463 1430 502 obuoluti.
1737 469 1800 510 630

177 530 289 569 Haec
326 544 457 580 quum
490 531 549 568 ita
586 530 775 578 habeant,
814 530 873 568 mi
911 530 1144 575 Lamberte‚
1180 531 1383 578 quantum
1417 529 1622 579 flagitium
1656 531 1718 567 est

121 595 354 645 simplicem
383 596 560 634 aetatem
588 595 634 633 vi
662 608 732 634 seu
760 594 923 633 technis
947 594 993 633 in
1018 607 1185 634 nassam
1212 593 1448 644 impellere!
1506 594 1550 632 Si
1579 594 1717 644 palam

121 661 223 698 mali
249 663 357 707 sunt,
385 663 434 699 vt
463 662 563 699 sunt
588 660 783 710 plerique,
813 660 914 709 quid
944 659 1056 699 aliud
1087 673 1212 710 quam
1241 673 1390 709 pueros
1418 660 1462 698 in
1490 659 1717 709 perniciem

121 727 401 776 pertrahunt?
471 726 547 764 Sin
586 739 719 775 neque
757 726 879 764 calidi
916 738 1049 776 neque
1086 725 1238 775 frigidi,
1279 725 1322 763 in
1360 738 1483 775 quam
1522 725 1717 763 miseram

123 792 370 830 seruitutem
400 791 618 841 implicant
650 791 770 830 illos!
829 792 906 830 Sin
940 791 1157 841 probitatis
1191 790 1322 840 specie
1357 789 1715 837 commendabiles,
1738 797 1800 839 635

118 871 251 907 quum
271 858 325 896 sit
343 859 458 896 tanta
479 869 696 906 corporum
716 858 757 895 et
782 857 1018 896 animorum
1039 856 1226 905 varietas,
1251 868 1381 905 quum
1400 857 1486 893 tam
1505 855 1720 905 ingeniosa

119 922 344 970 simulatio,
368 935 498 972 quum
524 923 642 961 tanta
667 921 868 971 puericiae
896 921 1152 971 simplicitas,
1177 934 1308 970 quum
1326 920 1460 959 nodus
1486 920 1541 958 sit
1566 920 1718 958 insolu-

120 988 228 1037 bilis,
260 991 308 1027 vt
336 987 417 1038 ipsi
446 988 606 1036 volunt,
639 987 684 1025 in
718 988 825 1036 quod
861 987 1092 1036 periculum
1125 989 1218 1025 tum
1252 986 1382 1024 animi
1412 988 1503 1024 tum
1536 986 1719 1035 corporis

120 1053 300 1092 mittunt
327 1053 633 1092 adolescentes!
689 1054 749 1091 At
777 1053 984 1102 pubertas,
1011 1052 1223 1102 inquiunt,
1248 1051 1382 1089 adfert
1411 1050 1511 1089 boni
1539 1050 1719 1101 malique

118 1119 356 1158 discrimen.
415 1119 475 1156 At
507 1131 590 1156 non
623 1118 767 1156 eodem
797 1131 907 1156 anno
937 1118 1170 1167 pubescunt
1204 1118 1400 1156 omnibus
1433 1130 1612 1167 corpora,
1646 1117 1717 1155 sed
1737 1122 1801 1163 640

120 1185 256 1224 multo
292 1184 434 1223 minus
470 1183 613 1222 animi.
687 1184 743 1222 Vt
781 1183 888 1221 nihil
926 1183 1104 1230 intersit,
1143 1183 1337 1232 pubertas
1373 1182 1546 1221 fortasse
1583 1181 1719 1221 reddit

120 1250 315 1289 idoneum
329 1249 608 1296 matrimonio,
627 1262 712 1287 non
728 1248 830 1287 item
845 1248 1094 1298 professioni
1110 1247 1380 1295 monasticae3
1411 1260 1534 1297 quam
1550 1247 1718 1297 quidam

117 1316 309 1366 aggressi,
329 1327 459 1353 annos
477 1314 566 1353 nati
581 1314 677 1364 plus
697 1314 838 1352 minus
858 1314 1032 1363 triginta
1050 1315 1092 1352 et
1110 1313 1263 1363 alioqui
1282 1326 1421 1352 rerum
1439 1313 1718 1352 humanarum

119 1380 375 1431 peritissimi,
402 1378 641 1418 resilierunt
670 1382 766 1417 ante
796 1379 1105 1429 professionem,
1133 1379 1315 1417 dicentes
1345 1378 1462 1417 ‘Non
1490 1380 1682 1428 putaram
1695 1378 1715 1416 ⁹.

120 1446 234 1485 Olim
258 1446 330 1485 vix
350 1445 401 1484 ad
427 1445 678 1495 presbyterii
707 1444 881 1494 gradum
907 1444 1239 1483 admittebantur
1263 1444 1435 1493 triginta
1460 1457 1591 1482 annos
1616 1443 1718 1492 nati,
1737 1449 1799 1490 645

118 1514 161 1550 et
204 1511 255 1550 ad
298 1511 569 1550 monasticam
613 1510 747 1548 vitam
784 1509 927 1548 statim
965 1509 1103 1547 idonei
1146 1511 1245 1547 sunt
1288 1509 1590 1559 pubescentes?
1663 1509 1719 1547 Et

119 1576 289 1615 interim
317 1589 533 1626 perperam
561 1575 770 1625 vsurpatis
797 1574 1009 1614 vocabulis
1037 1574 1259 1624 imponunt
1287 1574 1513 1624 imperitis:
1557 1574 1714 1622 mundi,

120 1642 238 1691 quasi
269 1641 352 1692 ipsi
381 1641 465 1680 sint
497 1640 837 1679 extramundani:
881 1640 1149 1688 obedientiae,
1181 1652 1309 1689 quum
1341 1639 1554 1689 Scriptura
1583 1638 1718 1688 magis

120 1707 383 1745 commendet
401 1706 678 1744 obedientiam
698 1705 776 1744 Dei
795 1718 918 1755 quam
938 1705 1182 1743 hominum:
1212 1704 1299 1743 voti
1319 1703 1565 1753 insolubilis,
1587 1717 1717 1753 quum

120 1772 309 1810 nondum
345 1771 532 1809 inuenire
570 1772 783 1820 potuerint
821 1770 1099 1808 differentiam
1137 1769 1247 1807 inter
1282 1771 1428 1808 votum
1467 1768 1641 1807 solubile
1678 1771 1719 1807 et
1736 1775 1799 1817 650

120 1836 362 1883 insolubile,
380 1836 464 1874 nisi
485 1835 592 1885 quod
615 1835 762 1874 Scotus
781 1838 1042 1873 commentus
1061 1837 1123 1873 est
1143 1835 1234 1873 ideo
1255 1834 1553 1872 monachorum
1572 1835 1719 1873 votum

119 1902 228 1941 solui
248 1915 331 1940 non
356 1914 488 1951 posse,
508 1901 616 1951 quod
642 1914 715 1950 per
734 1901 951 1939 hominem
971 1901 1042 1938 fiat
1063 1899 1150 1938 Deo
1166 1914 1175 1947 ;
1204 1913 1302 1938 nam
1325 1900 1430 1949 quod
1453 1899 1530 1937 soli
1549 1899 1637 1937 Deo
1656 1899 1714 1947 fit,

121 1967 241 2005 facile
274 1967 460 2006 soluitur.
533 1966 667 2015 Atqui
707 1978 835 2014 quum
870 1965 1048 2003 istorum
1086 1966 1219 2003 status
1257 1964 1394 2002 onmis
1432 1964 1717 2003 Romanorum

122 2031 377 2070 Pontificum
415 2031 637 2070 autoritate
674 2030 846 2078 nitatur,
891 2043 997 2080 quur
1041 2029 1106 2068 illi
1151 2029 1311 2079 quoties
1354 2029 1479 2067 libuit
1522 2031 1717 2068 strennue

120 2097 363 2147 oppedunt‘?
420 2097 465 2135 Is
494 2109 624 2147 quum
653 2095 811 2134 multos
839 2095 985 2134 liberet
1014 2108 1037 2133 a
1065 2094 1363 2143 monachismo,
1390 2094 1487 2133 licet
1515 2108 1600 2134 non
1630 2095 1718 2134 sine
1736 2101 1797 2141 655

120 2175 255 2210 causa,
284 2162 321 2200 si
354 2164 491 2212 potest
525 2161 634 2211 quod
667 2161 777 2209 facit,
807 2174 914 2211 quur
942 2161 1058 2199 illius
1087 2161 1355 2199 autoritatem
1385 2160 1453 2198 hic
1482 2173 1556 2210 pro
1586 2160 1718 2199 nihilo

121 2226 311 2266 ducunt?
368 2228 412 2266 Si
432 2229 586 2277 negant
605 2227 726 2265 illum
746 2239 862 2276 posse
889 2226 998 2276 quod
1019 2225 1127 2274 facit,
1150 2239 1203 2264 an
1231 2239 1316 2264 non
1336 2225 1400 2263 illi
1426 2225 1583 2264 crimen
1602 2227 1719 2264 atrox

122 2292 396 2342 impingunt?
466 2293 533 2332 Ita
571 2292 733 2342 quoties
770 2291 872 2341 ipsis
911 2291 1174 2330 commodum
1211 2293 1290 2339 est,
1327 2292 1523 2330 Pontifex
1562 2291 1719 2330 Christi

122 2357 301 2396 vicarius
320 2371 406 2396 non
424 2360 562 2408 potest
582 2371 740 2396 errare:
770 2357 930 2407 quoties
952 2370 1068 2396 secus
1086 2358 1226 2395 visum
1245 2359 1322 2405 est,
1342 2357 1450 2395 nihil
1470 2356 1566 2406 agit.

178 2422 259 2460 Sed
278 2436 364 2461 non
384 2425 446 2461 est
465 2436 576 2462 nunc
603 2423 770 2461 animus
796 2423 995 2461 aduersus
1020 2422 1185 2461 ordines
1209 2422 1456 2472 depugnare,
1476 2422 1531 2460 sit
1550 2422 1627 2460 hoc
1647 2423 1718 2459 aut
1736 2425 1799 2457 662

122 2486 226 2524 illud
256 2487 367 2525 vitae
395 2500 526 2536 genus
554 2488 651 2526 huic
679 2490 752 2526 aut
780 2487 844 2526 illi
874 2488 1140 2526 commodum
1169 2489 1240 2525 aut
1271 2487 1396 2525 etiam
1426 2487 1717 2531 necessarium,

123 2551 320 2602 probetur
339 2552 474 2592 nodus
491 2553 741 2592 insolubilis.
794 2553 883 2601 Quo
904 2553 1099 2600 sanctior,
1120 2565 1203 2601 quo
1221 2551 1355 2601 magis
1374 2552 1500 2589 ardua
1519 2551 1717 2600 professio

122 2618 198 2665 est,
233 2617 310 2655 hoc
344 2617 685 2667 circunspectius,
719 2618 875 2656 lentius
907 2630 952 2656 ac
985 2617 1116 2655 serius
1148 2617 1254 2655 esset
1287 2615 1577 2664 suscipienda3
1619 2617 1718 2655 satis

123 2684 302 2729 mature,
339 2682 375 2719 si
412 2683 507 2721 ante
546 2695 703 2720 annum
742 2681 1116 2731 quadragesimum,
1158 2693 1250 2718 mea
1293 2680 1460 2729 quidem
1498 2681 1712 2719 sententia.

124 2748 293 2786 Caetera
329 2748 427 2785 vota
464 2760 549 2785 non
587 2748 687 2785 sunt
725 2748 823 2794 rata,
859 2746 939 2785 nisi
979 2747 1138 2784 constet
1176 2758 1320 2783 sanam
1355 2745 1482 2783 fuisse
1519 2746 1715 2794 mentem,
1735 2749 1797 2791 665

122 2811 310 2850 sobrium
340 2812 540 2860 animum,
563 2825 586 2850 a
612 2811 838 2850 terroribus
861 2811 1033 2860 aliisque
1059 2810 1255 2849 violentis
1278 2810 1389 2848 curis
1414 2809 1602 2849 liberum.
1663 2811 1717 2850 Et

123 2877 191 2915 hic
227 2875 389 2915 valebit
434 2890 564 2927 quum
608 2891 711 2927 puer
755 2875 975 2923 illecebris,
1020 2875 1161 2923 minis,
1208 2875 1325 2924 fucis,
1367 2875 1717 2915 terriculamentis

124 2942 352 2981 reclamans
379 2942 422 2980 in
451 2942 644 2992 laqueum
674 2941 881 2992 impulsus
910 2942 1004 2979 est‘?
1060 2940 1142 2979 Hic
1169 2940 1326 2979 scilicet
1351 2940 1556 2991 profertur
1580 2943 1718 2980 metus

732 3018 806 3055 644.
835 3016 1053 3046 resiluerunt
1069 3018 1108 3047 N.
