2010 3417
95 181 195 236 373]
648 182 718 222 ΤΟ
757 181 874 222 ΤΗΕ
913 181 1149 221 READER
1620 179 1695 217 171

94 294 191 344 gata
210 293 444 332 conuenire.
503 293 663 332 Verum
682 306 767 332 non
786 293 866 332 hoc
888 288 1050 343 egimus
1068 294 1115 331 vt
1140 304 1275 330 sermo
1298 290 1466 341 politior
1487 290 1605 338 esset,
1627 289 1697 328 sed

93 360 141 398 vt
157 359 415 397 emendatior
432 372 478 398 ac
497 358 740 398 dilucidior:
770 371 845 397 nec
864 360 953 397 erat
971 357 1038 396 hic
1058 357 1103 396 in
1121 370 1280 408 scyrpo,
1306 356 1415 407 quod
1431 355 1560 403 aiunt,
1581 367 1699 406 quae-

95 423 247 463 rendus
277 424 422 463 nodus.
482 424 594 473 Quin
625 424 729 463 illud
759 424 899 474 potius
928 423 1159 474 optandum
1190 424 1253 461 est
1283 421 1490 469 omnibus,
1516 422 1563 460 vt
1591 419 1699 458 nihil

95 501 270 540 vsquam
290 489 346 528 sit
371 489 543 528 obuium
567 490 612 528 in
631 489 759 528 sacris
782 488 917 527 literis
943 489 1050 539 quod
1076 488 1185 527 hanc
1205 500 1370 538 operam
1390 485 1584 537 postulet.
1644 485 1694 523 In

93 554 345 605 Euangeliis,
377 554 574 605 quoniam
602 567 676 604 per
703 567 746 593 se
775 554 986 593 dilucidus
1013 567 1058 592 ac
1093 567 1221 603 prope
1249 555 1381 592 semet
1409 551 1620 602 explicans
1638 549 1699 590 hi-

94 620 246 659 storiae
274 622 395 658 tenor
414 619 596 670 simplici
616 621 657 658 et
676 619 911 658 inaffectato
932 632 1123 658 sermone
1142 619 1322 669 profluit,
1346 632 1398 656 ne
1417 617 1508 656 fieri
1528 615 1696 667 quidem

94 685 231 735 potuit
251 687 298 724 vt
316 684 540 724 admodum
561 683 696 723 multa
715 685 860 723 vitiare
883 684 1062 734 potuerit
1080 685 1148 723 vel
1167 684 1371 733 interpres
1391 683 1458 722 vel
1478 681 1696 721 librarius:

95 763 334 801 quanquam
362 749 463 788 haec
491 750 591 799 ipsa,
613 749 651 788 si
680 750 774 800 quis
802 750 854 788 ad
884 762 1092 788 summam
1120 749 1336 799 expendat,
1360 749 1542 786 nimium
1571 748 1697 786 etiam

93 815 230 856 multa
247 817 357 863 sunt,
378 814 466 853 illic
485 815 558 854 vbi
576 814 744 854 nullum
759 815 974 865 oportebat
989 814 1158 854 subesse
1177 814 1430 865 scrupulum.
1481 813 1699 852 Caeterum

92 881 139 920 in
159 880 360 931 Epistolis
378 879 631 930 Apostolicis
657 880 710 920 ob
729 879 935 919 sermonis
952 879 1107 929 pariter
1125 881 1167 917 et
1186 879 1490 917 sententiarum
1519 877 1699 916 obscuri-

91 946 233 993 tatem,
267 946 388 996 plura
417 958 583 984 necesse
620 945 702 984 fuit
735 946 971 984 immutare.
1032 944 1118 984 Nos
1150 943 1320 983 interim
1350 942 1578 983 adnotandi
1611 941 1700 980 dili-

91 1010 280 1060 gentiam
314 1012 373 1050 ita
405 1011 608 1050 moderati
637 1023 783 1050 sumus
815 1013 863 1050 vt
901 1024 976 1049 nec
1008 1009 1300 1059 superstitione
1335 1008 1503 1048 molesti
1533 1021 1608 1046 nec
1642 1006 1701 1044 in-

92 1075 310 1126 diligentia
338 1076 538 1115 diminuti
555 1077 802 1116 videremur.
861 1076 967 1115 Rem
986 1078 1126 1115 autem
1146 1088 1313 1114 omnem
1334 1087 1458 1125 quam
1485 1072 1700 1124 potuimus

92 1141 352 1191 paucissimis
370 1143 510 1182 verbis
528 1143 806 1182 iudicauimus
826 1142 961 1193 magis
991 1155 1115 1192 quam
1141 1140 1426 1192 explicuimus,
1450 1152 1504 1178 ne
1526 1137 1700 1188 negocio

93 1209 239 1257 suapte
257 1210 408 1247 natura
419 1221 568 1258 parum
587 1222 761 1247 amoeno
779 1208 1043 1259 loquacitatis
1063 1220 1224 1258 quoque
1243 1206 1427 1245 taedium
1441 1205 1696 1244 adderemus.

94 1272 223 1311 Pium
242 1274 304 1312 est
324 1287 439 1324 opus,
463 1274 751 1314 Christianum
770 1276 832 1313 est
853 1286 967 1324 opus.

150 1337 329 1377 Proinde
349 1340 401 1388 te,
419 1352 581 1390 quaeso,
600 1339 730 1379 lector
749 1339 915 1389 optime,
933 1340 980 1378 vt
1009 1341 1056 1377 tu
1076 1351 1239 1388 quoque
1258 1336 1441 1376 vicissim
1462 1335 1551 1385 pias
1580 1347 1698 1373 aures

94 1404 134 1441 et
156 1403 444 1444 Christianum
462 1407 608 1456 pectus
625 1406 677 1444 ad
695 1405 919 1456 legendum
939 1404 1111 1444 adferas.
1172 1403 1235 1441 Ne
1255 1403 1350 1453 quis
1369 1402 1470 1440 haec
1490 1414 1537 1439 eo
1558 1400 1700 1438 animo

94 1468 140 1506 in
159 1482 311 1509 manus
330 1473 470 1509 sumat
490 1484 573 1521 quo
591 1470 781 1510 fortassis
799 1471 928 1509 sumit
941 1470 1094 1508 Noctes
1111 1468 1320 1507 Gellianas
1341 1469 1411 1506 aut
1425 1466 1578 1516 Angeli
1593 1465 1704 1504 Poli-

93 1533 199 1573 tiani
218 1534 508 1585 Miscellanea3
538 1536 734 1575 videlicet
761 1550 840 1587 quo
871 1548 1024 1574 neruos
1057 1533 1228 1584 ingenii,
1261 1535 1349 1571 vim
1372 1531 1632 1582 eloquentiae
1659 1533 1699 1569 et

95 1600 374 1640 eruditionem
393 1604 599 1641 retrusam
625 1602 740 1641 velut
759 1602 809 1641 ad
830 1601 1012 1652 Lydium
1032 1601 1166 1651 exigat
1185 1599 1378 1650 lapidem.
1439 1598 1493 1636 In
1522 1610 1565 1635 re
1585 1609 1700 1635 sacra

94 1678 320 1715 versamur,
342 1669 384 1705 et
412 1667 458 1706 in
481 1681 529 1707 ea
556 1681 600 1706 re
626 1681 728 1718 quae
757 1667 1025 1717 simplicitate
1052 1665 1319 1716 puritateque
1344 1663 1609 1714 potissimum
1637 1663 1700 1699 est

95 1731 184 1769 orbi
222 1732 536 1771 commendata:
584 1733 629 1771 in
670 1746 750 1784 qua
794 1732 1018 1771 ridiculum
1058 1731 1114 1770 sit
1152 1731 1382 1769 humanam
1418 1727 1697 1767 eruditionem

95 1798 301 1836 ostentare
320 1797 441 1846 velle,
463 1798 643 1847 impium
662 1798 891 1837 humanam
915 1798 1067 1836 iactare
1091 1795 1396 1847 eloquentiam;
1426 1806 1551 1844 quam
1570 1792 1697 1830 etiam

95 1862 133 1900 si
152 1862 290 1901 forsan
310 1863 483 1911 adesset,
504 1863 764 1902 dissimulare
785 1863 1068 1908 conueniebat,
1087 1875 1139 1900 ne
1159 1862 1252 1912 quis
1270 1860 1377 1899 illud
1397 1859 1547 1898 merito
1567 1856 1699 1908 possit

96 1927 282 1977 obiicere,
312 1929 355 1966 τὸ
385 1931 423 1966 ἐν
450 1931 555 1980 φακῇ
572 1930 698 1979 μύρον.
759 1929 951 1979 Simplici
976 1941 1162 1978 puroque
1195 1927 1333 1965 studio
1363 1926 1569 1964 tradimus
1601 1923 1700 1962 haec

97 1992 346 2032 Christianis
376 1993 558 2043 auribus,
585 2007 666 2045 quo
695 1994 868 2044 posthac
900 1994 945 2032 in
978 1994 1235 2032 sacrosancta
1264 1993 1340 2031 hac
1368 1989 1630 2041 philosophia
1656 1990 1698 2026 et

95 2057 236 2109 plures
254 2061 521 2098 versarentur
539 2061 580 2098 et
608 2060 831 2108 lubentius,
854 2059 1031 2110 denique
1050 2061 1097 2098 vt
1127 2058 1289 2096 minore
1316 2069 1412 2095 cum
1438 2054 1619 2105 negocio,
1642 2054 1700 2092 ita

95 2124 253 2163 maiore
276 2138 373 2163 cum
406 2125 556 2163 fructu.
617 2125 835 2164 Christum
866 2124 1016 2175 ipsum,
1045 2137 1125 2174 quo
1151 2125 1256 2162 teste
1287 2121 1415 2161 simul
1443 2122 1484 2160 et
1512 2120 1699 2159 adiutore

94 2189 294 2228 molimur
313 2190 425 2238 haec,
447 2203 596 2240 parum
616 2190 723 2229 mihi
742 2190 974 2241 propitium
995 2190 1209 2240 imprecor,
1232 2188 1316 2227 nisi
1339 2201 1390 2226 ex
1414 2187 1528 2225 hisce
1553 2183 1700 2224 labori-

95 2255 175 2293 bus
201 2255 302 2294 adeo
331 2254 442 2293 nihil
469 2268 673 2294 venamur
701 2255 986 2304 emolumenti,
1012 2257 1058 2294 vt
1085 2267 1281 2304 magnam
1310 2253 1438 2292 etiam
1466 2253 1702 2301 certamque

96 2319 158 2358 rei
188 2320 448 2370 pecuniariae
479 2321 682 2360 iacturam
711 2322 888 2360 scientes
921 2334 967 2360 ac
1000 2320 1190 2359 volentes
1219 2318 1510 2370 acceperimus.
1565 2317 1696 2355 Porro

95 2385 229 2424 famae
262 2386 481 2425 dulcedine
512 2389 678 2426 tantum
713 2387 829 2426 abest
852 2389 901 2426 vt
927 2386 1160 2433 titillemur,
1192 2387 1237 2424 vt
1264 2398 1317 2423 ne
1346 2396 1502 2423 nomen
1532 2381 1699 2433 quidem

99 2452 291 2490 nostrum
323 2452 527 2491 fuerimus
564 2453 816 2503 asscripturi,
850 2452 896 2491 ni
934 2451 1059 2491 veriti
1091 2450 1314 2489 fuissemus
1342 2462 1394 2487 ne
1429 2448 1506 2486 hac
1535 2446 1696 2485 ratione

1720 558 1781 592 190

1723 887 1779 920 195

1721 1215 1783 1237 200

1723 1543 1782 1575 ²05

1723 1871 1784 1894 210

1722 2199 1781 2231 215

97 2514 233 2565 operis
261 2515 520 2555 minueretur
543 2517 731 2566 vtilitas3
761 2517 868 2568 quod
899 2517 1008 2567 apud
1035 2528 1180 2554 omnes
1208 2515 1395 2565 suspecta
1422 2525 1487 2551 res
1515 2512 1571 2550 sit
1596 2510 1702 2548 liber
1721 2526 1782 2548 220

98 2580 297 2630 ἀνώνυμος.
367 2582 453 2620 Nos
483 2582 534 2621 ad
564 2584 773 2633 vtrunque
803 2582 921 2621 iuxta
952 2581 1085 2631 parati
1118 2593 1274 2627 sumus,
1312 2581 1360 2617 vt
1392 2578 1459 2616 vel
1491 2577 1696 2615 rationem

98 2644 320 2683 reddamus
340 2645 376 2683 si
395 2646 495 2695 quid
522 2649 632 2685 recte
654 2646 907 2693 monuimus,
929 2646 997 2685 vel
1017 2645 1196 2695 ingenue
1222 2644 1497 2682 confiteamur
1518 2653 1697 2680 errorem

99 2709 232 2749 sicubi
273 2710 379 2760 lapsi
416 2711 799 2760 depraehendimur.
876 2711 1083 2749 Homines
1120 2721 1265 2747 sumus
1301 2710 1343 2746 et
1381 2706 1555 2745 humani
1591 2705 1698 2744 nihil

98 2774 281 2814 alienum
310 2788 333 2814 a
361 2776 482 2814 nobis
511 2789 600 2815 esse
630 2775 830 2814 ducimus.

144 2900 220 2921 210.
247 2889 340 2972 ἰςΠιιᾱ
357 2900 416 2921 om.
435 2893 470 2924 β.
603 2899 678 2920 211.
702 2888 920 2920 tradidimus
937 2899 970 2928 ·γ.
1095 2897 1168 2926 214.
1193 2886 1301 2918 simul
1318 2896 1376 2918 om.
1394 2897 1428 2926 7.
1555 2896 1628 2926 219.
1653 2895 1698 2917 ne

101 2945 144 2964 a:
168 2944 234 2965 nec
270 2956 278 2965 .

144 3050 218 3073 221.
244 3040 287 3071 ad
306 3039 503 3081 vtrunque]
521 3038 572 3069 Of.
591 3038 692 3079 Verg.
710 3040 790 3069 Aen.
809 3048 838 3068 2.
856 3038 909 3068 61.
1008 3046 1081 3077 223.
1109 3035 1300 3077 Homines]
1318 3035 1369 3067 Cf.
1388 3035 1462 3067 Ter.
1482 3038 1580 3067 Haut.
1600 3045 1650 3075 77.
