2010 3417
288 126 366 164 190
749 122 998 162 LETTERS
1037 122 1105 160 OF
1141 121 1406 161 ERASMUS
1746 119 1784 173 [1
1793 132 1814 170 5
1823 134 1838 159 1
1847 123 1869 159 6

285 233 511 273 strissimus
530 231 733 270 Bauariae
751 230 952 280 princeps,
982 229 1247 280 gymnasium
1274 231 1465 268 nostrum
1485 229 1870 279 Angelipolitanum

285 297 512 343 confoueat,
540 294 710 343 excolat,
743 295 845 333 ditet
875 307 1049 345 suaeque
1072 293 1324 343 praesentiae
1354 294 1573 344 splendore
1606 293 1797 344 illustret,
1825 298 1872 336 vt

227 375 267 397 20
286 361 353 400 vel
373 373 467 398 cum
488 360 665 398 summis
683 359 903 398 academiis
922 359 1118 398 literariis
1137 359 1385 398 contendere
1406 359 1580 397 audeat:
1608 361 1750 410 estque
1769 359 1808 398 ei
1826 359 1871 400 in

284 426 423 465 animo
458 424 717 463 doctissimos
749 425 915 473 passim,
937 424 1083 465 vbiubi
1114 424 1159 463 in
1193 423 1419 464 Germania
1448 424 1614 472 fuerint,
1648 424 1872 464 conducere

285 503 409 530 suaue
428 489 675 528 liberalitate
695 489 911 539 magnifice
925 502 1132 537 exornare,
1156 503 1235 539 quo
1250 490 1420 528 tandem
1440 501 1514 527 suo
1530 488 1711 538 auspicio
1728 502 1873 529 omnes

284 556 413 594 bonae
442 554 597 603 literae,
632 567 734 604 quae
766 556 942 604 vtroque
975 567 1103 593 cornu
1133 555 1335 594 hactenus
1371 553 1623 603 laborarunt,
1659 554 1874 604 profligata

283 620 467 659 barbarie
490 620 751 659 reflorescant
775 620 998 670 natiuoque
1021 620 1292 659 restituantur
1314 619 1453 660 nitori.
1511 619 1641 658 Porro
1660 619 1706 657 in
1727 619 1873 669 primis

226 700 241 722 2
247 700 264 731 5
284 686 482 724 Erasmus
500 684 735 735 polyhistor
755 685 838 733 ille,
862 685 928 725 vir
946 685 1183 724 admirabili
1202 687 1244 724 et
1265 685 1406 724 diuino
1425 684 1594 735 ingenio
1614 697 1659 723 ac
1685 684 1873 723 doctrina

282 750 490 801 singulari,
512 750 626 789 visus
639 751 702 788 est
716 749 902 800 Principi
915 751 1057 789 nostro
1069 751 1184 789 omni
1196 751 1352 789 honore
1367 752 1409 789 et
1423 750 1565 789 fauore
1577 749 1848 800 dignissimus
1861 765 1871 789 x

282 815 332 854 ob
352 815 395 854 id
414 817 455 854 et
477 815 699 865 diligenter
717 815 937 865 inquisiuit
957 828 1010 854 an
1037 816 1174 865 aliqua
1194 816 1354 854 ratione
1375 828 1550 866 magnus
1569 815 1640 855 ille
1658 815 1872 855 literarum

282 880 455 920 antistes
474 883 612 931 posset
630 880 782 928 induci,
806 882 852 918 vt
877 880 1032 931 aliquid
1061 881 1169 931 apud
1198 894 1274 920 nos
1299 880 1508 920 ordinaria
1532 881 1786 930 professione
1805 881 1874 921 do-

282 959 377 985 cens
404 959 500 985 suae
527 947 619 984 tum
649 946 907 995 eloquentiae
934 947 1027 984 tum
1056 946 1301 985 eruditionis
1329 946 1574 997 multiiugae
1601 946 1774 986 flumine
1800 960 1871 986 no-

224 1025 266 1056 30
281 1013 410 1050 stram
436 1011 623 1061 irrigaret
652 1011 897 1061 ariditatem,
920 1011 1166 1061 quibusdam
1196 1011 1345 1050 obnixe
1372 1010 1632 1060 negantibus,
1655 1011 1747 1050 aliis
1775 1025 1873 1051 vero

281 1076 371 1115 eius
401 1076 481 1116 viri
509 1076 786 1126 praesentiam
811 1077 1056 1127 sperandam
1085 1076 1382 1116 adserentibus.
1443 1076 1643 1125 Princeps
1668 1075 1755 1126 ipse
1783 1090 1873 1127 pro-

280 1142 411 1191 posito
438 1154 511 1180 suo
533 1141 861 1191 pertinacissime
888 1142 1062 1191 adhesit,
1083 1156 1167 1181 non
1190 1142 1428 1192 sumptibus
1447 1141 1547 1180 vllis
1574 1153 1769 1191 parsurus
1793 1155 1873 1192 quo

282 1207 503 1246 Erasmum
523 1207 573 1245 ad
593 1219 669 1245 nos
689 1207 895 1257 perducat.

337 1271 466 1322 Cupio
487 1272 625 1322 itaque
644 1285 693 1310 ex
713 1274 752 1311 te
774 1273 877 1311 scire
897 1273 994 1323 quid
1016 1273 1181 1320 sentias,
1207 1286 1258 1312 an
1281 1272 1464 1311 conditio
1482 1272 1679 1322 opulenta
1698 1272 1872 1311 Erasmo

222 1349 262 1382 35
281 1336 337 1376 sit
357 1337 611 1375 conferenda.
673 1337 718 1375 Si
738 1340 858 1387 putas
877 1350 973 1376 eum
992 1337 1229 1388 persuaderi
1247 1351 1363 1387 posse
1384 1338 1435 1376 ad
1455 1336 1726 1376 annuendum
1755 1339 1872 1376 tanto

282 1402 478 1452 Principi,
497 1402 562 1440 cui
581 1404 643 1440 est
663 1402 983 1452 acceptissimus,
999 1403 1050 1442 ad
1070 1416 1136 1442 me
1152 1402 1460 1453 quamprimum
1480 1401 1695 1453 perscribe.
1737 1401 1872 1441 Multa

282 1480 444 1516 nanque
465 1468 564 1505 sunt
585 1480 687 1516 quae
707 1480 803 1506 eum
823 1468 1125 1518 permouebunt
1144 1470 1191 1507 vt
1212 1469 1444 1507 Germanus
1467 1467 1512 1505 in
1533 1466 1754 1506 Germania
1779 1466 1870 1505 reli-

283 1545 412 1582 quum
437 1532 546 1570 vitae
572 1533 784 1582 transigat.
844 1533 1037 1572 Primum
1056 1533 1246 1572 omnium
1271 1533 1380 1572 tanti
1399 1532 1607 1583 Principis
1635 1532 1752 1571 fauor
1781 1545 1868 1582 pro-

281 1597 554 1647 pensissimus
584 1599 626 1636 et
659 1610 854 1647 syncerus
878 1599 923 1636 in
949 1599 1088 1637 studia
1114 1598 1306 1649 politiora
1335 1611 1478 1646 amor3
1507 1599 1552 1637 in
1581 1597 1676 1636 iisce
1705 1598 1819 1637 enim
1846 1611 1871 1637 a

222 1678 264 1709 40
281 1662 611 1713 praeceptoribus
639 1663 815 1701 minime
844 1663 1104 1713 poenitendis
1134 1663 1306 1714 pulchre
1337 1663 1526 1702 eruditus
1555 1666 1617 1703 est
1648 1664 1870 1713 Princeps:

282 1740 404 1777 quare
424 1727 460 1766 ei
486 1727 591 1766 foret
610 1728 809 1767 Erasmus
833 1728 901 1767 vel
928 1729 1017 1778 ipsa
1044 1728 1239 1767 charitate
1267 1728 1438 1777 charior,
1462 1729 1572 1778 quod
1600 1729 1871 1779 magnanimo

280 1790 370 1829 viro
390 1790 511 1829 debet
529 1790 661 1828 videri
681 1803 891 1841 magnum.
938 1791 1044 1830 Dein
1059 1791 1206 1830 salario
1225 1791 1516 1830 honestissimo
1538 1791 1866 1842 sacerdotiisque,

282 1854 316 1893 si
335 1855 571 1906 acceptabit,
589 1856 796 1895 vberrime
813 1856 1099 1906 prouidebitur
1114 1858 1154 1895 et
1166 1855 1476 1895 condonabitur.
1507 1856 1625 1905 Quod
1640 1856 1677 1895 si
1691 1856 1866 1905 senium,

282 1920 346 1958 cui
367 1920 540 1959 docendi
552 1921 712 1960 labores
731 1924 830 1960 sunt
850 1921 1024 1970 molesti,
1045 1920 1290 1968 causabitur,
1315 1920 1423 1959 nihil
1442 1921 1519 1959 hoc
1538 1921 1678 1972 ipsum
1697 1935 1871 1961 remore-

221 2000 261 2031 45
281 1987 359 2034 tur,
383 1985 531 2036 quippe
551 1986 797 2025 suauissima
817 1985 982 2025 dabitur
1001 1986 1117 2036 quies
1132 2001 1142 2034 ;
1171 1999 1255 2025 non
1275 1986 1390 2025 enim
1408 1987 1580 2025 vocatur
1593 1989 1641 2026 vt
1659 1987 1868 2038 fatigetur,

281 2063 426 2089 verum
445 2053 491 2089 vt
510 2051 700 2090 videatur
718 2051 784 2090 vir
808 2064 923 2090 rarus
946 2065 1098 2102 suaque
1125 2052 1356 2102 praesentia
1383 2051 1520 2090 lucem
1550 2052 1706 2091 adferat
1729 2054 1870 2092 nostro

281 2116 446 2165 Lycaeo.
502 2116 674 2155 Accedit
697 2117 930 2166 gratissima
959 2116 1039 2155 loci
1066 2118 1308 2165 amoenitas,
1338 2117 1535 2167 aerisque,
1559 2119 1758 2167 quantam
1783 2131 1870 2156 non

281 2180 397 2218 facile
416 2180 516 2219 alibi
536 2181 723 2230 reperiet,
747 2182 852 2220 mira
872 2182 1070 2232 quaedam
1091 2182 1320 2229 salubritas,
1342 2183 1390 2220 vt
1419 2181 1569 2220 merito
1589 2182 1868 2222 studiosorum

281 2246 396 2284 sedes
432 2246 631 2295 appellari
671 2248 792 2296 queat
829 2246 1102 2297 Angelipolis.
1174 2246 1296 2285 Adde
1327 2246 1528 2285 honorem
1576 2259 1699 2297 quem
1735 2249 1870 2287 erecta

326 2345 375 2376 18.
399 2345 740 2385 Angelopolitanum
758 2345 801 2376 62.
918 2354 970 2384 25.
996 2345 1046 2378 0³:
1070 2345 1269 2388 polyhister
1284 2347 1323 2377 B.
1447 2356 1500 2384 44.
1524 2347 1723 2377 remoretur
1738 2348 1867 2384 scripsi:

280 2390 478 2419 remoratur
492 2390 530 2419 B.
664 2399 715 2428 49.
739 2388 966 2429 Angelopolis
983 2387 1026 2422 0².

281 2487 442 2518 Bavaria.
499 2486 603 2518 After
639 2487 830 2527 travelling
866 2487 906 2519 in
944 2487 1043 2528 Italy
1110 2489 1202 2529 1516,
1236 2486 1309 2518 and
1346 2486 1479 2528 during
1515 2487 1596 2519 that
1633 2487 1756 2528 period
1789 2497 1869 2529 sup-

280 2530 370 2560 with
394 2530 491 2561 John
507 2530 672 2562 Turmair
694 2530 941 2571 (Aventinus),
960 2531 1042 2562 who
1108 2529 1232 2572 ported
1247 2531 1412 2562 Turmair
1428 2531 1466 2561 in
1483 2531 1545 2562 the
1564 2531 1817 2571 inauguration
1833 2531 1873 2562 of

281 2574 352 2604 had
377 2573 465 2604 been
489 2573 547 2604 his
567 2575 664 2605 tutor
679 2575 775 2605 since
795 2575 887 2614 1508,
905 2575 951 2606 he
968 2574 1040 2606 had
1107 2585 1127 2605 a
1154 2575 1318 2614 Literary
1344 2574 1494 2614 society.
1541 2575 1588 2606 In
1618 2584 1699 2614 1517
1729 2574 1775 2606 he
1801 2574 1870 2606 left

280 2617 533 2648 matriculated
564 2621 601 2648 at
639 2618 843 2658 Ingolstadt
872 2619 912 2649 in
946 2627 1040 2657 1515.
1106 2618 1307 2659 Ingolstadt
1322 2620 1357 2649 to
1376 2618 1458 2649 take
1473 2628 1522 2659 up
1538 2618 1596 2649 his
1612 2619 1731 2649 duties
1747 2627 1784 2649 as
1800 2618 1866 2659 Bp.

281 2660 406 2691 Under
430 2661 491 2692 the
514 2661 689 2700 guidance
712 2661 750 2692 of
767 2661 943 2700 Turmair,
959 2661 1039 2693 who
1107 2661 1145 2692 of
1158 2662 1297 2701 Passau,
1317 2661 1355 2692 of
1368 2661 1488 2693 which
1503 2662 1551 2693 he
1567 2661 1639 2693 had
1654 2661 1744 2692 been
1759 2660 1868 2693 Coad-
1928 2659 1931 2661 ’

281 2713 352 2734 was
367 2703 444 2734 still
459 2703 517 2734 his
533 2707 640 2744 tutor,
654 2705 698 2735 he
712 2704 796 2736 used
812 2705 869 2736 his
884 2705 1040 2744 position
1103 2704 1203 2744 jutor
1229 2705 1327 2736 since
1354 2713 1436 2744 1514
1453 2715 1461 2743 ς
1497 2704 1570 2736 and
1602 2706 1694 2736 from
1721 2713 1867 2743 1540-54

281 2747 351 2777 and
374 2747 552 2778 influence
570 2750 605 2778 to
621 2750 749 2779 attract
766 2758 850 2779 men
866 2749 905 2779 of
923 2748 1039 2779 learn·
1105 2749 1152 2779 he
1182 2758 1255 2780 was
1284 2748 1375 2789 Abp.
1410 2748 1447 2779 of
1473 2748 1652 2788 Salzburg.
1699 2748 1867 2779 Erasmus

281 2789 342 2828 ing
354 2792 390 2820 to
407 2791 467 2821 the
484 2791 704 2831 University,
723 2792 843 2822 which
860 2791 931 2822 had
949 2793 1038 2823 been
1106 2792 1293 2823 dedicated
1309 2794 1345 2823 to
1361 2792 1440 2823 him
1452 2801 1499 2823 an
1511 2792 1651 2824 edition
1661 2790 1699 2822 of
1711 2791 1866 2831 Quintus

282 2833 437 2863 founded
462 2835 507 2873 by
530 2835 587 2865 his
610 2834 791 2874 kinsman,
809 2835 911 2866 Duke
934 2836 1038 2866 Louis
1105 2836 1262 2873 Curtius,
1315 2835 1512 2875 Strasburg‚
1560 2835 1722 2873 Schiirer‚
1770 2833 1866 2865 June

282 2875 319 2904 of
337 2875 537 2914 Ingolstadt
561 2877 632 2908 and
657 2878 853 2916 Landshut,
879 2879 918 2909 in
946 2889 1038 2918 1472.
1108 2879 1199 2918 1518.
1247 2879 1309 2909 See
1338 2879 1473 2918 Prantl,
1505 2881 1606 2909 Gesch.
1633 2879 1685 2907 der
1713 2879 1800 2908 Univ.
1829 2879 1866 2907 in

280 2918 427 2956 Though
455 2920 530 2950 still
557 2931 576 2951 a
600 2921 754 2958 student,
781 2921 883 2952 Duke
909 2922 1038 2953 Ernest
1103 2924 1284 2960 Inqolstadt,
1310 2924 1482 2961 Landshut‚
1508 2923 1663 2952 Miinchen
1687 2919 1817 2961 (1872),
1840 2920 1866 2951 i.

280 2970 352 2991 was
365 2961 490 2992 Rector
501 2963 538 2994 of
550 2964 612 2994 the
629 2964 839 3004 University
851 2966 1033 3005 Apu-Oct.
1106 2975 1138 3005 p.
1161 2974 1231 3005 134,
1250 2965 1321 2997 and
1337 2965 1446 2996 ADB.
1462 2965 1508 2995 vi.
1526 2974 1599 3003 249,
1619 2972 1672 3002 50.
