2010 3417
122 159 219 214 543]
652 160 722 200 'ro
759 161 992 200 THOMAs
1030 159 1187 212 MoRE
1633 158 1712 196 495

119 271 186 310 his
206 272 278 321 qui
298 270 376 309 soli
395 271 504 309 nihil
523 271 661 310 daturi
689 272 798 310 sunt.
858 271 979 309 Nunc
1002 269 1190 308 ciuitates
1210 268 1460 307 consultant.
1533 267 1577 305 ‘O
1598 269 1713 306 Αὐτο-

120 337 262 386 κράτωρ
276 336 377 375 alias
396 338 558 377 ἄνοπλος
572 349 684 375 1111110
700 337 815 375 adest
834 349 961 374 manu
983 335 1201 385 magnifice
1217 335 1389 381 armata,
1402 335 1441 372 et
1456 335 1543 384 agri
1557 334 1712 384 passim

119 401 341 451 explentur
362 400 550 440 militum
570 401 773 451 gregibus,
796 403 838 439 et
856 401 965 439 vnde
985 402 1057 439 aut
1077 400 1194 438 cuius
1209 400 1381 438 nomine
1399 399 1568 438 veniant
1588 399 1714 439 incer-

119 468 222 505 tum.
253 467 288 505 Ο
303 467 498 505 miseram
518 466 624 505 hanc
643 467 853 516 regionem
878 479 902 504 a
920 467 982 504 tot
1000 465 1238 504 vulturibus
1257 477 1442 504 arrosam
1458 466 1466 503 1
1486 478 1509 503 0
1528 465 1714 504 felicissi-

119 544 243 579 mam,
268 531 304 569 si
323 531 546 570 ciuitatum
566 531 675 569 inter
693 532 802 581 ipsas
822 533 930 570 esset
949 530 1189 569 concordia!

174 596 371 646 Significa
390 609 493 635 num
513 596 657 635 eodem
676 597 816 636 animo
844 597 898 634 sit
918 596 962 634 in
986 609 1054 634 me
1073 595 1380 635 cantuariensis
1401 597 1442 634 et
1461 595 1629 635 Coletus
1655 597 1712 634 at-

119 674 198 711 que
227 661 329 700 item
357 661 573 709 Roffensis‚
597 661 647 700 de
675 675 755 711 quo
784 661 864 700 tibi
896 674 1028 711 nuper
1053 661 1208 710 scripsi.
1268 662 1393 700 Pater
1422 662 1510 700 eius
1540 661 1610 711 qui
1638 660 1714 698 has

119 725 266 775 reddit,
299 739 374 765 nos
403 726 636 765 lautissimo
662 727 834 776 prandio
865 727 1028 777 accepit,
1061 727 1127 765 vir
1156 727 1271 765 diues
1303 740 1348 765 ac
1380 727 1544 776 probus,
1579 725 1712 764 multa

118 792 294 830 testatus
328 791 377 829 de
410 793 483 830 tuo
509 804 604 841 erga
634 805 677 830 se
712 791 855 831 officio.
913 791 1082 830 Adiuua
1115 805 1193 840 me,
1223 805 1383 842 quaeso,
1419 793 1491 830 tuo
1524 790 1710 830 consilio.

118 855 366 896 Curabimus
387 869 483 894 mox
503 856 634 894 alium
654 856 925 905 epistolarum
939 856 1129 895 libellum
1148 857 1448 905 excudendum,
1471 869 1552 905 quo
1571 855 1711 905 plures

119 921 279 971 possint
299 921 446 971 legere.
498 921 726 961 Budaicam
746 924 997 971 postremam
1017 923 1067 961 ad
1087 924 1130 961 te
1148 922 1285 961 mitto.
1337 923 1515 960 Praecor
1533 921 1712 959 Maruffo

119 999 199 1036 quo
219 986 370 1036 dignus
394 988 457 1024 est
476 999 571 1024 cum
593 1000 666 1025 sua
686 988 942 1037 syngrapha;
972 1001 1070 1026 nam
1097 987 1244 1026 Saulos
1269 987 1371 1025 istos
1391 999 1597 1036 nusquam
1616 985 1714 1023 licet

117 1051 475 1102 comprehendere,
498 1052 542 1090 ni
562 1052 721 1102 Brugas
748 1052 989 1102 proficiscar.
1050 1053 1164 1091 Bene
1188 1052 1292 1100 vale,
1315 1051 1428 1091 More
1449 1050 1710 1090 suauissime.

172 1116 460 1167 Antuuerpiae
480 1116 618 1156 Galen.
641 1117 813 1157 Martiis.

171 1182 304 1221 Adest
318 1182 442 1220 isthic
459 1182 710 1221 Franciscus.
758 1183 801 1221 Si
820 1183 1007 1221 nondum
1024 1182 1310 1232 Hieronymus
1324 1182 1518 1232 expletus
1534 1182 1596 1220 est
1612 1180 1714 1220 Can-

117 1247 326 1295 tuariensi,
351 1247 400 1285 ab
419 1247 496 1285 hoc
515 1246 675 1296 exigat3
705 1248 827 1286 debet
856 1248 981 1286 enim.
1040 1248 1225 1286 Remitte
1245 1246 1498 1297 exemplaria
1519 1245 1713 1296 epistola-

118 1326 212 1351 rum
234 1325 336 1362 quas
358 1325 470 1350 nunc
498 1311 633 1360 mitto,
655 1315 696 1351 et
722 1326 824 1362 quae
852 1313 1033 1352 reddidit
1052 1314 1270 1363 Lupsetus,
1295 1313 1367 1351 sed
1397 1326 1470 1362 per
1497 1312 1713 1350 hominem

117 1380 288 1417 certum.
348 1377 533 1416 Rursum
552 1377 642 1416 vale
661 1391 756 1416 cum
776 1378 872 1417 tuis.
934 1391 1110 1417 M.D.XV1.

539 1532 637 1572 544.
697 1529 829 1571 FROM
861 1529 1054 1571 MARIAN
1085 1530 1289 1572 ACCARD.

166 1631 355 1667 Deventer
372 1630 449 1667 MS.
468 1642 525 1676 91,
543 1631 568 1667 f.
591 1640 655 1677 157
675 1636 724 1667 v0.
1430 1630 1609 1666 Brussels.

166 1689 239 1725 LB.
256 1690 352 1735 App.
374 1699 450 1735 115.
1377 1699 1390 1724 1
1412 1689 1544 1725 March
1567 1698 1666 1735 1517.

165 1771 327 1813 [Shortly
349 1772 442 1802 after
465 1771 645 1802 Erasmus’
661 1781 764 1803 move
788 1773 878 1802 from
903 1771 1066 1802 Brussels
1089 1773 1126 1802 to
1151 1772 1334 1811 Antwerp.
1382 1771 1429 1802 Of
1442 1771 1578 1802 Accard
1603 1771 1623 1801 I
1648 1780 1713 1801 can

119 1816 280 1846 discover
296 1815 449 1854 nothing
464 1814 604 1854 beyond
620 1815 718 1846 what
735 1815 766 1845 is
782 1815 975 1846 contained
990 1816 1030 1846 in
1047 1815 1134 1855 Epp.
1153 1825 1227 1854 493,
1248 1824 1322 1855 531,
1341 1813 1437 1855 564]

312 1902 314 1904 ¹
375 1912 612 1942 MARIANVS
641 1912 879 1944 ACCARDVS
910 1913 1094 1944 SICVLVS
1127 1912 1306 1943 ERAsMO
1337 1913 1406 1943 ΒΟ.
1435 1913 1466 1943 S.

176 1995 268 2034 CVM
297 1993 366 2032 hic
388 1993 540 2041 aderas,
567 1993 646 2031 etsi
672 2007 757 2032 non
786 1994 925 2032 crebro
953 1996 995 2032 te
1020 1993 1215 2037 visebam,
1246 1995 1386 2031 tamen
1414 2007 1508 2032 cum
1535 1994 1641 2032 mihi
1670 1994 1715 2031 in

122 2074 249 2099 manu
277 2061 385 2098 esset
414 2058 524 2097 dulci
553 2059 855 2098 consuetudine
884 2060 956 2098 tua
984 2059 1152 2108 perfrui,
1180 2058 1412 2097 absentiam
1441 2061 1558 2097 tuam
1587 2073 1716 2109 aequo

121 2125 262 2164 animo
280 2123 472 2162 ferebam.
535 2123 614 2162 Sed
634 2125 855 2174 postquam
875 2124 1114 2172 discessisti,
1137 2124 1237 2162 adeo
1257 2125 1298 2161 te
1317 2123 1480 2162 visendi
1500 2123 1716 2173 desyderio

122 2193 264 2228 teneor
295 2190 351 2237 vt,
389 2189 586 2238 quoniam
619 2202 703 2227 non
737 2189 844 2226 mihi
876 2189 997 2227 liceat
1025 2189 1134 2239 quod
1166 2190 1204 2227 te
1236 2189 1302 2227 hic
1334 2190 1521 2227 morante
1551 2188 1712 2237 licebat,

123 2257 318 2304 torqueor
342 2254 615 2303 impatienter.
675 2253 759 2292 Nec
782 2255 948 2292 tantum
974 2253 1090 2293 doleo
1117 2255 1236 2304 quod,
1260 2254 1370 2292 †Sed
1392 2255 1512 2303 quod,
1535 2267 1629 2292 cum
1648 2254 1715 2292 hic

123 2333 245 2367 esses,
273 2320 434 2369 saepius
465 2318 676 2357 omiserim
710 2332 760 2357 ex
791 2319 908 2357 suaui
938 2333 1004 2357 ore
1035 2321 1107 2357 tuo
1138 2319 1326 2358 sitienter
1358 2320 1553 2368 pendere,
1582 2332 1605 2356 a
1635 2332 1715 2368 quo

166 2428 242 2460 543.
270 2437 318 2467 19.
343 2429 379 2458 et
394 2430 443 2457 E:
467 2427 527 2457 sed
544 2429 585 2458 H.
689 2428 740 2458 26.
764 2428 975 2458 (jurabimus
994 2451 1001 2459 .
1020 2451 1028 2459 .
1049 2452 1056 2459 .
1076 2438 1128 2466 27.
1154 2427 1267 2467 legere
1285 2438 1342 2459 om.
1361 2430 1398 2458 F.
1499 2436 1552 2465 34.
1577 2435 1716 2457 111.1).Χν1

124 2476 197 2503 add.
215 2475 257 2503 H.
434 2470 510 2501 544.
528 2481 558 2508 4.
581 2471 751 2509 quoniam
769 2473 881 2507 scripsi
900 2483 905 2501 :
922 2475 1025 2501 mrum
1041 2481 1148 2509 quem
1165 2481 1209 2501 cm
1225 2472 1327 2510 quim
1343 2474 1409 2501 MS.
1426 2473 1587 2509 incertum,
1607 2472 1716 2506 quippe

123 2518 346 2547 oblitteratum:
372 2523 482 2552 quum
495 2516 560 2544 ΕΒ.
691 2523 720 2552 5.
748 2516 915 2553 torquear
929 2517 1054 2551 scripsit
1068 2517 1129 2545 LB.
1176 2517 1245 2545 Post
1259 2514 1360 2545 doleo
1377 2514 1472 2553 quod
1487 2516 1565 2543 deest
1581 2515 1713 2551 aliquid,

114 2561 259 2601 forsitan
273 2561 356 2588 linea
372 2560 492 2595 inteyra
505 2570 515 2588 .-
538 2559 589 2587 secl
606 2567 668 2587 non
684 2561 813 2594 apparet
828 2560 945 2588 lacuna
962 2561 998 2588 in
1014 2560 1083 2589 MS.

169 2655 243 2685 543.
265 2663 320 2692 23.
339 2652 462 2694 Pater]
481 2652 602 2692 Crull;
626 2654 668 2684 cf.
685 2653 748 2692 Ep.
764 2662 838 2693 545.
854 2664 883 2685 2.
953 2653 1083 2684 double
1105 2653 1298 2692 sovereigu.
1347 2652 1419 2683 'Phe
1438 2652 1503 2682 bill
1522 2661 1605 2690 may
1624 2651 1715 2682 have

169 2698 220 2728 26.
247 2696 473 2737 Curabimus]
497 2697 572 2727 The
597 2697 824 2736 suppression
852 2697 890 2727 of
952 2696 1123 2736 provided
1148 2696 1202 2726 for
1225 2697 1395 2735 payment
1418 2696 1456 2725 in
1480 2695 1581 2726 these
1603 2695 1714 2726 coins.

126 2742 201 2772 this
224 2749 366 2780 passage
393 2741 431 2770 in
455 2740 482 2770 F
505 2740 535 2770 is
561 2740 600 2770 in
625 2749 824 2779 pursuance
852 2740 890 2770 of
953 2740 1074 2771 which
1092 2739 1211 2770 would
1238 2739 1421 2777 naturally
1439 2739 1482 2769 be
1506 2738 1656 2769 difficult
1679 2740 1715 2769 to

127 2783 306 2816 Erasmus‘
336 2784 489 2824 attempt
521 2784 558 2813 to
592 2784 774 2822 represent
806 2782 886 2814 that
953 2784 1100 2823 change.

126 2829 172 2859 he
191 2837 264 2858 was
283 2828 348 2857 not
370 2826 588 2866 responsible
609 2826 663 2857 for
684 2826 746 2856 the
770 2826 887 2865 publi·
995 2835 1048 2865 31.
1073 2824 1297 2865 Francis-cus]
1322 2825 1532 2856 Berckman.

126 2871 244 2903 cation
269 2870 308 2900 of
329 2869 391 2907 C1;
424 2870 466 2901 cf.
495 2870 561 2900 vol.
588 2870 611 2909 i,
637 2880 672 2909 p.
698 2879 770 2909 594,
797 2869 883 2909 Epp.
1039 2869 1217 2910 expletus]
1264 2868 1435 2900 Warham
1488 2868 1559 2898 had
1611 2868 1714 2908 origi-

127 2925 203 2954 534,
222 2915 295 2953 546,
314 2914 387 2944 and
404 2913 473 2945 LB.
492 2913 580 2953 App.
600 2922 675 2951 214.
954 2913 1054 2952 nally
1079 2912 1238 2943 received
1267 2912 1348 2942 four
1376 2914 1437 2943 out
1468 2912 1507 2942 of
1533 2912 1596 2942 the
1628 2912 1714 2942 nine

170 2967 224 2996 27.
249 2956 462 2997 Budaicam]
486 2956 550 2995 Ep.
569 2965 642 2995 522.
953 2956 1134 2994 volumes;
1157 2956 1200 2986 cf.
1220 2955 1282 2994 Ep.
1303 2965 1378 2993 413.
1395 2965 1446 2994 34,
1465 2965 1495 2994 5.

170 3002 220 3032 28.
247 2999 388 3041 Saulos]
433 2999 597 3040 Possibly
636 3000 697 3031 the
734 2999 886 3040 English
996 3009 1048 3039 33.
1076 2998 1265 3039 Lupsetus]
1291 2998 1343 3030 Cf.
1363 2999 1425 3039 Ep.
1445 3007 1509 3038 502
1525 2998 1660 3030 introd.

1735 477 1774 499 20

1733 802 1772 834 25

1734 1121 1774 1152 30

1736 2267 1752 2298 5
