2010 3464
352 135 405 172 36
819 132 1069 172 LETTERS
1109 131 1177 169 OF
1216 129 1480 170 ERASMUS
1819 126 1857 182 [1
1867 140 1888 178 5
1898 141 1912 166 1
1921 142 1945 176 4

467 250 829 284 INCOMPARABILI
862 249 985 280 IVRIS
1015 249 1270 286 VTRIVSQVE
1302 247 1589 288 PROFESSORI,
1618 247 1848 281 VDALRICO

707 318 849 357 ZASIO,
882 317 1089 348 ERASMVS
1122 316 1455 348 ROTERODAMVS
1487 316 1521 347 S.
1556 316 1598 347 D.

404 400 467 438 NE
488 399 573 438 tuis
593 398 887 448 responderem
907 398 1070 446 litteris,
1095 397 1331 436 doctissime
1352 397 1458 445 Zasi,
1481 394 1669 436 obstabat
1689 395 1947 447 Adagiorum

348 477 458 514 opus,
491 464 597 514 quod
626 463 751 502 tercio
782 463 866 501 iam
896 463 1091 509 nascitur,
1121 462 1319 513 quiddam
1353 462 1479 501 etiam
1513 474 1640 512 supra
1667 461 1855 501 Bachum
1883 462 1948 501 bis

348 531 494 567 natum
532 529 723 567 referens.
783 528 837 567 Et
875 527 1105 567 renascitur
1144 529 1201 567 sic
1240 530 1419 573 auctum,
1459 527 1516 566 sic
1554 526 1866 577 locupletatum,
1901 529 1947 566 vt

346 606 514 643 prorsus
533 593 645 632 aliud
666 593 797 632 videri
816 593 956 643 possit.
1016 592 1150 632 Multo
1169 606 1268 631 vero
1289 592 1422 643 magis
1449 591 1639 631 obstabat
1659 591 1784 631 diuus
1804 591 1949 631 Hiero-

309 670 326 701 5
347 671 512 708 nymus,
535 672 658 709 quem
678 658 783 697 mihi
804 671 889 697 non
911 657 1033 709 paulo
1053 658 1278 697 maioribus
1297 657 1517 697 sudoribus
1538 658 1699 696 constat
1718 657 1948 696 emaculare

348 725 388 761 et
419 723 586 761 scholiis
618 723 822 773 explicare
862 736 987 773 quam
1020 722 1101 773 ipsi
1135 722 1369 762 constiterit
1407 722 1594 761 scribere.
1667 721 1847 760 Demum
1881 721 1950 761 ad-

347 788 571 828 monebant
599 790 638 827 et
668 790 764 827 tuae
792 788 954 827 litterae
983 801 1035 826 ne
1065 788 1362 839 responderem.
1435 787 1592 826 Verum
1621 787 1753 826 isdem
1783 785 1868 826 illis
1897 787 1948 826 ad

349 854 682 903 respondendum
721 853 954 902 extimulas,
993 853 1144 903 quibus
1177 867 1228 892 ne
1262 853 1534 903 respondeam
1568 865 1723 901 mones,
1759 865 1804 892 ac
1840 865 1950 891 nouo

350 919 527 969 quodam
560 919 684 957 modo
722 918 910 957 renitens
947 918 1157 968 efflagitas,
1194 918 1431 958 condonans
1469 917 1612 968 exigis,
1647 930 1733 956 non
1768 916 1950 967 cogendo

292 996 330 1018 10
350 984 530 1023 maxime
569 984 688 1034 cogis.
766 983 985 1022 Eiusmodi
1023 983 1134 1022 Zasii
1172 983 1256 1022 mei
1294 983 1566 1021 simulacrum
1606 981 1779 1032 epistola
1816 981 1949 1021 veluti

351 1048 537 1099 depingit
566 1061 610 1086 ac
640 1049 929 1097 repraesentat,
949 1047 1152 1086 nimirum
1172 1047 1357 1086 hominis
1382 1047 1454 1097 qui
1483 1047 1563 1085 tria
1592 1047 1769 1097 quedam
1798 1046 1951 1086 eximia

349 1113 457 1152 bona
495 1127 544 1151 ex
581 1126 707 1163 aequo
747 1112 965 1163 copularit,
998 1113 1043 1151 in
1081 1125 1259 1162 quorum
1296 1111 1475 1162 singulis
1512 1111 1761 1151 excellentes
1798 1124 1952 1161 paucos

350 1177 527 1228 reperire
557 1177 678 1225 licet3
709 1180 912 1228 quantum
940 1177 1027 1216 illic
1055 1177 1310 1225 eruditionis,
1340 1180 1544 1228 quantum
1573 1190 1691 1216 verae
1720 1175 1949 1223 facundiae,

350 1245 557 1293 postremo
586 1244 791 1293 quantum
819 1243 1093 1282 humanitatis
1118 1256 1164 1282 ac
1189 1242 1404 1282 candoris!
1462 1241 1603 1282 Foelix
1631 1241 1839 1281 academia
1865 1241 1952 1280 Fri·

292 1322 329 1353 15
350 1308 579 1358 burgensis,
599 1322 700 1359 quae
720 1309 830 1348 tanti
846 1308 925 1348 viri
941 1308 1117 1348 facunda
1131 1307 1364 1347 eruditione
1385 1310 1426 1347 et
1447 1307 1604 1347 erudita
1616 1307 1809 1346 facundia
1823 1306 1952 1346 simul

351 1375 392 1411 et
410 1372 644 1412 illustratur
662 1375 703 1412 et
723 1373 922 1421 eruditur,
946 1387 1051 1424 quae
1070 1375 1156 1412 tam
1175 1375 1317 1423 parata
1337 1373 1600 1412 humanitate
1616 1372 1788 1421 fruitur3
1817 1372 1950 1410 immo

350 1437 475 1476 foelix
500 1438 721 1477 Germania
740 1440 826 1478 tam
846 1438 1160 1489 incomparabili
1187 1441 1428 1477 ornament-0
1460 1439 1608 1477 dotata.
1668 1437 1784 1486 Quod
1803 1435 1952 1476 scribis

351 1515 487 1542 meam
507 1503 727 1552 epistolam
753 1503 847 1542 istic
873 1503 1139 1552 circumferri,
1163 1503 1241 1542 hoc
1261 1506 1325 1542 est
1346 1516 1457 1542 meas
1479 1505 1567 1542 tam
1594 1503 1754 1553 ineptas
1774 1501 1952 1552 ineptias

351 1569 396 1606 in
411 1568 605 1606 manibus
626 1568 815 1607 omnium
835 1581 923 1607 esse
941 1569 1191 1619 traducique,
1214 1561 1356 1607 minus
1375 1568 1548 1607 moleste
1568 1568 1728 1615 ferrem,
1752 1568 1787 1606 si
1802 1568 1950 1606 scirem

294 1646 333 1668 20
352 1633 513 1671 omneis
528 1633 670 1672 eodem
691 1646 778 1672 esse
800 1633 975 1672 candore
995 1647 1075 1684 quo
1096 1634 1243 1672 Zasius
1255 1636 1328 1679 est,
1345 1633 1418 1684 qui
1434 1635 1706 1684 quantumuis
1727 1632 1951 1684 neglectim

351 1698 553 1747 effigiatus
576 1698 732 1744 venias,
754 1700 871 1748 potes
897 1698 996 1737 boni
1023 1699 1245 1738 consulere.
1308 1699 1423 1737 Bene
1442 1698 1543 1737 vale.

405 1762 460 1800 M.
495 1763 743 1810 Oonradum,
768 1762 950 1802 amicum
971 1777 1111 1802 meum
1132 1766 1172 1802 et
1192 1763 1398 1802 bonarum
1417 1762 1651 1803 litterarum
1671 1763 1951 1814 candidatum,

351 1827 502 1866 adiuua
521 1830 594 1867 tuo
614 1829 767 1876 fauore,
793 1827 828 1866 si
848 1828 945 1879 quid
966 1842 1068 1879 opus
1088 1828 1177 1868 erit.

434 1892 620 1933 Basileae
641 1893 770 1932 natali
790 1893 937 1932 Lucae.

829 2054 924 2094 314.
986 2053 1119 2095 FROM
1151 2053 1277 2095 JOHN
1310 2053 1474 2097 COLET.

400 2141 585 2178 Deventer
602 2141 678 2177 MS.
700 2153 754 2188 91,
774 2143 799 2179 f.
822 2152 898 2189 152.
1622 2144 1788 2180 London.
1860 2174 1865 2177 .

400 2200 472 2236 LB.
491 2200 586 2246 App.
607 2202 662 2247 85.
1507 2212 1552 2237 20
1570 2202 1730 2238 October
1749 2202 1903 2250 (1514).

398 2281 486 2323 [The
503 2291 642 2312 answer
657 2283 692 2312 to
709 2292 729 2312 a
745 2281 853 2313 letter
869 2283 1016 2313 written
1039 2283 1130 2314 from
1152 2283 1257 2314 Basle
1279 2292 1325 2313 on
1348 2283 1411 2314 the
1435 2292 1531 2314 same
1555 2282 1637 2314 date
1654 2293 1691 2314 as
1715 2283 1779 2324 Ep.
1798 2293 1859 2323 301
1879 2284 1951 2315 and

353 2326 542 2365 narrating
558 2325 621 2356 the
638 2327 762 2357 events
778 2326 817 2356 of
829 2326 891 2357 the
905 2325 1088 2367 journey]

682 2412 880 2444 IOANNES
923 2413 1116 2444 COLETVS
1157 2413 1338 2445 DOMINO
1378 2413 1559 2444 ERASMO
1599 2414 1632 2445 S.

408 2495 582 2534 ERASME
611 2494 864 2542 charissime,
898 2495 1032 2545 accepi
1065 2495 1226 2534 litteras
1259 2497 1352 2534 tuas
1379 2495 1565 2534 Basileae
1593 2495 1765 2546 scriptas
1794 2509 1829 2545 3.
1863 2496 1948 2538 Gal.

355 2559 563 2609 Septemb.
624 2558 792 2598 Gaudeo
812 2560 919 2609 quod
939 2559 1215 2610 intelligimus
1235 2559 1407 2599 vbinam
1432 2559 1616 2599 locorum
1635 2574 1679 2599 es
1705 2564 1745 2599 et
1770 2561 1847 2600 sub
1868 2575 1952 2611 quo

355 2624 468 2663 coelo
483 2624 616 2671 viuis;
646 2624 802 2674 gaudeo
822 2624 947 2663 etiam
969 2625 1076 2675 quod
1089 2625 1212 2664 vales.
1273 2625 1352 2664 Fac
1365 2627 1510 2664 votum
1525 2626 1734 2676 persoluas
1747 2625 1888 2675 Paulo,
1904 2630 1949 2666 vt

355 2687 504 2738 inquis,
532 2689 701 2727 factum.
760 2688 996 2739 Maguntiae
1021 2689 1128 2728 tanti
1156 2691 1198 2728 te
1227 2690 1383 2729 factum
1407 2689 1535 2729 fuisse
1561 2693 1764 2741 quantum
1790 2688 1949 2741 scribis,

398 2784 471 2814 313.
499 2793 547 2824 15.
574 2784 727 2817 facunda
743 2795 818 2817 corr.
837 2788 912 2824 Neff
921 2797 928 2817 ε
951 2787 1029 2818 fatu
1045 2789 1113 2818 MS.
1120 2811 1128 2826 ,
1145 2791 1284 2825 sequente
1299 2789 1422 2818 lacuna.
1600 2787 1648 2818 16.
1673 2786 1863 2818 huanitate
1879 2788 1948 2820 MS.

359 2835 408 2866 19.
432 2827 555 2858 minus
570 2831 682 2866 scripsi
699 2840 705 2859 :
730 2830 857 2861 mitius
874 2832 942 2861 MS.
1078 2840 1130 2862 20.
1156 2831 1295 2862 omneis
1311 2833 1422 2868 scripsi
1438 2829 1545 2872 (oeis)
1563 2841 1570 2861 :
1594 2840 1669 2862 esse
1685 2830 1717 2861 is
1731 2833 1799 2861 MS.
1821 2831 1933 2872 (eeis).

399 2925 473 2956 313.
494 2935 525 2958 2.
545 2927 723 2969 Bachum]
749 2928 800 2960 Cf.
819 2929 882 2970 Ep.
899 2930 975 2967 269.
994 2939 1023 2969 3.
1185 2930 1227 2961 cf.
1246 2930 1312 2970 Ep.
1328 2939 1401 2969 331.
1421 2939 1440 2969 5
1458 2939 1494 2961 n.

399 2978 451 2999 22.
481 2969 704 3011 Com-adum]
730 2972 904 3012 Probably
927 2973 1120 3012 Fonteius;
1228 2974 1302 3005 314.
1319 2983 1349 3013 3.
1370 2973 1496 3015 Paulo]
1520 2972 1573 3006 Cf.
1590 2972 1654 3012 Ep.
1672 2981 1748 3012 301.
1768 2972 1882 3004 18-20.
