2010 3417
553 152 707 192 FROM
746 151 983 191 THOMAS
1022 152 1177 191 MORE
1588 150 1668 188 413

79 150 178 206 499]

77 264 247 303 Latinas
268 264 522 314 Graecasque
549 262 672 301 solito
692 262 771 301 sibi
790 275 905 300 more
924 262 1131 312 adiungat.
1192 262 1275 301 Hic
1293 262 1490 312 quoniam
1511 259 1672 299 audiuit
1692 272 1731 294 10

76 331 119 369 te
138 329 197 368 ibi
218 330 587 376 commoraturum,
609 340 846 378 quanquam
871 340 944 377 pro
964 329 1101 365 vetere
1121 341 1196 366 sua
1215 329 1353 366 tecum
1373 326 1672 366 consuetudine

79 394 186 433 nihil
213 393 294 434 sibi
323 407 408 432 non
437 393 569 444 possit
598 393 647 432 de
676 393 718 431 te
746 392 943 442 polliceri,
972 394 1116 430 tamen
1145 393 1255 441 (vide
1284 394 1464 443 quantus
1494 391 1602 442 apud
1630 393 1673 430 te

79 458 235 509 passim
253 459 404 505 videor,
427 472 507 508 quo
527 471 601 508 ego
620 471 705 496 non
724 457 861 496 hercle
887 457 1031 495 minus
1055 457 1271 506 triumpho
1292 470 1417 507 quam
1437 457 1509 496 alii
1528 469 1672 507 regum

82 524 361 563 familiaritate
388 523 632 573 gloriantur)
656 523 843 573 impense
861 522 1022 571 rogauit
1040 524 1087 560 vt
1107 522 1158 560 ad
1184 522 1300 560 illam
1330 521 1507 571 gratiam
1530 534 1610 571 qua
1629 533 1672 559 se

78 589 215 629 valere
234 591 372 628 tecum
399 602 471 639 per
489 602 532 628 se
558 590 690 639 putat,
714 601 850 627 meam
876 588 1004 625 etiam
1030 587 1432 626 commendationem
1453 587 1674 636 diligenter
1693 597 1731 631 15

77 655 346 705 adiungerem
362 669 372 702 ;
411 654 475 692 vti
502 654 581 693 sibi
610 654 730 693 liceat
759 656 831 692 tuo
855 652 1024 692 consilio
1051 654 1175 702 atque
1200 652 1352 691 auxilio
1385 653 1435 690 ad
1469 653 1673 690 bonarum

78 720 315 759 litterarum
348 720 579 768 profectum
611 719 706 757 frui.
766 718 871 767 Scio,
907 719 968 756 mi
996 718 1179 765 Erasme,
1214 731 1298 756 non
1329 730 1416 756 esse
1452 719 1494 755 te
1527 716 1674 755 multis

78 784 215 823 verbis
252 784 482 833 rogandum
515 786 563 823 vt
597 784 642 822 in
673 783 822 822 studiis
855 783 1025 822 adiuues
1057 783 1275 821 hominem
1308 782 1359 821 ad
1393 783 1554 820 litteras
1587 795 1675 832 pro-

79 862 269 900 pensum,
302 851 442 887 tantae
474 849 571 899 spei,
604 851 690 887 tam
723 850 846 887 notae
876 848 1126 898 diligent-iae,
1158 849 1198 886 et
1232 847 1302 897 qui
1332 848 1415 885 iam
1450 860 1561 885 nunc
1594 847 1674 886 scis

81 915 284 964 quantum
314 914 579 963 promouerit,
603 914 786 952 amicum
814 915 1024 963 praeterea
1049 914 1090 951 et
1115 926 1259 951 meum
1285 914 1327 951 et
1353 914 1487 960 tuum,
1509 912 1588 949 hoc
1611 913 1674 950 est
1694 924 1735 946 20

79 979 145 1018 bis
163 981 286 1018 tuum
302 994 310 1018 :
341 979 413 1028 qui
430 979 545 1018 velut
564 992 719 1018 munus
735 979 944 1029 quoddam
962 978 1040 1017 hoc
1059 978 1140 1017 tibi
1159 979 1242 1016 iam
1266 977 1369 1016 olim
1392 975 1672 1027 desumpsisti,

80 1047 127 1084 vt
146 1047 323 1084 aetatem
343 1058 511 1083 omnem
531 1045 617 1084 dies
644 1047 866 1095 noctesque
892 1045 936 1082 in
962 1043 1210 1082 adiuuandis
1236 1043 1427 1082 omnium
1453 1042 1674 1080 hominum

81 1110 231 1150 studiis
267 1110 507 1149 insumeres.
571 1111 827 1160 Quanquam,
870 1110 906 1148 si
942 1109 1040 1159 quid
1081 1109 1159 1147 hoc
1201 1108 1252 1147 ad
1293 1108 1508 1147 cumulum
1547 1106 1676 1157 possit

81 1176 243 1224 addere,
264 1175 390 1214 etiam
410 1188 508 1225 rogo
527 1177 573 1214 vt
593 1175 703 1226 quod
723 1175 830 1214 nulli
849 1188 986 1225 negas,
1009 1175 1083 1213 hoc
1107 1174 1312 1224 Palgrauo
1332 1175 1473 1212 nostro
1496 1173 1676 1222 praestes

83 1241 209 1280 etiam
237 1240 546 1290 prodigentius3
585 1241 651 1279 cui
679 1253 746 1279 eas
774 1240 934 1279 litteras
963 1253 1107 1279 omnes
1136 1239 1231 1278 dedi
1258 1238 1308 1277 ad
1333 1240 1374 1277 te
1401 1237 1673 1288 perferendas,
1698 1249 1734 1283 ²5

83 1319 187 1356 quae
213 1305 293 1344 tibi
321 1305 424 1344 olim
452 1306 503 1344 ab
531 1306 678 1344 amicis
706 1305 1011 1344 Basiliensibus
1040 1305 1190 1343 missae
1219 1304 1327 1354 apud
1350 1303 1469 1353 (me)
1492 1304 1577 1342 iam
1606 1302 1677 1341 diu

81 1373 182 1410 sunt
199 1372 397 1409 seruatae.
458 1370 568 1418 Quae
586 1383 651 1409 res
670 1371 885 1409 commode
905 1370 1067 1408 accidit.
1130 1370 1237 1407 Nam
1253 1382 1386 1418 neque
1406 1367 1552 1406 certior
1572 1368 1677 1417 quis-

82 1449 207 1487 quam
234 1435 371 1474 offerri
394 1435 530 1485 potuit
552 1435 623 1485 qui
649 1449 717 1474 eas
740 1436 951 1486 perferret,
973 1448 1105 1485 neque
1125 1434 1213 1485 ipse
1237 1434 1457 1484 quicquam
1481 1432 1675 1483 (optare)

83 1514 164 1552 quo
197 1500 356 1540 veniret
383 1500 540 1549 gratior
568 1514 694 1550 quam
726 1503 815 1540 tam
845 1501 1012 1549 multas,
1049 1502 1137 1539 tam
1166 1499 1235 1538 diu
1267 1499 1541 1549 desyderatas,
1575 1511 1679 1548 pene

84 1567 211 1606 etiam
248 1564 490 1616 desperatas,
526 1566 748 1604 hominum
785 1569 873 1605 tam
904 1566 1124 1604 charorum
1163 1565 1422 1603 doctissimas
1460 1562 1653 1613 epistolas
1669 1576 1678 1611 ς
1697 1573 1739 1606 30

81 1643 185 1681 quas
203 1632 343 1669 tamen
361 1631 463 1669 iussi
489 1645 540 1669 ne
566 1634 663 1670 ante
690 1630 772 1671 tibi
798 1631 980 1670 traderet
1007 1644 1132 1680 quam
1159 1629 1426 1680 stipulatione
1452 1629 1560 1668 facta
1586 1641 1678 1677 pro·

86 1696 250 1734 miseris
282 1695 340 1734 sic
370 1697 412 1734 te
442 1698 708 1746 accepturum
741 1698 942 1746 tanquam
974 1696 1046 1734 ille
1075 1695 1155 1734 tibi
1185 1695 1229 1733 in
1263 1694 1440 1743 singulis
1473 1706 1680 1732 commen-

86 1760 322 1810 da<re>tun

140 1825 345 1865 Ausculto
371 1824 555 1875 quotidie
582 1828 705 1876 atque
730 1827 899 1864 arrectis
925 1825 1094 1864 auribus
1119 1827 1206 1864 asto
1234 1825 1283 1863 de
1307 1838 1350 1862 re
1379 1823 1451 1862 illa
1480 1825 1552 1862 tua
1581 1821 1678 1862 Sici·

86 1891 220 1938 liensi,
257 1880 361 1940 quae
394 1891 530 1929 Deum
568 1904 710 1940 precor
743 1891 806 1930 vti
836 1891 1052 1940 contingat
1088 1890 1275 1929 feliciter.
1351 1890 1399 1929 D.
1437 1888 1680 1928 Tunstallus
1700 1899 1739 1932 35

86 1957 246 1994 litteras
266 1968 399 2004 nuper
417 1955 467 1993 ad
487 1969 554 1994 me
575 1955 689 1995 dedit
709 1956 852 2005 plenas
871 1956 1041 1995 affectus
1062 1955 1327 1999 amicissimi;
1348 1954 1463 1994 cuius
1477 1954 1679 1994 iudicium

85 2023 174 2059 tam
211 2020 444 2068 candidum,
483 2022 571 2059 tam
604 2021 879 2060 honorificum
918 2021 968 2059 de
1001 2020 1211 2070 republica
1247 2022 1399 2068 nostra,
1436 2019 1676 2070 dispeream,

88 2085 259 2125 Erasme
286 2084 538 2133 dulcissime,
561 2086 644 2124 nisi
665 2099 733 2125 me
758 2087 891 2137 magis
917 2085 1163 2125 exhilarauit
1189 2098 1312 2136 quam
1339 2085 1545 2124 talentum
1570 2084 1680 2124 Atti-

423 2172 475 2202 26.
502 2182 558 2202 me
576 2175 650 2204 add.
671 2175 734 2205 LB.
871 2183 923 2212 32.
950 2172 1265 2203 commendaretur
1281 2175 1342 2203 ΕΒ.

93 2277 175 2307 ¹554
199 2267 262 2306 (Le
286 2267 420 2305 Neve);
450 2267 515 2297 but
538 2267 578 2296 in
603 2267 696 2307 spite
720 2267 759 2298 of
778 2267 854 2298 this

921 2276 994 2298 was
1025 2265 1165 2306 obliged
1195 2268 1232 2297 to
1270 2267 1418 2306 support
1453 2265 1603 2296 himself
1635 2265 1682 2304 by

92 2311 192 2350 Mary
207 2310 346 2341 invited
362 2309 581 2350 preferment
596 2310 651 2341 for
667 2311 745 2341 him
761 2310 853 2341 from

920 2310 1096 2350 teaching‚
1111 2310 1184 2340 and
1200 2310 1239 2340 in
1256 2318 1339 2348 1532
1352 2319 1424 2340 was
1438 2308 1630 2348 proposing
1645 2309 1682 2338 to

91 2354 236 2393 Wolsey
258 2354 298 2384 in
325 2353 410 2384 Nov.
440 2362 521 2393 1514
547 2353 619 2385 and
645 2354 730 2394 Apr.
758 2363 853 2393 1515.

92 2398 137 2428 In
168 2396 256 2436 Aug.
290 2406 372 2436 1517
404 2397 450 2428 he
485 2407 558 2428 was
593 2398 785 2437 proposing
818 2399 854 2428 to

92 2441 218 2471 return
248 2441 285 2470 to
315 2440 476 2471 Louvain
508 2440 635 2479 (Lond.
662 2441 725 2471 vii.
753 2452 784 2479 4,
813 2450 853 2479 5;

93 2483 164 2515 LB.
191 2492 266 2521 522,
295 2483 375 2523 540)
406 2485 443 2514 to
473 2493 593 2515 renew
623 2484 687 2515 the
716 2484 854 2515 studies

93 2528 207 2566 begun
234 2528 271 2556 at
291 2526 367 2556 this
389 2527 488 2565 time,
505 2527 596 2558 after
616 2537 636 2558 a
651 2528 752 2558 short
767 2528 854 2558 visit

92 2573 130 2600 to
153 2568 319 2608 England
343 2569 429 2608 (LB.
452 2571 542 2610 App.
567 2570 657 2612 150).
700 2571 745 2601 In
773 2579 855 2609 1524

94 2614 239 2653 Pynson
274 2612 419 2652 printed
455 2614 508 2643 for
544 2613 622 2644 him
659 2624 680 2645 a
715 2614 854 2644 French

93 2664 282 2696 grammar,
311 2657 592 2687 Lesclarcissement
619 2659 656 2687 de
685 2659 717 2688 la
745 2660 856 2694 lamque

94 2703 275 2736 Francoyse.
301 2698 364 2728 the
388 2698 466 2729 first
491 2699 677 2739 composed
703 2700 744 2730 in
766 2700 857 2740 Eng-

94 2742 182 2774 land
207 2742 328 2782 (DNB.
352 2742 423 2772 xix.
450 2743 550 2781 204);
587 2743 651 2773 but
677 2743 696 2773 I
724 2745 856 2774 cannot

94 2786 172 2816 find
198 2785 279 2816 that
309 2794 382 2824 any
408 2795 496 2825 copy
523 2795 606 2815 now
635 2786 756 2816 exista.
802 2786 858 2825 By

98 2838 179 2868 1525
202 2829 248 2859 he
275 2828 346 2859 had
374 2829 515 2859 become
541 2830 640 2859 tutor
665 2831 702 2859 to
729 2828 858 2868 Hem-y

96 2873 248 2911 Fitzroy,
267 2872 368 2902 Duke
384 2871 422 2901 of
439 2872 641 2902 Richmond
661 2871 854 2912 (1519-36),

96 2917 224 2954 Henry
239 2916 338 2945 vm's
359 2915 501 2945 natural
523 2925 608 2953 son;
632 2915 704 2945 and
719 2916 764 2945 he
785 2925 858 2945 was

97 2959 173 2990 stin
188 2959 228 2990 in
243 2958 318 2989 this
335 2958 430 2989 office
446 2959 484 2989 in
501 2967 593 2998 1529.
625 2958 682 2989 He
697 2958 859 2989 received

98 3011 197 3034 some
242 3002 476 3042 preferment,
515 3002 579 3033 but
616 3001 860 3033 nevertheless

921 2354 1024 2385 settle
1035 2355 1072 2384 at
1083 2352 1294 2392 Cambridge
1304 2353 1358 2383 for
1366 2352 1440 2383 this
1449 2361 1610 2392 purpose.
1637 2351 1683 2382 In

924 2407 1008 2436 ¹540
1023 2397 1069 2426 he
1082 2407 1155 2427 was
1171 2407 1191 2427 a
1206 2397 1366 2427 member
1382 2396 1420 2426 of
1428 2394 1679 2429 Convocation.

921 2441 1028 2471 when
1046 2440 1204 2479 Henry's
1227 2441 1401 2479 marriage
1418 2440 1509 2469 with
1526 2439 1632 2469 Anne
1649 2436 1688 2467 of

923 2484 1046 2515 Cleves
1062 2493 1136 2514 was
1152 2483 1335 2514 annulled.
1384 2483 1448 2512 See
1464 2482 1617 2512 Brewer.

964 2536 1018 2566 25.
1042 2526 1199 2567 litteras]
1223 2526 1273 2557 cf.
1292 2526 1353 2565 Ep.
1371 2526 1444 2564 481.
1461 2526 1481 2555 8
1497 2535 1532 2555 n.

966 2581 1018 2610 34.
1042 2570 1204 2608 arrectis]
1230 2569 1282 2600 Cf.
1300 2569 1402 2608 Verg.
1422 2570 1503 2599 Aen.
1520 2578 1549 2598 2.
1569 2577 1644 2606 303.

1010 2612 1206 2653 SIciliensi]
1232 2612 1283 2643 Cf.
1301 2612 1363 2650 Ep.
1382 2620 1453 2649 475.
1471 2622 1491 2649 4
1507 2620 1542 2642 n.

967 2666 1019 2695 35.
1029 2654 1251 2696 Tunstallus]
1263 2655 1534 2694 Stapleton‚Tres
1542 2657 1681 2693 Thomae,

927 2700 1019 2738 1588,
1036 2702 1105 2730 Vita
1120 2702 1209 2737 Mori,
1224 2708 1280 2738 pp.
1293 2700 1380 2736 64,5,
1395 2698 1514 2738 prints
1530 2707 1549 2727 a
1563 2697 1681 2736 letter,

924 2742 1094 2781 undated,
1113 2743 1153 2772 in
1174 2742 1293 2772 which
1316 2741 1413 2771 More
1434 2740 1568 2771 thanks
1590 2740 1685 2771 Tun-

925 2786 1008 2816 stall
1037 2785 1091 2815 for
1123 2785 1181 2815 his
1208 2784 1410 2815 favourable
1432 2784 1621 2824 judgment
1651 2783 1689 2814 of

925 2829 987 2859 the
1019 2831 1136 2864 Utopia.
1199 2828 1245 2858 In
1271 2828 1419 2867 writing
1448 2829 1485 2858 to
1512 2827 1686 2858 Warham

925 2871 999 2902 and
1015 2871 1165 2902 another
1175 2870 1324 2910 English
1339 2871 1454 2901 friend
1470 2870 1684 2910 (Stapleton,

924 2925 984 2954 pp.
1002 2914 1115 2953 206‚8)
1133 2914 1230 2945 More
1251 2914 1446 2954 pretended
1461 2914 1542 2945 that
1563 2915 1592 2944 it
1612 2914 1685 2945 had

927 2959 1015 2989 been
1047 2957 1192 2997 printed
1224 2958 1270 2997 by
1300 2957 1413 2989 Gilles
1441 2957 1598 2989 without
1628 2957 1687 2988 his

928 3001 1160 3041 knowledge5
1183 3001 1225 3033 cf.
1246 3000 1309 3041 Ep.
1328 3011 1381 3040 30.
1404 3001 1489 3032 1611.
