2010 3417
302 151 351 187 74
766 150 1016 189 LETTERS
1055 150 1124 189 OF
1162 149 1427 189 ERAsMUS
1767 148 1889 203 [1515

299 259 499 298 inusitata
519 260 717 310 quaedam
746 261 787 297 et
807 258 1031 308 singularis
1054 257 1227 297 comitas
1247 258 1569 309 humanitasque
1588 259 1669 298 fuit
1687 259 1731 297 in
1746 272 1868 299 causa
1882 274 1892 307 ,·

261 340 278 370 5
297 338 342 363 ac
362 337 527 374 prorsus
546 337 654 362 nouo
683 324 838 362 factum
866 324 928 361 est
956 323 1078 361 modo
1098 324 1147 361 vt
1176 335 1277 373 quae
1305 335 1369 361 res
1397 323 1464 361 vel
1492 323 1672 362 maxime
1699 324 1891 364 debuerat

299 389 349 427 ad
379 389 557 426 reditum
587 388 778 436 inuitare,
803 400 848 426 ea
877 387 964 425 sola
993 387 1237 426 deterruerit
1267 400 1319 426 ne
1347 387 1535 427 redirem.
1596 388 1703 436 Quid
1723 389 1889 428 tandem

299 455 404 492 istuc
435 466 566 491 nouae
595 453 655 491 rei
679 453 759 491 fuit
774 454 794 491 ‘?
832 452 1006 502 inquies.
1067 452 1213 491 Dicam
1233 453 1423 503 equidem
1443 452 1688 503 simpliciter
1707 454 1757 501 et,
1781 455 1889 504 quod

299 518 513 556 hominem
534 518 646 556 decet
666 519 934 566 Germanum,
957 519 1146 568 ingenue.
1205 518 1255 556 Id
1276 518 1473 568 temporis
1492 518 1663 557 omnino
1683 518 1893 558 decretum

296 585 383 621 erat
416 583 530 621 adire
559 583 830 622 Britanniam.
890 584 986 623 Huc
1015 597 1083 622 me
1111 585 1298 622 veterum
1328 584 1683 623 necessitudinum
1709 584 1888 633 affectus,

239 664 278 686 10
296 649 377 686 huc
400 648 635 699 potentium
663 649 890 688 amicorum
919 649 1177 698 amplissima
1204 649 1417 699 promissa,
1450 650 1530 688 huc
1555 649 1681 699 Regis
1705 649 1895 688 omnium

297 714 581 753 florentissimi
601 714 949 764 propensissimus
975 714 1020 752 in
1048 727 1125 753 nos
1147 714 1313 753 animus
1332 714 1511 754 vocabat.
1574 714 1693 753 Hanc
1711 714 1893 754 insulam

297 778 403 816 mihi
421 778 577 829 patriae
605 779 694 818 vice
717 779 966 830 adoptaram,
989 779 1093 818 hanc
1119 780 1323 818 senectuti
1347 793 1462 819 meae
1488 780 1627 818 sedem
1651 780 1891 830 delegeram.

297 843 528 893 Inuitabar,
547 844 632 883 imo
652 845 877 895 flagitabar,
894 845 1049 883 crebris
1067 845 1219 883 litteris
1239 845 1362 884 modo
1380 858 1465 884 non
1485 847 1649 883 montes
1667 845 1758 884 auri
1777 845 1893 895 polli-

297 909 506 948 centibus:
545 910 697 960 quibus
725 925 773 949 ex
801 910 923 949 rebus
951 910 1076 949 homo
1105 912 1299 949 strenuus
1327 909 1479 961 alioqui
1507 910 1776 960 pecuniarum
1805 924 1895 949 con-

240 983 278 1014 15
297 975 480 1024 temptor
516 977 677 1013 tantam
717 976 807 1014 auri
838 975 927 1014 vim
960 976 1099 1014 animo
1131 988 1397 1025 conceperam
1430 977 1604 1026 quantae
1642 975 1713 1014 vix
1751 975 1891 1014 decem

297 1040 488 1079 Pactolos
521 1040 716 1079 eluendae
749 1041 994 1079 suffecturos
1027 1041 1281 1079 crediderim.
1358 1039 1538 1078 Proinde
1573 1040 1742 1078 verebar
1774 1053 1825 1078 ne
1858 1040 1894 1079 si

298 1105 499 1143 redissem
530 1105 579 1143 ad
606 1107 721 1144 tuam
741 1105 1040 1154 celsitudinem,
1067 1107 1270 1144 verterem
1289 1105 1421 1144 animi
1444 1105 1665 1144 decretum.
1721 1105 1892 1144 Etenim

297 1171 368 1220 qui
388 1171 523 1220 primo
542 1171 686 1209 statim
705 1171 911 1221 colloquio
931 1171 989 1210 sic
1010 1171 1291 1216 labefactaras,
1309 1171 1367 1209 sic
1387 1171 1682 1218 inflammaras,
1705 1169 1894 1208 animum

298 1248 451 1284 meum,
476 1236 575 1286 quid
593 1236 777 1275 facturus
795 1249 896 1282 eras,
918 1236 954 1275 si
979 1236 1137 1275 diutius
1162 1250 1206 1275 ac
1226 1236 1398 1286 propius
1426 1236 1594 1274 fuissem
1617 1236 1893 1285 congressus?

240 1309 278 1331 20
297 1300 412 1348 Quod
444 1301 557 1339 enim
587 1302 654 1339 vel
683 1301 997 1340 adamantinum
1030 1304 1173 1351 pectus
1201 1314 1286 1340 non
1314 1302 1452 1340 flectat
1479 1303 1568 1339 tam
1597 1300 1785 1339 amabilis
1814 1301 1894 1340 ista

298 1379 462 1404 morum
483 1368 649 1405 tuorum
670 1367 852 1415 comitas,
869 1370 955 1406 tam
975 1367 1135 1406 mellita
1152 1367 1353 1416 facundia,
1371 1369 1458 1405 tam
1473 1366 1677 1416 exquisita
1693 1366 1888 1415 doctrina,

296 1433 383 1469 tam
402 1431 486 1470 fida
506 1432 622 1470 iuxta
637 1434 677 1470 et
695 1432 826 1470 amica
844 1432 1025 1480 consilia,
1043 1432 1219 1482 denique
1238 1431 1347 1470 tanti
1365 1431 1558 1482 primatis
1575 1433 1662 1470 tam
1681 1431 1893 1481 expositus

297 1496 347 1535 ad
368 1496 471 1534 bene
491 1497 737 1535 merendum
762 1498 959 1535 animus?
1018 1498 1254 1536 Sentiebam
1279 1497 1361 1536 iam
1390 1499 1481 1535 tum
1508 1497 1666 1536 sensim
1688 1497 1892 1536 labascen-

297 1563 382 1600 tem
408 1561 539 1600 animi
563 1562 823 1610 sententiam,
851 1565 891 1600 et
920 1565 1103 1612 coeperat
1128 1562 1296 1612 quidem
1321 1562 1507 1601 instituti
1530 1562 1827 1612 suppoenitere‚
1852 1565 1892 1601 et

239 1640 277 1672 25
297 1628 437 1665 tamen
466 1627 648 1677 pudebat
677 1628 816 1666 virum
844 1641 991 1677 parum
1024 1630 1283 1666 constantem
1312 1627 1452 1666 videri.
1512 1628 1751 1667 Sentiebam
1777 1628 1892 1668 vrbis

296 1704 491 1740 amorem,
534 1705 656 1742 quem
694 1692 765 1731 vix
803 1705 1073 1740 excusseram,
1116 1694 1250 1732 denuo
1287 1692 1426 1732 tacitis
1467 1693 1657 1732 auctibus
1694 1692 1889 1743 gliscere:

297 1757 470 1805 proinde
494 1756 539 1795 ni
566 1770 631 1796 me
657 1759 824 1807 repente
848 1758 980 1796 Roma
1006 1758 1285 1805 diuulsissem,
1313 1771 1531 1808 nunquam
1557 1758 1706 1797 deinde
1732 1759 1891 1797 fueram

296 1822 474 1860 Romam
499 1822 726 1861 relicturus.
784 1822 964 1873 Abripui
992 1835 1057 1861 me
1086 1836 1138 1861 ne
1167 1836 1310 1862 rursus
1338 1822 1505 1871 afflarer,
1545 1825 1585 1861 et
1617 1823 1661 1862 in
1691 1824 1892 1874 Angliam

295 1887 460 1926 auolaui
478 1888 610 1938 magis
630 1901 755 1938 quam
775 1888 983 1938 profectus
1003 1901 1108 1927 sum.

237 1965 278 1996 30
352 1952 460 2000 Quid
480 1966 592 1991 nunc
610 1953 740 2003 igitur
753 1955 774 1991 ’ἓ
812 1953 972 2003 inquies
989 1968 998 1992 :
1033 1967 1137 1992 num
1157 1954 1340 2004 poenitet
1360 1954 1523 1993 consilii
1540 1955 1560 1992 ἵ)
1587 1967 1689 1992 num
1709 1954 1892 2004 poenitet

296 2030 379 2054 non
411 2017 650 2056 obsecutum
680 2018 805 2056 fuisse
841 2020 1027 2056 amanter
1058 2018 1332 2057 admonenti?
1388 2018 1555 2058 Mentiri
1585 2031 1682 2057 sane
1714 2032 1799 2058 non
1829 2021 1891 2059 est

296 2094 448 2120 meum.
506 2083 626 2120 Varie
659 2096 723 2121 res
756 2083 855 2121 haec
883 2083 1042 2121 afficere
1073 2083 1176 2121 solet
1207 2083 1395 2122 animum
1421 2097 1588 2131 meum;
1618 2097 1750 2133 neque
1778 2084 1890 2122 enim

297 2160 381 2185 non
412 2160 581 2196 possum
611 2148 726 2198 tangi
751 2148 906 2186 Romae
927 2148 1154 2197 desyderio,
1180 2148 1339 2198 quoties
1363 2150 1505 2187 tantus
1527 2150 1738 2186 tantarum
1761 2148 1888 2187 simul

296 2212 639 2250 commoditatum
668 2225 838 2251 aceruus
868 2213 912 2250 in
942 2217 1126 2251 mentem
1154 2214 1280 2251 venit.
1339 2213 1533 2251 Primum
1561 2213 1674 2251 vrbis
1702 2214 1889 2252 omnium

237 2290 276 2321 35
296 2276 430 2315 multo
450 2277 739 2315 celeberrimae
760 2278 903 2315 lumen
930 2290 974 2315 ac
994 2278 1215 2326 theatrum,
1240 2277 1477 2316 dulcissima
1498 2278 1678 2327 libertas,
1701 2280 1765 2317 tot
1782 2279 1889 2318 locu-

296 2342 546 2390 pletissimae
580 2342 863 2390 bibliothecae,
898 2342 1144 2381 suauissima
1169 2344 1231 2381 tot
1261 2343 1637 2381 eruditissimorum
1667 2343 1889 2384 hominum

296 2407 557 2455 consuetudo,
570 2409 631 2446 tot
644 2407 850 2446 litteratae
864 2408 1230 2457 confabulationes,
1249 2410 1313 2447 tot
1325 2408 1586 2458 antiquitatis
1600 2412 1882 2459 monumenta,

295 2473 469 2523 denique
505 2474 569 2511 tot
604 2486 686 2511 vno
723 2473 767 2511 in
805 2473 894 2511 loco
933 2474 1060 2512 totius
1100 2473 1209 2512 orbis
1247 2473 1416 2512 lumina.
1488 2473 1712 2523 Speciatim
1749 2477 1887 2514 autem

296 2539 458 2588 quoties
496 2539 696 2576 succurrit
735 2551 830 2576 cum
869 2538 1043 2577 aliorum
1085 2538 1369 2585 cardinalium.
1412 2542 1504 2576 tum
1541 2552 1637 2577 vero
1674 2540 1886 2590 praecipue

235 2616 277 2645 40
296 2603 648 2642 Reuerendissimi
668 2604 915 2643 Nanetensis
929 2604 1085 2642 mirum
1107 2604 1312 2653 quoddam
1334 2617 1426 2654 erga
1446 2618 1522 2643 nos
1538 2605 1735 2653 studium,
1755 2606 1889 2644 Cardi·
1941 2651 1943 2653 ¹

296 2668 401 2706 nalis
424 2668 702 2707 Bononiensis
724 2669 1070 2718 propensissimus
1095 2670 1221 2716 fauor,
1247 2669 1334 2708 diui
1359 2683 1457 2708 vero
1478 2670 1643 2720 Georgii
1663 2670 1889 2709 Cardinalis

344 2782 391 2810 15.
425 2775 475 2803 B:
508 2774 652 2803 tantum
670 2797 676 2803 .
698 2797 704 2802 .
726 2774 886 2811 .quanto
903 2797 910 2803 .
930 2797 936 2804 .
960 2798 966 2804 .
989 2773 1038 2805 16.
1064 2773 1216 2805 eluendo
1237 2776 1278 2804 A.
1426 2785 1478 2813 40.
1509 2774 1813 2806 Reuerendissimi
1834 2776 1887 2804 A:

297 2813 335 2844 R.
350 2815 390 2845 D.
410 2818 446 2846 F.
537 2815 739 2846 Cardinalis
756 2819 830 2848 aclcl.
847 2819 884 2846 F.
1017 2827 1065 2855 41.
1091 2817 1292 2848 Cal-dinalis
1308 2819 1380 2849 add.
1398 2820 1431 2848 F.

340 2913 370 2942 8.
388 2913 625 2955 Germanum]
651 2915 702 2946 Cf.
724 2915 787 2955 Ep.
807 2916 880 2954 269.
897 2917 939 2954 38
957 2926 991 2948 11.
1126 2918 1199 2957 296.
1226 2927 1286 2956 103
1298 2927 1331 2947 n.

340 2965 394 2992 40.
414 2956 646 2997 Nanetensis]
672 2959 808 2996 Guibe3
833 2960 875 2990 cf.
894 2960 957 2999 Ep.
977 2968 1051 2998 253.
1213 2960 1291 2991 diui
1311 2985 1315 2990 .
1335 2983 1342 2990 .
1364 2984 1370 2990 .
1392 2959 1548 3000 Georgii]
1582 2958 1722 2996 Riario;
1753 2959 1795 2989 cf.
1821 2959 1880 2999 Ep.

342 3007 391 3034 41.
418 2999 672 3040 Bononiensis]
711 3001 874 3041 Alidosi;
914 3003 956 3033 cf.
996 3003 1057 3041 Ep.
1126 3012 1199 3042 333.
