2010 3417
273 152 352 190 214
740 149 990 189 LETTERS
1029 149 1097 188 OF
1133 149 1398 190 ERASMUS
1739 148 1862 204 [1516

275 258 581 298 commentariis
602 257 911 297 admiscuerunt
930 273 939 306 ;
969 271 1050 308 qua
1072 257 1204 308 gratia
1224 258 1356 308 magis
1374 258 1500 297 etiam
1519 259 1563 296 in
1583 271 1671 297 rem
1690 258 1864 299 istorum

274 326 359 362 erat
379 323 471 361 illos
494 323 670 370 interire,
693 336 744 361 ne
767 322 932 372 quando
951 322 1018 361 vel
1048 322 1177 373 plagii
1206 323 1551 362 conuincerentur
1574 322 1643 362 vel
1665 324 1860 365 inscitiae.

276 387 440 426 Scilicet
474 387 583 425 tanti
617 389 703 425 erat
736 387 944 436 antiquari
970 387 1239 436 Clementem,
1270 388 1540 435 Hirmaeum,
1573 387 1862 439 Polycarpum,

217 468 258 500 90
276 452 504 502 Origenem,
527 452 779 501 Arnobium,
801 454 847 491 vt
866 452 1014 491 horum
1036 452 1126 492 vice
1147 452 1306 501 Occam,
1329 452 1586 502 Durandum‚
1609 452 1863 502 Capreolum,

274 517 499 567 Lyranum,
529 517 787 568 Burgensem
816 518 858 555 et
885 516 953 555 his
983 517 1112 556 etiam
1143 517 1391 556 indoctiores
1419 516 1573 567 legeret
1602 517 1723 556 orbis.
1783 516 1870 555 Sub

274 583 424 621 horum
454 582 584 632 igitur
616 581 777 621 diutina
808 582 1030 632 tyrannide
1061 584 1178 620 tanta
1209 582 1290 620 fuit
1319 582 1522 621 bonarum
1554 581 1789 621 litterarum
1822 595 1867 620 ac

274 648 480 687 bonorum
508 649 733 686 authorum
762 648 991 697 πανολεθρία
1017 650 1063 687 vt
1090 662 1111 686 e
1135 648 1350 687 doctorum
1380 648 1522 687 ordine
1548 647 1772 698 pelleretur
1797 647 1868 698 qui

275 713 343 751 vel
361 714 533 762 paulum
551 713 806 752 litteraturae
823 712 1010 752 melioris
1029 714 1244 763 attigisset.

215 794 255 826 95
326 778 411 817 His
431 779 554 817 rebus
572 779 730 817 factum
751 780 812 817 est
837 781 884 817 vt
907 781 969 817 tot
988 778 1098 817 orbis
1120 779 1290 827 lumina,
1314 792 1492 829 quorum
1504 778 1650 818 titulos
1669 779 1869 818 duntaxat

274 857 351 882 1166
376 844 419 883 id
446 844 535 883 sine
558 844 785 895 lachrymis
807 844 998 894 legimus,
1019 845 1210 883 funditus
1234 844 1491 883 interierint:
1519 846 1560 883 et
1586 844 1622 883 si
1647 858 1751 895 quos
1777 857 1869 883 con-

276 909 370 959 tigit
391 910 478 948 suis
502 922 715 960 superesse
741 909 852 959 fatis,
874 909 920 948 hi
944 910 1001 948 sic
1023 910 1161 948 modis
1187 909 1385 948 omnibus
1407 910 1616 960 deprauati
1636 912 1745 959 sunt,
1769 910 1869 948 adeo

274 975 458 1013 truncati
495 975 856 1025 contemeratique,
897 977 944 1013 vt
988 974 1128 1014 felices
1166 975 1301 1014 videri
1337 974 1499 1025 possint
1537 975 1608 1024 qui
1645 975 1869 1025 perierunt.

273 1040 415 1090 Atque
432 1040 475 1078 id
495 1040 676 1090 profecto
692 1053 786 1078 cum
801 1039 907 1078 mihi
919 1040 1189 1079 vehementer
1203 1040 1426 1090 indignum
1436 1039 1601 1079 videtur
1616 1040 1660 1078 in
1676 1039 1870 1078 omnibus

199 1120 258 1143 100
276 1105 460 1155 eruditis,
482 1108 574 1144 tum
593 1105 715 1155 longe
736 1105 1078 1155 indignissimum
1098 1106 1144 1144 in
1163 1105 1423 1156 Hieronymo
1439 1121 1447 1154 ;
1473 1106 1589 1145 cuius
1608 1108 1695 1144 tam
1715 1105 1870 1144 multae

275 1172 428 1219 tanque
456 1170 631 1209 eximiae
660 1171 776 1209 dotes
805 1171 1145 1220 promerebantur
1171 1173 1218 1210 vt
1243 1171 1311 1210 vel
1336 1171 1450 1210 solus
1477 1173 1518 1210 et
1542 1174 1656 1210 totus
1680 1173 1721 1209 et
1741 1171 1871 1210 incor-

276 1237 423 1285 ruptus
442 1238 687 1275 seruaretur.
746 1236 855 1274 Nam
874 1238 1128 1275 caeterorum
1149 1236 1317 1286 quidem
1337 1237 1437 1275 alios
1457 1237 1558 1275 aliae
1577 1237 1870 1276 commendant

277 1300 406 1349 dotes,
428 1300 472 1338 in
493 1301 569 1339 hoc
584 1315 667 1340 vno
687 1301 926 1351 συλλήβδην,
942 1304 988 1340 vt
1004 1301 1132 1349 aiunt,
1150 1301 1421 1340 coniunctum
1440 1302 1532 1351 fuit,
1556 1301 1756 1340 eximium
1775 1302 1866 1350 fuit,

277 1365 473 1416 quicquid
493 1366 537 1404 in
557 1365 651 1405 aliis
670 1379 742 1416 per
762 1366 915 1416 parteis
935 1366 1146 1405 miramur.
1207 1367 1263 1405 Et
1283 1380 1378 1405 cum
1398 1366 1442 1405 in
1463 1367 1639 1417 singulis
1659 1366 1870 1417 egregium

199 1448 257 1479 105
277 1443 367 1469 esse
391 1444 592 1481 magnum
616 1431 672 1470 sit
700 1444 746 1470 ac
771 1443 923 1479 rarum,
946 1431 1015 1469 hic
1048 1431 1106 1469 sic
1141 1432 1337 1470 excelluit
1367 1432 1411 1470 in
1441 1432 1637 1471 omnibus
1670 1433 1717 1470 vt
1746 1432 1871 1481 longe

276 1498 510 1545 praecurrat
544 1497 590 1535 in
619 1496 805 1546 singulis,
837 1497 874 1535 si
901 1496 1024 1535 illum
1052 1510 1148 1535 cum
1183 1497 1353 1536 caeteris
1384 1497 1597 1544 conferas;
1637 1497 1703 1535 sin
1731 1497 1869 1546 ipsum

277 1574 417 1599 secum
447 1575 682 1611 componas,
716 1562 759 1599 in
788 1561 907 1600 nullo
939 1562 1223 1612 praemineat:
1266 1564 1382 1601 tanta
1416 1565 1476 1601 est
1511 1576 1651 1601 rerum
1681 1562 1870 1601 omnium

277 1638 537 1665 summarum
570 1628 860 1677 temperatura.
916 1627 1086 1665 Etenim
1115 1628 1151 1666 si
1180 1629 1349 1666 naturae
1379 1627 1621 1666 felicitatem
1650 1628 1867 1678 expendas,

277 1691 377 1741 quid
397 1691 514 1730 illius
532 1692 700 1741 ingenio
719 1692 788 1730 vel
807 1691 1019 1731 ardentius
1045 1693 1095 1732 ad
1117 1693 1360 1731 discendum
1379 1693 1446 1731 vel
1466 1692 1601 1731 acrius
1621 1693 1672 1731 ad
1691 1692 1870 1732 iudican-

199 1773 258 1796 110
276 1755 379 1794 dum
403 1756 471 1795 vel
496 1756 739 1795 foecundius
766 1757 817 1795 ad
840 1757 1140 1796 inueniendum
1154 1759 1175 1796 ·?
1230 1757 1417 1808 Denique
1437 1757 1538 1808 quid
1566 1757 1778 1796 dexterius
1800 1760 1872 1797 aut

276 1821 479 1870 festinius,
520 1822 555 1861 si
594 1822 699 1861 forte
737 1836 802 1861 res
839 1822 1154 1862 delectationem
1193 1823 1406 1873 desyderet
1421 1824 1442 1861 ‘?
1498 1822 1573 1861 Sin
1611 1823 1872 1874 eloquentiae

276 1886 443 1926 laudem
461 1888 656 1938 requiras,
681 1888 726 1926 in
752 1887 830 1926 hac
854 1889 962 1926 certe
983 1888 1240 1927 Christianos
1266 1888 1486 1938 scriptores
1511 1888 1732 1928 vniuersos
1756 1890 1872 1928 tanto

276 1954 369 2002 post
387 1966 431 1991 se
450 1953 617 2003 reliquit
637 1953 857 1992 interuallo
883 1955 931 1992 vt
957 1967 1031 1991 nec
1053 1954 1100 1992 hi
1127 1967 1223 1993 611111
1242 1953 1503 2005 Hieronymo
1524 1954 1700 1993 conferri
1719 1956 1872 2005 queant

279 2017 351 2067 qui
382 2018 514 2057 vitam
554 2032 723 2057 omnem
755 2018 801 2057 in
833 2032 917 2057 vno
950 2018 1055 2057 bene
1089 2018 1252 2058 dicendi
1289 2019 1429 2058 studio
1467 2019 1779 2067 contriuerunt;
1826 2033 1872 2058 ac

199 2100 257 2132 115
277 2095 469 2133 prorsum
500 2085 668 2122 tantum
700 2083 814 2122 abest
842 2085 890 2122 vt
923 2083 1142 2134 quisquam
1176 2084 1230 2123 sit
1263 2086 1428 2123 nostrae
1456 2084 1667 2134 religionis
1699 2085 1873 2135 scriptor

277 2161 401 2197 quem
430 2161 524 2186 cum
550 2148 626 2186 hoc
655 2148 788 2198 possis
817 2161 1069 2198 componere,
1090 2151 1137 2188 vt
1167 2162 1259 2188 meo
1291 2149 1443 2188 iudicio
1476 2149 1713 2188 Ciceronem
1744 2149 1871 2188 etiam

275 2213 425 2262 ipsum,
448 2212 656 2263 suffragiis
675 2213 864 2251 omnium
883 2213 1142 2263 eloquentiae
1160 2214 1369 2253 Romanae
1388 2213 1631 2263 principem,
1654 2213 1872 2253 nonnullis

278 2277 444 2316 dicendi
476 2278 705 2316 virtutibus
739 2279 928 2327 superet:
970 2278 1078 2328 quod
1107 2279 1276 2329 quidem
1308 2279 1353 2317 in
1385 2278 1517 2328 ipsius
1546 2278 1633 2318 vita
1666 2279 1872 2329 copiosius

276 2341 666 2381 demonstrabimus.
743 2342 850 2380 Mihi
902 2355 1001 2381 sane
1046 2343 1123 2381 hoc
1178 2344 1317 2393 ipsum
1363 2343 1468 2382 solet
1513 2355 1591 2382 vsu
1638 2344 1780 2382 venire
1826 2344 1871 2383 in

857 2439 912 2468 90.
935 2428 1138 2460 Arnobium
1155 2431 1228 2460 add.
1246 2431 1281 2464 β.

320 2521 372 2551 90.
408 2510 635 2551 Durandum]
671 2510 764 2541 W'm.
806 2510 956 2541 Durand
995 2511 1039 2552 (c.

279 2564 423 2592 1230—1
444 2555 528 2586 Nov.
549 2556 658 2593 1296),
677 2564 698 2584 a
715 2554 854 2585 French
878 2555 1042 2585 canonist

1109 2512 1150 2542 in
1172 2511 1319 2542 defence
1340 2511 1379 2541 of
1399 2511 1461 2542 the
1485 2510 1650 2550 theology
1666 2511 1705 2542 of
1718 2511 1871 2542 Thomas

1108 2556 1282 2595 Aquinas,
1298 2555 1442 2594 printed
1459 2558 1495 2586 at
1511 2555 1644 2585 Venice
1660 2555 1699 2585 in
1719 2556 1855 2594 1483—4.

276 2598 349 2629 and
374 2598 552 2638 liturgical
579 2599 723 2636 writer;
757 2598 822 2638 Bp.
853 2598 890 2629 of
913 2597 1042 2629 Mende

280 2642 372 2672 1286.
422 2642 491 2672 His
516 2644 678 2672 Rationale
702 2643 896 2672 Diuinorum
925 2643 1041 2678 Officio·

276 2695 348 2715 rum
364 2695 437 2716 was
455 2685 600 2725 printed
622 2688 657 2716 at
678 2685 796 2716 Mainz
812 2686 850 2715 in
870 2694 953 2725 1459
969 2685 1041 2716 and

275 2737 348 2759 was
379 2728 513 2768 widely
542 2728 640 2760 used.
689 2728 746 2759 He
776 2729 850 2759 also
879 2730 990 2759 wrote
1020 2738 1041 2760 a

276 2774 440 2809 Speculum
454 2774 620 2811 Iudiciale,
639 2772 784 2812 printed
801 2774 837 2802 at
853 2772 1044 2811 Strasburg

278 2815 317 2845 in
335 2824 428 2854 1473„
444 2815 516 2845 and
531 2825 552 2846 a
565 2818 778 2853 Repertorium
793 2818 875 2846 iuris
889 2819 1038 2855 canonici,

277 2857 421 2896 printed
437 2860 473 2889 at
488 2859 623 2890 Venice
639 2859 679 2889 in
698 2860 789 2899 1496.

366 2901 590 2942 Capreolum]
639 2903 736 2933 John
789 2902 946 2943 Caprioli
1006 2902 1045 2933 of

277 2942 448 2985 Toulouse
462 2946 527 2984 (†6
539 2946 624 2984 Apr.
642 2946 754 2985 1444),
769 2956 788 2977 a
806 2946 1040 2985 Dominican3

279 2986 409 3017 author
420 2987 456 3017 of
464 2989 738 3020 commentaries
752 2999 798 3020 on
806 2989 868 3020 the
875 2992 1042 3028 Sentences,

1151 2608 1204 2638 91.
1229 2598 1463 2639 Burgensem]
1489 2597 1622 2629 Paulus
1644 2597 1688 2628 de
1705 2597 1738 2629 S.
1757 2598 1870 2629 Maria

1110 2643 1152 2681 (c.
1184 2651 1354 2681 1353—29
1378 2642 1466 2681 Aug.
1498 2643 1607 2682 1435),
1638 2651 1657 2672 a
1687 2641 1766 2672 Jew
1796 2641 1868 2672 and

1109 2687 1232 2717 native
1257 2686 1294 2716 of
1310 2685 1455 2725 Burgos.
1503 2686 1560 2716 He
1583 2694 1655 2715 was
1678 2684 1869 2715 converted

1109 2732 1145 2760 to
1173 2729 1411 2768 Christianity
1441 2738 1533 2767 1390,
1564 2728 1706 2758 became
1737 2728 1804 2767 Bp.
1834 2726 1873 2758 of

1109 2773 1329 2812 Carthagena
1343 2783 1370 2804 c.
1386 2782 1479 2811 1405,
1495 2772 1560 2811 Bp.
1576 2771 1614 2802 of
1622 2772 1756 2810 Burgos
1771 2779 1864 2810 1415,

1109 2817 1181 2847 and
1209 2816 1418 2847 Chaneellor
1445 2815 1483 2846 of
1506 2814 1637 2846 Castile
1664 2814 1735 2845 and
1762 2813 1868 2844 Leon.

1109 2861 1178 2891 His
1199 2862 1397 2890 Scrutiozium
1418 2861 1663 2897 Scripturarum,
1681 2856 1869 2896 composed

1109 2904 1147 2934 in
1178 2912 1271 2942 1434,
1301 2912 1373 2933 was
1399 2901 1546 2942 printed
1576 2903 1613 2932 at
1639 2901 1756 2938 Rome,
1786 2899 1865 2931 Ulr.

1109 2947 1203 2982 Han,
1224 2957 1251 2978 c.
1274 2955 1368 2984 1470.

1154 2991 1225 3020 116.
1252 2986 1475 3028 Ciceronem]
1502 2987 1552 3019 Cf.
1572 2987 1635 3026 Ep.
1657 2995 1729 3026 141.
1745 2995 1863 3025 39-43.
