2010 3417
279 162 359 199 490
744 158 992 197 LETTERS
1029 157 1099 196 OF
1137 157 1402 197 ERASMUS
1742 156 1783 212 [1
1791 169 1813 208 5
1822 171 1836 196 1
1846 167 1866 207 7

279 271 351 316 est,
384 268 574 306 infimam
603 266 729 305 huius
759 266 894 316 operis
926 268 1086 316 partem
1115 266 1265 313 sortiti,
1296 279 1352 305 an
1385 267 1543 317 aliquid
1573 266 1870 305 contulerimus

278 333 414 372 nescio
431 349 440 380 ;
472 335 579 370 certe
606 333 658 370 iis
678 331 749 382 qui
770 332 910 370 nolint
930 331 1139 370 mundum
1158 331 1408 381 resipiscere,
1433 332 1490 370 sic
1510 332 1770 370 stomachum
1789 345 1872 370 mo·

221 412 235 446 7
242 415 257 444 5
278 399 415 436 uimus
435 398 552 447 quasi
571 399 713 435 nostra
733 410 895 447 quoque
916 396 1167 435 industriola
1194 397 1399 436 momenti
1426 397 1621 436 nonnihil
1639 397 1873 436 attulisset:

278 476 514 514 quanquam
533 462 641 500 mihi
661 461 828 512 quidem
847 475 932 500 non
953 462 1028 500 hac
1047 462 1198 501 fiducia
1209 462 1326 501 labor
1346 462 1414 501 ille
1434 465 1652 512 susceptus
1671 464 1748 510 est,
1763 462 1873 513 quod

277 528 527 566 confiderem
556 527 698 565 docere
727 540 794 565 me
819 540 938 576 posse
963 526 1219 576 praeclarum
1243 526 1412 576 aliquid,
1436 528 1506 566 sed
1535 527 1661 566 libuit
1682 527 1775 566 aliis
1794 540 1875 565 ma·

277 594 363 632 iora
391 594 602 632 conaturis
620 593 733 631 viam
755 593 936 640 munire,
956 606 1037 642 quo
1067 593 1208 631 minus
1231 593 1376 631 offensi
1395 593 1564 632 salebris
1584 606 1630 632 ac
1648 593 1772 632 lamis
1790 605 1874 643 spe-

278 661 386 698 ciosa
404 659 478 698 illa
497 672 542 697 ac
562 658 760 697 sublimia
779 658 939 697 facilius
957 658 1216 696 inueherent.
1263 658 1318 696 Et
1338 661 1479 697 tamen
1498 658 1575 697 hoc
1595 657 1793 708 quicquid
1811 659 1873 696 est

219 732 260 762 80
278 725 505 764 industriae
518 726 681 763 nostrae
694 724 805 762 docti
820 723 1065 773 candidique
1079 737 1164 762 non
1178 726 1464 773 aspernantur,
1479 737 1553 762 nec
1572 724 1781 762 oblatrant
1792 723 1874 761 nisi

279 790 449 840 quidam
473 790 573 828 adeo
597 789 755 839 stupidi
780 792 827 828 vt
852 790 961 839 apud
985 789 1136 828 idiotas
1158 789 1287 828 etiam
1316 789 1439 838 paulo
1465 789 1711 828 cordatiores
1739 789 1874 839 explo-

278 857 441 894 dantur.
502 855 644 905 Nuper
672 855 741 892 hic
769 855 939 905 quidam
964 855 1072 905 apud
1098 854 1263 904 plebem
1292 855 1337 893 in
1359 868 1472 893 sacra
1497 855 1653 893 scilicet
1681 854 1875 893 concione

278 919 573 971 lachrymabili
603 933 700 958 voce
721 919 952 969 deplorauit
971 921 1112 958 actum
1130 932 1219 958 esse
1242 919 1291 958 de
1315 919 1470 958 diuinis
1494 920 1628 958 literis
1650 932 1696 958 ac
1722 919 1877 958 theolo-

277 988 341 1037 gis
361 987 433 1037 qui
458 986 660 1024 hactenus
688 985 814 1023 fidem
844 985 1127 1024 Christianam
1150 985 1237 1023 suis
1265 985 1452 1024 humeris
1474 985 1702 1033 fulsissent,
1724 986 1875 1035 postea-

219 1058 258 1099 85
279 1065 403 1101 quam
436 1051 672 1089 extitissent
705 1050 777 1100 qui
810 1052 1119 1089 sacrosanctum
1148 1050 1426 1101 Euangelium
1451 1052 1575 1101 atque
1605 1050 1705 1089 adeo
1742 1049 1876 1100 ipsam

278 1117 508 1156 orationem
540 1116 805 1154 Dominicam
839 1116 1129 1155 emendarent:
1168 1116 1338 1166 perinde
1370 1116 1486 1166 quasi
1514 1130 1587 1167 ego
1617 1115 1877 1154 Matthaeum

279 1184 350 1222 aut
365 1182 522 1221 Lucam
543 1181 856 1232 reprehendam,
874 1195 921 1220 ac
937 1195 1023 1220 non
1042 1195 1112 1220 eos
1130 1182 1268 1231 potius
1287 1195 1463 1232 quorum
1485 1181 1650 1220 inscitia
1665 1181 1877 1219 incuriauo

279 1249 553 1297 deprauatum
580 1250 642 1285 est
663 1247 771 1297 quod
797 1247 863 1285 illi
887 1249 996 1285 recte
1019 1248 1285 1298 scripserunt.
1344 1248 1469 1298 Apud
1489 1247 1652 1297 Anglos
1679 1260 1787 1286 vnus
1805 1248 1876 1285 aut

278 1313 382 1352 alter
401 1313 650 1352 vociferatur
668 1312 891 1363 indignum
910 1313 1072 1352 facinus
1092 1313 1401 1363 Hieronymum
1421 1314 1587 1352 tantum
1606 1313 1748 1352 virum
1769 1326 1792 1351 a
1810 1324 1877 1351 me

219 1395 260 1426 90
280 1377 441 1416 doceri:
471 1378 588 1428 quasi
617 1378 817 1416 mutarim
846 1378 889 1416 id
909 1380 1018 1429 quod
1047 1378 1098 1417 ab
1122 1379 1387 1429 Hieronymo
1413 1379 1615 1428 scriptum
1638 1379 1705 1427 sit,
1727 1391 1772 1417 ac
1792 1391 1876 1417 non

280 1443 412 1493 magis
443 1442 661 1481 restituam
693 1444 801 1493 quod
833 1443 903 1482 ille
936 1444 1111 1494 scripsit.
1169 1445 1225 1482 Et
1251 1446 1391 1483 tamen
1420 1445 1562 1494 magni
1589 1443 1773 1494 theologi
1797 1443 1877 1482 sibi

279 1508 475 1546 videntur
499 1508 569 1558 qui
599 1509 769 1547 naenias
789 1509 1029 1548 huiusmodi
1049 1510 1321 1560 obganniunt,
1346 1523 1449 1560 quas
1468 1511 1508 1548 et
1527 1510 1710 1548 fullones
1728 1508 1875 1548 exsibi-

278 1573 367 1611 lent
386 1573 507 1622 paulo
527 1573 721 1612 saniores,

335 1638 415 1676 Sed
434 1641 704 1688 posteaquam
731 1652 808 1677 nos
835 1640 1092 1689 prouinciam
1117 1640 1375 1686 tradidimus,
1394 1641 1441 1678 vt
1466 1640 1600 1678 multo
1628 1653 1753 1690 quam
1780 1641 1877 1677 ante

220 1721 261 1752 95
279 1703 519 1752 faciliorem,
541 1704 601 1742 ita
620 1717 705 1742 non
724 1705 845 1754 paulo
860 1706 1003 1743 minus
1020 1706 1238 1744 obnoxiam
1259 1706 1342 1743 iam
1361 1705 1552 1752 inuidiae,
1571 1719 1644 1755 age
1655 1705 1876 1755 accingere,

281 1768 444 1807 Fabrici
466 1769 634 1817 optime,
656 1772 697 1807 et
716 1769 825 1808 hanc
844 1771 1077 1820 lampadem
1096 1784 1119 1809 a
1139 1771 1260 1809 nobis
1280 1771 1476 1809 traditam
1496 1771 1643 1821 accipe.
1701 1770 1785 1808 Nos
1804 1783 1879 1820 pro

282 1836 423 1872 nostra
442 1834 684 1872 infelicitate
703 1836 812 1885 quod
823 1835 941 1874 licuit
959 1836 1241 1886 praestitimus
1257 1851 1265 1884 ;
1296 1835 1375 1874 tibi
1389 1836 1497 1874 nihil
1517 1849 1602 1874 non
1614 1835 1773 1886 egregie
1788 1848 1879 1884 sup-

281 1900 386 1951 petit
405 1899 512 1950 quod
533 1899 583 1937 ad
605 1900 682 1938 hoc
701 1901 1031 1950 pulcherrimum
1044 1902 1205 1941 facinus
1217 1901 1372 1952 requiri
1391 1901 1592 1940 videatur.
1631 1903 1759 1940 Aetas
1778 1902 1879 1939 inte-

281 1980 354 2017 gra
367 1967 408 2003 et
422 1965 569 2013 vigens
581 1965 812 2003 etiamnum
826 1966 1057 2016 virensque:
1069 1980 1218 2016 corpus
1229 1968 1426 2016 vegetum
1438 1979 1483 2004 ac
1498 1966 1689 2005 laborum
1703 1965 1879 2016 patiens:

203 2049 264 2071 100
282 2031 499 2081 ingenium
519 2031 632 2079 felix,
654 2031 856 2070 iudicium
884 2045 988 2080 acre,
1007 2033 1137 2070 trium
1156 2033 1395 2082 linguarum
1414 2032 1524 2070 haud
1544 2032 1729 2082 vulgaris
1743 2032 1880 2081 cogni-

282 2098 352 2143 tio,
375 2096 635 2145 eloquentiae
651 2098 817 2135 tantum
848 2100 1053 2147 quantum
1073 2111 1158 2136 non
1177 2097 1423 2137 sustinendo
1443 2098 1579 2136 solum
1599 2097 1877 2136 verumetiam

283 2162 533 2201 illustrando
550 2162 722 2210 negocio
743 2162 919 2201 sufficiat
936 2177 944 2201 :
974 2166 1118 2213 pectus
1137 2164 1286 2202 ardens
1305 2175 1381 2201 nec
1393 2162 1520 2202 vllius
1537 2164 1597 2201 rei
1615 2163 1878 2213 appetentius

284 2240 408 2278 quam
432 2227 537 2265 bene
564 2227 750 2265 merendi
774 2228 825 2265 de
854 2229 1095 2267 mortalium
1114 2229 1310 2268 vniuerso
1330 2242 1498 2279 genere:
1529 2229 1706 2276 fortuna,
1728 2227 1764 2266 si
1792 2241 1878 2266 non

283 2292 551 2342 amplissima,
569 2294 677 2330 certe
697 2294 907 2332 sufficiens
925 2296 1047 2344 atque
1067 2295 1195 2333 etiam
1207 2295 1402 2334 honesta:
1432 2295 1632 2333 autoritas
1652 2294 1777 2342 adest,
1796 2293 1880 2332 tuis

204 2374 263 2405 105
283 2358 551 2409 potissimum
580 2357 807 2396 virtutibus
836 2359 913 2398 tibi
942 2361 1070 2409 parta,
1101 2361 1252 2410 quippe
1281 2362 1354 2410 qui
1390 2361 1467 2399 sub
1496 2359 1761 2398 ornatissimo
1792 2371 1877 2408 pre-

284 2425 373 2463 sule
393 2423 617 2463 Basiliensi
633 2423 929 2474 Christophoro
948 2426 992 2463 in
1015 2426 1114 2464 aede
1133 2426 1395 2465 celeberrima
1411 2425 1710 2465 concionatoris
1724 2437 1878 2463 munus

286 2490 429 2529 obeas:
459 2502 582 2538 super
601 2490 742 2527 omnia
765 2503 901 2528 mores
920 2491 978 2529 sic
1005 2491 1168 2542 integri,
1192 2492 1304 2530 fama
1331 2492 1389 2530 sic
1416 2491 1588 2539 illibata,
1611 2492 1657 2529 vt
1679 2503 1802 2529 nemo
1825 2490 1879 2529 sit

284 2558 372 2593 tam
391 2554 613 2604 impudens
632 2556 887 2605 sycophanta
907 2570 1031 2606 quem
1052 2570 1136 2596 non
1163 2558 1315 2607 pudeat
1335 2558 1445 2596 male
1465 2556 1578 2606 loqui
1607 2556 1656 2594 de
1676 2555 1873 2595 Fabricio.

287 2621 396 2658 Nam
416 2622 462 2658 vt
481 2620 588 2670 apud
609 2620 772 2659 Aulum
793 2622 976 2660 Gellium
1002 2622 1103 2661 olim
1130 2623 1283 2661 bonam
1310 2623 1602 2672 laudatamque
1629 2621 1880 2660 sententiam

373 2735 426 2766 86.
449 2735 650 2766 orationem
668 2738 709 2765 C:
733 2737 975 2775 precationem
992 2739 1035 2767 Η.
1180 2747 1232 2776 99.
1258 2738 1449 2776 virensque
1465 2739 1519 2766 H:
1542 2737 1736 2776 vigensque
1754 2738 1784 2766 G.

330 2847 382 2876 82.
431 2846 596 2886 quidam]
640 2847 714 2877 The
754 2847 864 2877 ‘alter
901 2847 1048 2886 quidam
1116 2848 1209 2878 with
1234 2847 1487 2887 Egmondanus
1509 2847 1570 2877 the
1593 2846 1796 2877 Carmelite.

287 2887 459 2927 κηρυκτής·’
477 2891 515 2919 of
528 2890 641 2920 Lond.
659 2891 705 2921 vi.
726 2900 757 2929 2,
775 2891 845 2922 LB.
859 2892 944 2929 380;
967 2891 1048 2921 who
1159 2891 1210 2923 88.
1237 2891 1344 2930 Apud
1370 2889 1519 2930 Anglos]
1545 2890 1613 2920 For
1635 2900 1702 2921 one
1724 2889 1762 2921 of
1780 2890 1881 2921 these

288 2941 352 2960 van
377 2932 517 2972 hardly,
534 2933 710 2972 however,
728 2935 770 2963 be
791 2934 993 2971 identified,
1011 2944 1048 2964 as
1116 2935 1255 2966 attacks
1269 2944 1326 2965 see
1343 2935 1405 2974 Ep.
1420 2935 1496 2971 481.
1514 2944 1555 2971 42
1569 2944 1607 2966 n.

290 2975 335 3012 by
363 2975 513 3013 Bludau,
537 2979 592 3007 Die
622 2979 726 3007 beiden
755 2981 852 3008 ersten
880 2980 1048 3008 Erasmus-
1164 2980 1233 3010 106.
1258 2977 1536 3017 concionatoris]
1555 2977 1617 3008 See
1634 2987 1667 3017 p.
1684 2986 1758 3016 333.

289 3020 446 3056 ausqccben
478 3020 527 3048 des,
563 3022 669 3049 Neuen
701 3023 895 3059 Testaments,
927 3031 959 3060 p.
994 3023 1044 3060 76,
1162 3031 1233 3060 109.
1255 3021 1431 3061 Gellium]
1458 3022 1507 3052 18.
1524 3030 1555 3059 3.
