2010 3417
163 441 223 471 240

163 769 220 800 245

244 189 325 226 586
705 186 958 227 LETTERS
996 187 1067 226 or
1104 186 1373 226 ERASMUS
1717 186 1809 241 [151
1821 198 1840 236 7

243 311 321 347 que
348 296 546 345 instituti,
578 297 705 336 simul
738 300 861 348 atque
889 297 1147 347 susceperint
1176 311 1363 347 regnum,
1396 297 1549 347 pariter
1580 300 1621 336 et
1654 298 1843 337 animum

242 375 365 412 regno
381 362 557 411 dignum
572 362 809 413 suscipiant,
824 363 1002 413 publicis
1017 363 1246 402 commodis
1260 364 1489 402 metiantur
1502 363 1676 402 consilia
1689 363 1841 411 omnia,

241 428 292 465 ab
318 427 432 465 omni
458 428 695 478 tyrannidis
720 428 851 478 spetie
877 429 995 468 velut
1021 442 1045 467 a
1070 431 1185 479 peste
1212 429 1390 478 quadam
1415 429 1675 477 abhorreant,
1699 442 1744 467 ac
1770 442 1844 478 pro

243 506 284 530 se
305 492 478 542 quisque
494 495 631 542 certet,
648 491 729 547 [vt]
747 494 855 544 quod
875 495 1048 533 sortitus
1067 496 1131 533 est
1149 495 1279 544 regni,
1297 507 1382 532 non
1401 494 1583 544 amplius
1603 495 1675 533 sed
1694 493 1846 533 melius

242 558 464 597 successori
493 559 676 598 tradere:
717 573 862 598 omnes
890 560 1044 610 pariter
1071 560 1323 608 adnitantur,
1356 573 1410 598 ne
1438 559 1596 598 bellum
1624 559 1761 599 vllum
1791 560 1846 598 sit

241 623 381 672 potius
409 637 535 673 quam
554 626 602 664 vt
626 625 734 664 bello
754 625 955 674 vincant3
985 639 1037 665 ne
1059 626 1158 664 vllis
1186 625 1241 664 sit
1267 638 1370 675 opus
1396 625 1535 675 copiis,
1558 625 1694 675 magis
1720 638 1847 675 quam

241 691 287 727 vt
304 688 372 727 his
390 689 514 728 rebus
540 690 626 729 sint
650 691 857 740 instructi,
881 692 993 742 pacis
1022 691 1182 731 artibus
1207 691 1350 741 magni
1377 690 1509 730 videri
1534 691 1739 739 studeant,
1767 704 1847 741 que

241 755 425 793 consiliis
451 756 663 806 animique
682 757 845 796 viribus
867 759 1069 797 constant.
1129 757 1337 808 Equidem
1363 757 1400 795 si
1426 756 1524 807 quid
1551 755 1698 794 nouari
1716 755 1846 805 possit

240 820 393 870 absque
412 834 552 859 rerum
571 823 771 871 tumultu,
793 823 1013 862 iudicarim
1035 823 1086 862 ad
1110 823 1322 873 publicam
1349 823 1461 861 orbis
1487 821 1714 861 Christiani
1739 823 1847 860 tran·

242 885 496 934 quillitatem
519 900 770 938 magnopere
795 889 1016 938 pertinere,
1039 889 1075 927 si
1102 889 1224 928 certis
1249 888 1484 927 foederibus
1510 901 1560 926 ex
1579 901 1656 926 vsu
1681 886 1846 937 publico

241 963 314 989 sua
335 951 481 1001 cuique
496 951 668 991 ditionis
681 955 865 1003 pomeria
878 954 1222 1004 praescribantur,
1241 967 1321 1004 que
1335 953 1465 993 semel
1479 954 1704 992 constituta
1718 951 1848 991 nullis

241 1016 512 1056 affinitatibus
549 1020 621 1056 aut
657 1019 791 1068 pactis
823 1020 889 1058 vel
923 1019 1115 1059 contrahi
1152 1020 1316 1070 possint
1348 1020 1418 1059 vel
1455 1019 1640 1070 proferri,
1678 1031 1848 1068 prorsus

242 1081 455 1132 antiquato
484 1084 674 1122 veterum
702 1084 922 1124 titulorum
955 1085 1054 1134 iure,
1087 1099 1190 1136 quos
1220 1085 1394 1136 quisque
1420 1099 1495 1136 pro
1524 1098 1568 1123 re
1596 1087 1705 1132 nata,
1736 1083 1848 1122 bello

243 1147 443 1196 affectato,
475 1148 580 1187 solet
607 1152 854 1199 praetexere.
933 1151 1051 1200 Quod
1079 1151 1116 1189 si
1144 1151 1237 1202 quis
1266 1151 1372 1190 forte
1399 1151 1586 1189 clamitet
1614 1151 1681 1189 ius
1709 1149 1848 1188 nescio

244 1213 353 1262 quod
387 1227 511 1252 suum
542 1215 671 1254 adimi
698 1216 967 1267 principibus,
999 1217 1034 1255 is
1064 1217 1171 1256 illud
1200 1217 1308 1255 mihi
1340 1230 1480 1256 secum
1513 1219 1677 1266 reputet
1703 1216 1844 1264 velim,

245 1291 349 1316 num
382 1292 560 1329 aequum
594 1284 758 1321 censeat
793 1283 845 1321 ob
878 1283 1121 1321 huiusmodi
1158 1282 1260 1331 iura,
1298 1296 1377 1333 que
1411 1283 1500 1321 siue
1533 1283 1658 1321 habet
1695 1281 1849 1332 aliquis

247 1343 435 1383 fortassis
469 1345 560 1384 siue
593 1346 727 1396 fingit,
760 1347 902 1386 orbem
937 1348 1227 1388 Christianum
1259 1348 1401 1398 impiis
1435 1361 1481 1387 ac
1513 1347 1849 1398 parricidialibus

164 1426 218 1456 05.
244 1409 371 1446 armis
393 1410 482 1448 sine
513 1411 596 1450 fine
626 1412 777 1461 collidi,
807 1415 871 1452 tot
898 1413 1092 1452 innoxios
1119 1416 1192 1452 aut
1221 1413 1408 1452 interimi
1431 1415 1503 1453 aut
1531 1414 1658 1463 perdi,
1685 1415 1750 1453 tot
1774 1413 1848 1452 im-

165 2073 225 2112 265

244 1474 413 1513 meritas
431 1476 637 1528 foeminas
661 1478 789 1527 affligi
815 1479 1115 1529 corrumpique,
1139 1480 1315 1529 denique
1340 1481 1474 1517 totam
1501 1479 1620 1517 illam
1639 1479 1847 1518 malorum

244 1540 473 1589 tragediam
491 1555 570 1591 que
589 1542 746 1582 bellum
767 1557 890 1582 omne
910 1557 1049 1582 secum
1071 1544 1217 1592 defert,
1233 1544 1278 1582 in
1293 1544 1427 1582 vitam
1445 1544 1668 1583 hominum
1686 1544 1842 1583 inuehi.

245 1605 352 1643 Nam
371 1605 437 1643 his
456 1607 644 1646 fontibus
665 1609 806 1647 omnia
826 1610 912 1648 fere
932 1609 1050 1656 bella,
1074 1623 1152 1659 que
1172 1612 1314 1648 nostra
1332 1610 1532 1648 memoria
1545 1610 1741 1658 vidimus,
1759 1623 1847 1660 pro-

245 1670 350 1708 fecta
368 1684 455 1709 esse
477 1674 649 1712 constat.
692 1674 850 1713 Verum
871 1675 948 1713 hec
967 1687 1052 1713 non
1070 1676 1238 1714 tantum
1257 1676 1511 1727 παρεργότερα
1521 1676 1654 1714 videri
1671 1676 1843 1725 possint,

245 1748 392 1774 verum
421 1737 549 1776 etiam
577 1739 866 1789 impudentius
891 1740 942 1779 ad
972 1753 1048 1779 vos
1075 1740 1239 1791 scripta,
1267 1741 1476 1791 principes
1501 1742 1548 1779 vt
1575 1754 1762 1790 magnos,
1789 1741 1848 1780 ita

246 1814 341 1839 cum
361 1802 510 1851 primis
530 1805 734 1854 sapientes
749 1820 758 1853 ;
789 1806 840 1844 ad
866 1806 952 1853 hec,
981 1806 1088 1855 quod
1115 1808 1178 1844 est
1205 1807 1250 1844 in
1277 1806 1356 1845 ista
1381 1807 1550 1845 fortuna
1569 1806 1843 1854 rarissimum,

246 1867 449 1906 librorum
467 1869 594 1908 etiam
614 1871 829 1920 praesidiis
850 1884 946 1910 cum
965 1871 1114 1921 primis
1133 1871 1372 1911 instructos.
1424 1871 1640 1922 Siquidem
1658 1874 1752 1910 tuas
1769 1871 1850 1910 exi-

245 1932 360 1981 mias,
394 1934 595 1984 Federice,
632 1936 749 1975 dotes
779 1949 876 1975 cum
908 1936 994 1975 sint
1024 1936 1248 1987 insigniter
1278 1937 1474 1987 insignes,
1509 1950 1596 1976 non
1626 1937 1782 1975 mirum
1813 1936 1849 1975 si

244 1998 375 2037 famae
395 1999 609 2039 celebritas
627 2001 679 2039 ad
700 2014 777 2040 nos
791 2015 921 2052 vsque
941 2002 1118 2041 deuexit.
1178 2003 1236 2041 Te
1250 2017 1359 2051 vero,
1378 2003 1662 2042 illustrissime
1683 2004 1845 2053 Georgi,

245 2064 423 2113 patrueli
451 2065 737 2105 laudatissimo
765 2080 838 2117 per
867 2067 1008 2108 omnia
1038 2068 1219 2107 similem
1248 2082 1294 2107 ac
1316 2082 1412 2107 vere
1442 2082 1692 2118 germanum
1715 2082 1737 2107 e
1759 2082 1849 2119 pro·

246 2130 403 2180 pinque
442 2132 628 2181 cognom,
672 2133 774 2172 dum
816 2133 1041 2184 Phrysiam
1085 2134 1208 2173 nobis
1249 2134 1477 2174 finitimam
1518 2135 1843 2174 administrares.

246 2195 360 2233 Bene
385 2196 527 2245 valete,
557 2198 768 2248 principes
793 2212 890 2237 vere
918 2199 1068 2248 felices,
1100 2200 1336 2239 stemmatis
1364 2200 1533 2251 quidem
1560 2200 1845 2249 illustrissimi,

248 2261 319 2298 sed
339 2263 595 2301 ornamentis
620 2264 753 2302 animi
779 2264 904 2315 longe
928 2265 1188 2304 illustriores.
1250 2265 1362 2305 Istos
1387 2266 1548 2304 animos
1567 2265 1686 2305 vobis
1712 2268 1848 2304 seruet

248 2325 439 2365 Christus
472 2330 554 2377 opt.
597 2341 721 2377 max.,
757 2343 833 2368 vos
868 2330 959 2368 orbi
996 2330 1245 2379 Christiano,
1280 2332 1493 2381 vestrique
1530 2331 1689 2370 similes
1726 2331 1848 2370 nobis

248 2392 480 2442 complures
498 2393 599 2432 velit
620 2395 806 2434 existere.
866 2397 1111 2447 Antwerpie
1131 2397 1252 2436 nonis
1271 2397 1409 2436 Iuniis
1427 2399 1509 2436 An.
1533 2410 1625 2436 MA).
1650 2407 1709 2445 17.

291 2466 363 2494 240.
397 2458 552 2496 quadam
583 2462 660 2490 add.
691 2470 722 2499 γ.
895 2470 968 2499 241.
1007 2464 1047 2492 vt
1077 2472 1137 2494 om.
1168 2463 1202 2496 β.
1376 2473 1451 2501 242.
1492 2461 1549 2492 112:
1588 2461 1769 2493 tradidere
1800 2461 1843 2494 a¹.

247 2508 320 2537 243.
341 2502 465 2549 *potius
479 2504 555 2533 aad.
571 2502 614 2533 α2.
703 2513 749 2534 110
764 2502 796 2533 a²
812 2515 819 2534 z
842 2513 909 2535 nec
924 2505 957 2535 αι
973 2516 980 2535 :
1003 2515 1118 2544 neque
1134 2507 1168 2540 β.
1273 2506 1387 2546 magis
1403 2509 1477 2536 add.
1495 2505 1540 2537 α2.
1689 2516 1763 2545 244.
1790 2505 1848 2536 his

248 2553 313 2582 ‘17³
337 2544 383 2574 iis
398 2544 444 2578 β2.
571 2545 604 2575 (12
618 2557 625 2576 :
649 2547 802 2578 intructi
817 2546 862 2578 a1.
998 2548 1034 2578 a²
1049 2561 1056 2579 :
1079 2549 1200 2580 videre
1215 2549 1260 2580 al.
1405 2559 1480 2588 245.
1506 2551 1536 2580 si
1553 2549 1641 2588 quid
1656 2550 1689 2579 a²
1703 2559 1710 2578 ι
1734 2550 1785 2580 sic
1800 2549 1844 2580 al.

248 2588 320 2624 246.
347 2586 406 2618 a2:
429 2588 612 2629 puplicam
627 2590 672 2622 a¹.
791 2591 1100 2632 tranquillitatem
1115 2595 1186 2625 add.
1202 2592 1247 2624 «2².
1410 2602 1486 2632 250.
1511 2593 1605 2624 bello
1621 2593 1786 2624 affectato
1801 2604 1822 2622 α
1839 2604 1847 2623 :

248 2638 361 2668 quum
377 2631 513 2663 bellum
529 2633 710 2674 affectet-y
882 2645 957 2674 254.
981 2637 1143 2667 fortassis
1157 2639 1231 2667 add.
1248 2635 1290 2669 α2.
1416 2637 1450 2667 α2
1464 2648 1472 2667 :
1497 2637 1784 2668 Christianorum
1799 2635 1844 2668 al.

248 2673 281 2701 <1²
293 2675 601 2713 .paracidialibus
614 2677 659 2709 al.
839 2688 915 2718 255.
940 2679 1013 2711 fine
1028 2679 1063 2710 a²
1079 2692 1087 2712 :
1109 2679 1180 2710 fide
1194 2680 1239 2712 al.
1418 2682 1495 2719 256.
1520 2681 1695 2711 foeminas
1703 2683 1784 2718 ,add
1802 2678 1843 2711 αἳ.

248 2718 321 2769 258.
352 2718 411 2749 his
434 2730 495 2758 αγε
526 2720 573 2751 iis
596 2720 644 2755 13².
809 2732 881 2763 259.
915 2734 982 2763 ay:
1011 2726 1236 2764 parergotera
1259 2724 1306 2758 13².
1470 2725 1544 2755 260.
1576 2734 1638 2754 vos
1660 2724 1712 2755 a²z
1743 2725 1780 2754 te
1803 2724 1848 2754 a¹.

247 2762 279 2789 α’-’
292 2786 297 2791 .
325 2762 490 2802 principe
513 2765 551 2794 vt
575 2774 707 2804 magnu
731 2765 776 2796 αἱ.
952 2767 1029 2799 261.
1060 2766 1118 2798 (1²2
1148 2768 1306 2807 sapiente
1329 2767 1373 2799 αἱ.
1509 2768 1555 2798 ad
1579 2767 1644 2798 hec
1667 2790 1675 2798 .
1703 2792 1711 2799 .
1735 2791 1743 2798 .
1769 2768 1845 2798 266.

249 2804 518 2838 administrares
547 2806 603 2839 ⁰²:
641 2809 703 2847 qui
733 2808 873 2840 nullius
903 2820 1005 2850 egeas
1034 2811 1186 2841 consilio
1216 2813 1279 2842 aut
1317 2811 1476 2851 monitis,
1505 2811 1641 2842 nedum
1676 2811 1767 2841 meis
1801 2811 1844 2841 αι.

250 2848 323 2885 267.
349 2849 682 2883 v·1lete..felices
696 2852 753 2883 12²:
776 2853 855 2883 vale
872 2853 945 2884 dux
959 2853 1001 2883 12¹.
1119 2854 1152 2884 α2
1169 2867 1176 2886 :
1201 2856 1423 2885 stemamatis
1439 2854 1585 2894 quidem
1602 2854 1845 2885 illustrissime

248 2889 291 2919 α’.
428 2894 500 2952 268.
525 2895 558 2923 α·
573 2906 580 2925 :
604 2895 764 2927 illustior
780 2896 821 2927 αἱ.
912 2898 1086 2929 Istos..
1104 2909 1178 2938 270.
1194 2898 1345 2929 existere
1361 2901 1434 2929 add.
1452 2898 1496 2929 α2.

293 2981 694 3025 266.administra1es]
739 2984 807 3015 For
851 2984 997 3026 George'
1000 2996 1016 3016 s
1077 2988 1122 3017 tr.
1153 2986 1320 3026 Putnam,
1338 2986 1410 3018 vol.
1433 2986 1460 3016 ii
1484 2987 1610 3027 (1899),
1628 2996 1689 3026 pp.
1705 2995 1845 3016 211-20.

250 3022 413 3060 vigmous
450 3029 684 3063 government
732 3028 770 3058 of
827 3029 1016 3060 Friesland
1077 3030 1247 3061 Erasmus
1259 3040 1324 3061 can
1342 3030 1474 3069 hardly
1490 3030 1580 3060 have
1597 3030 1670 3060 had
1687 3039 1757 3069 any
1768 3038 1845 3069 per-

254 3073 357 3102 1504—
362 3075 412 3104 15,
430 3077 486 3097 see
513 3068 615 3108 Blok,
635 3072 718 3101 Hist.
748 3074 784 3108 of
804 3074 1015 3111 Netherlancls,
1077 3074 1176 3104 sonal
1194 3074 1405 3113 experience
1422 3074 1460 3104 of
1473 3073 1516 3105 it.
