2010 3417
301 149 383 188 370
761 142 1015 183 LETTERS
1053 143 1122 182 OF
1160 141 1429 183 ERASMUS
1772 141 1897 196 [1516

302 258 473 296 facerem
486 256 506 293 ἵ)
561 253 627 294 Ita
659 252 773 293 iubet
805 252 1012 292 Budaeus.
1072 251 1213 291 Minus
1246 251 1486 302 improbum
1516 251 1694 290 arbitror
1722 251 1898 304 ineptire

301 333 426 371 quam
445 319 525 359 tibi
543 331 692 370 parum
711 331 799 357 esse
818 317 1085 367 morigerum.
1146 317 1291 368 Neque
1310 318 1452 356 tamen
1471 316 1570 355 haec
1589 316 1775 367 dixerim,
1791 320 1897 368 quod

300 385 430 424 vllam
463 384 622 435 ingenii
652 384 792 423 dotem
827 383 874 422 in
903 382 988 422 tuis
1021 382 1187 433 scriptis
1219 382 1460 432 desyderem
1494 383 1567 421 aut
1594 380 1680 421 vllo
1714 381 1899 422 offendar

299 450 571 490 incommodo.
616 448 811 488 Primum
832 449 944 487 enim
964 448 1190 487 admodum
1209 447 1291 487 sim
1310 447 1506 494 inciuilis,
1527 446 1564 486 si
1582 459 1650 486 me
1669 446 1715 486 in
1734 460 1900 498 corpore

218 530 279 561 275
300 520 388 555 tam
405 515 588 566 specioso
602 528 713 555 vnus
731 516 804 554 aut
819 513 922 553 alter
936 526 1069 553 neuus
1084 512 1275 552 offendat.
1320 512 1480 552 Deinde
1499 512 1556 551 sic
1574 525 1667 552 amo
1682 512 1899 552 Budaeum

299 583 345 621 vt
366 580 493 620 etiam
511 580 548 619 si
567 580 659 631 quis
678 580 830 618 inesset
849 592 994 628 neuus,
1015 578 1052 618 is
1071 579 1176 618 meis
1196 578 1327 618 oculis
1345 578 1613 618 blanditurus
1633 577 1699 618 sit.
1755 577 1898 629 Neque

299 648 440 685 tamen
458 659 589 696 vsque
611 645 710 685 adeo
736 658 877 684 amore
902 644 966 684 tui
989 644 1147 684 cecutio
1171 644 1275 695 quin
1301 643 1405 683 illud
1432 657 1527 684 vere
1546 643 1804 695 perspexisse
1829 657 1898 683 me

299 711 473 760 credam,
507 710 616 750 nihil
647 711 848 749 hactenus
879 710 1121 760 produxisse
1156 709 1315 749 Gallias
1353 710 1463 760 quod
1501 722 1598 748 cum
1635 708 1797 760 ingenii
1834 710 1899 748 tui

298 776 584 815 monumentis
611 775 655 815 in
685 777 893 815 certamen
920 775 1062 815 venire
1090 775 1231 826 possit,
1261 776 1302 814 et
1330 777 1473 814 tamen
1503 775 1699 814 omnibus
1726 788 1750 814 a
1778 775 1897 825 tergo

219 847 280 878 280
299 842 455 881 relictis
473 841 622 880 cotidie
641 841 911 891 temet-ipsum
932 853 1115 892 superas.

352 908 468 947 Bene
487 907 580 946 vale
599 907 659 945 καὶ
678 907 927 957 οἰκοδόμησον
947 906 1070 959 ἀγαθῇ
1090 907 1195 958 τύχῃ,
1217 907 1264 945 vt
1283 918 1493 945 summam
1512 906 1708 946 votorum
1727 904 1892 952 habeas,

298 974 339 1011 et
367 975 414 1011 tu
447 973 553 1011 mihi
581 972 804 1023 aliquando
835 972 1037 1023 gratulari
1072 971 1205 1023 possis
1233 972 1455 1024 παγχρύσῳ,
1487 984 1560 1021 ego
1593 970 1672 1010 tibi
1703 969 1894 1010 Lucullo.

351 1037 572 1078 Bruxellae
592 1037 740 1088 quinto
761 1037 844 1078 Cal.
868 1038 1070 1077 Nouemb.
1093 1050 1203 1076 anno
1223 1050 1406 1076 M.D.xvi.

712 1211 865 1253 ⁴⁷4481.
928 1212 1059 1253 FROM
1091 1211 1284 1252 THOMAs
1316 1211 1463 1252 MORE.

344 1311 533 1347 Deventer
550 1310 627 1346 MS.
646 1321 702 1356 91,
721 1310 747 1347 f.
768 1312 832 1356 163
852 1315 901 1346 v0.
1594 1309 1762 1345 London.

346 1369 418 1406 LB.
437 1369 535 1415 App.
553 1371 611 1414 87.
1449 1377 1491 1411 31
1512 1367 1674 1403 October
1695 1365 1852 1414 (1516).

345 1458 447 1500 [This
462 1467 534 1489 was
551 1457 735 1489 answered
750 1457 798 1496 by
814 1467 834 1488 a
850 1456 951 1489 letter
968 1459 1240 1497 contemporary
1255 1456 1347 1487 with
1364 1457 1428 1496 Ep.
1447 1457 1512 1497 483
1525 1468 1533 1496 ;
1557 1460 1593 1489 to
1609 1457 1731 1488 which
1748 1457 1812 1498 Ep.
1831 1467 1897 1497 499

301 1504 331 1532 is
346 1501 519 1542 probably
535 1501 598 1533 the
614 1501 727 1541 reply.
775 1500 826 1532 Cf.
846 1501 908 1541 Ep.
929 1511 993 1541 499
1010 1500 1162 1542 introd.]

613 1606 798 1638 THOMAS
828 1606 979 1637 MORVS
1011 1606 1190 1637 DOMINO
1222 1606 1402 1638 ERASMO
1435 1606 1516 1637 SVO
1548 1606 1580 1638 S.

352 1688 573 1737 Rnscmsso,
597 1689 656 1727 mi
676 1688 860 1735 Erasme,
883 1687 1024 1735 serius,
1049 1687 1157 1737 quod
1185 1688 1285 1727 certi
1304 1687 1461 1738 aliquid
1481 1687 1658 1727 scribere
1679 1687 1895 1739 cupiebam

300 1754 348 1793 de
381 1767 487 1804 equo
518 1756 589 1792 tuo
623 1753 674 1792 ab
706 1753 910 1802 Vrsuico;
950 1766 1095 1792 verum
1128 1753 1169 1792 id
1203 1755 1249 1792 vt
1279 1766 1445 1803 possem
1478 1766 1531 1792 ne
1563 1753 1697 1793 adhuc
1727 1754 1895 1805 quidem

297 1819 483 1870 contigit,
506 1819 703 1869 quoniam
730 1819 766 1857 is
792 1819 837 1857 in
864 1832 1003 1858 curam
1029 1818 1236 1869 quandam
1262 1831 1381 1858 suam
1405 1818 1553 1858 multis
1579 1819 1630 1858 ab
1649 1819 1751 1859 vrbe
1770 1818 1896 1859 milli-

295 1885 375 1924 bus
412 1885 642 1924 contulerat
685 1897 740 1933 se,
781 1884 957 1923 necdum
1002 1883 1191 1923 redierat.
1252 1883 1336 1922 Vbi
1373 1884 1549 1932 venerit,
1590 1897 1715 1934 quem
1760 1884 1895 1924 indies

260 1966 277 1995 5
296 1952 568 1999 expectamus,
604 1962 670 1988 res
701 1951 847 2000 agetur
879 1948 1035 1988 sedulo.
1093 1948 1323 1988 Pecuniam
1360 1949 1469 2000 apud
1507 1963 1575 1988 me
1607 1949 1895 2000 depositiciam

296 2015 472 2064 Aegidio
510 2016 650 2054 nostro
687 2015 941 2065 persolutam
978 2027 1065 2053 esse
1103 2027 1188 2054 non
1225 2014 1396 2060 dubito;
1440 2027 1538 2053 nam
1571 2014 1728 2055 litteras
1759 2015 1897 2066 accepi

300 2094 323 2119 a
349 2083 610 2130 procuratore
641 2093 733 2119 meo
765 2080 940 2131 scriptas
969 2079 1245 2130 Antwerpiae,
1279 2080 1430 2130 quibus
1459 2079 1603 2118 scribit
1633 2092 1675 2119 se
1704 2081 1897 2131 protinus

297 2145 546 2185 soluturum.
604 2145 686 2184 Eas
705 2145 865 2185 litteras
884 2158 986 2196 quas
1005 2144 1108 2184 olim
1130 2144 1181 2184 ad
1201 2158 1268 2183 me
1289 2144 1485 2195 legendas
1503 2144 1659 2184 misisti
1677 2158 1699 2183 e
1719 2145 1894 2192 Basilea‚

297 2223 383 2249 non
417 2211 534 2261 potui
568 2211 829 2250 committere
862 2211 958 2249 huic
996 2209 1238 2258 tabellari03
1281 2210 1352 2248 sed
1387 2210 1553 2248 mittam
1588 2211 1729 2248 tamen
1763 2209 1893 2258 breui,

241 2291 279 2313 10
298 2289 394 2315 cum
424 2276 538 2315 fuero
572 2278 718 2314 nactus
752 2275 933 2326 aliquem
963 2289 1086 2326 quem
1115 2275 1272 2326 possim
1306 2288 1457 2325 magno
1489 2287 1658 2314 onerare
1684 2274 1892 2314 fasciculo.

297 2341 486 2380 Bedillus
507 2341 696 2380 exhibuit
718 2341 825 2380 mihi
852 2341 1068 2392 epistolam
1094 2340 1145 2380 ab
1172 2341 1374 2391 Episcopo
1398 2341 1620 2380 Basiliensi
1644 2341 1696 2379 ad
1717 2340 1896 2380 Cantua·

297 2408 478 2446 riensem
514 2419 590 2445 nec
642 2420 725 2445 non
770 2419 862 2446 eam
903 2419 984 2456 qua
1023 2405 1234 2456 respondit
1272 2406 1633 2457 ArchiepiscopuS,
1674 2407 1893 2457 vtramque

340 2518 415 2549 481.
441 2527 471 2549 2.
505 2517 679 2556 promisso
702 2519 771 2552 post
798 2516 948 2547 Vrsuico
980 2518 1054 2546 add.
1083 2517 1157 2546 LB:
1193 2518 1246 2546 sed
1277 2518 1314 2553 cs.
1344 2518 1402 2553 Ep.
1431 2517 1506 2555 467.
1534 2525 1564 2555 7,
1591 2518 1619 2545 et
1646 2518 1666 2546 l.
1693 2515 1713 2545 8
1734 2525 1767 2547 oz.
1792 2516 1893 2554 infra.

300 2572 331 2600 3.
356 2561 493 2592 curiam
509 2562 571 2599 ΕΒ,
586 2569 763 2597 perperam.

342 2661 415 2691 481.
452 2669 481 2698 3.
514 2658 655 2699 curam]
695 2658 748 2690 On
786 2668 806 2697 5
843 2657 932 2698 July
972 2659 1056 2697 1516
1170 2659 1199 2689 8.
1217 2668 1234 2688 e
1248 2657 1405 2699 Basilea]
1423 2659 1520 2689 must
1532 2658 1575 2688 be
1593 2654 1887 2687 connectedwith

297 2702 463 2735 Urswick
485 2702 557 2733 had
581 2702 673 2732 been
700 2701 895 2742 appointed
920 2710 940 2731 a
963 2711 1055 2733 com-
1125 2705 1242 2732 litteras
1263 2702 1322 2741 (ef.
1341 2701 1363 2733 l.
1383 2701 1486 2741 2n.);
1519 2701 1573 2732 for
1594 2700 1683 2740 Epp.
1704 2709 1778 2739 499.
1795 2707 1848 2738 25,
1866 2699 1888 2728 6
1938 2701 1942 2703 “

298 2747 486 2777 missioner
521 2746 558 2776 of
593 2755 721 2776 sewers
755 2744 809 2776 for
842 2744 1054 2784 Middlesex,
1125 2744 1197 2777 and
1214 2754 1288 2784 502.
1307 2755 1337 2785 2,
1357 2755 1376 2784 3
1393 2745 1492 2776 show
1504 2745 1585 2775 that
1601 2744 1702 2774 these
1714 2752 1807 2773 were
1822 2741 1889 2772 let-

298 2790 418 2827 Essex,
444 2788 516 2820 and
549 2788 658 2820 Herts
683 2789 844 2829 (Brewer
866 2789 903 2820 ii.
930 2789 1050 2828 2138);
1126 2791 1199 2820 ters
1210 2788 1371 2820 received
1383 2788 1605 2828 byErasmus
1616 2787 1707 2819 from
1717 2783 1888 2816 hisBasle

300 2833 368 2864 and
398 2833 478 2863 that
509 2833 672 2864 business
701 2842 784 2872 may
814 2832 904 2863 have
942 2832 1056 2863 called
1126 2832 1276 2865 friends.
1321 2832 1421 2871 They
1439 2842 1532 2862 were
1553 2831 1706 2872 perhaps
1729 2830 1888 2860 contem-

297 2876 374 2907 him
398 2885 506 2916 away.
1126 2885 1254 2916 porary
1281 2875 1372 2906 with
1400 2875 1488 2915 Epp.
1519 2876 1592 2914 328,
1620 2874 1701 2911 &c.;
1736 2872 1791 2902 for
1822 2871 1886 2911 Ep.

341 2928 369 2957 5.
398 2919 610 2960 Pecuniam]
635 2918 690 2950 Cf.
706 2919 769 2959 Ep.
790 2920 866 2958 467.
885 2929 925 2950 10
937 2929 971 2950 n.
1127 2929 1190 2959 499
1214 2919 1358 2960 implies
1381 2919 1462 2950 that
1485 2918 1573 2958 they
1593 2916 1665 2948 had
1687 2917 1779 2947 been
1801 2914 1888 2955 long

343 2971 372 2999 7.
398 2962 642 3003 procuratore]
668 2963 826 3004 Perhaps
838 2962 1055 3001 Berckman3
1127 2963 1167 2993 in
1184 2962 1312 2994 More's
1329 2962 1454 2992 hands.

299 3004 339 3035 cf.
363 3005 426 3044 Ep.
444 3014 517 3043 491.
539 3015 586 3036 10.
1173 3015 1222 3038 11.
1246 3004 1449 3046 epistolam]
1476 3004 1527 3038 Cf.
1545 3004 1605 3043 Ep.
1625 3013 1699 3042 425.
1718 3012 1760 3042 33
1774 3013 1811 3035 n.
