2010 3417
102 137 199 193 493]
514 141 666 181 FROM
705 142 973 183 WILLIAM
1010 145 1284 184 BUDAEUS
1610 144 1686 183 401

156 250 236 289 Sed
262 263 405 290 rursus
423 253 470 289 tu
489 250 534 289 111
555 264 622 289 me
641 254 859 302 apparatus
877 254 1050 292 modum
1076 254 1294 304 desyderas
1311 269 1320 292 :
1356 255 1414 293 ita
1434 268 1518 293 non
1543 268 1689 305 genere

101 327 265 364 peccare
284 329 350 354 me
370 329 511 355 censes
530 317 601 355 sed
621 317 897 357 exuberantia.
958 319 1023 358 Sic
1042 333 1135 358 sum
1157 321 1275 369 certe,
1296 333 1482 369 promere
1502 320 1688 370 religiose
1708 327 1769 361 375

102 393 187 419 non
206 381 319 420 soleo
337 395 387 420 ex
410 381 572 431 copiosa
591 395 724 431 penu:
754 397 828 422 nec
855 385 901 422 tu
928 397 1013 423 non
1039 385 1166 424 habes
1192 385 1500 435 locupletiorem
1519 398 1684 434 penum,

100 447 172 486 sed
192 448 471 498 circunspecta
489 451 680 487 senectus
699 449 810 499 frugi
835 451 886 497 te,
910 463 994 488 non
1013 452 1160 489 natura
1179 452 1345 488 tantum
1364 450 1532 500 ipsaque
1551 451 1690 500 αἵρεσις

98 514 171 551 tua
182 512 288 552 fecit.
325 512 670 552 Circuncisiorem
681 514 807 553 etiam
818 516 859 553 te
871 515 915 553 in
929 514 1015 553 dies
1028 515 1125 553 facit
1135 515 1377 554 institutum
1391 516 1689 565 theologicum

98 578 207 628 quod
234 578 334 616 adeo
359 579 478 617 credo
505 580 662 617 omneis
691 580 845 628 gloriae
873 580 1066 619 stimulos
1091 580 1168 618 tibi
1199 581 1436 630 aculeosque
1461 581 1622 629 exemit,
1643 582 1691 620 vt

98 643 183 682 iam
199 657 273 682 nec
287 643 421 682 famae
436 657 510 682 nec
530 645 826 684 existimationi
845 645 1063 695 magnifice
1084 646 1250 694 seruias,
1270 646 1370 684 dum
1385 647 1506 684 modo
1526 646 1690 695 publice
1708 647 1769 686 380

99 709 252 758 prosis:
296 708 353 747 sic
383 709 489 748 mihi
521 711 691 749 omnino
724 712 886 749 credere
918 711 1130 760 imper-aui,
1161 725 1214 749 ne
1244 724 1328 749 non
1362 711 1407 748 in
1439 712 1578 750 omnia
1610 711 1690 750 tibi

98 773 313 822 obsequar.
370 774 616 825 Quanquam
652 775 888 814 existimem
920 775 1073 825 alioqui
1110 788 1194 814 non
1226 777 1314 818 tam
1347 775 1454 813 male
1485 777 1525 814 te
1554 776 1689 814 odisse

98 837 274 877 Peniam
289 840 406 878 illam
426 842 555 888 tuam,
574 843 621 879 vt
636 843 681 879 tu
699 841 768 890 ais,
788 840 1014 890 coniugem,
1032 853 1157 890 quam
1172 840 1329 889 perdite
1344 853 1481 878 amare
1500 841 1689 889 pellicem

98 903 186 943 eius
201 904 389 943 Eucliam
408 907 529 955 atque
548 906 673 944 etiam
693 905 899 944 nutricem
914 905 1065 955 Vlyxis
1080 905 1317 956 Eurycliam
1334 919 1343 942 ;
1374 918 1448 943 nec
1466 905 1687 953 immerito,

100 982 195 1007 cum
222 971 262 1007 te
280 969 397 1008 velut
415 971 561 1009 vmbra
581 985 743 1021 quoquo
767 972 962 1020 sequatur
985 970 1182 1021 gentium.
1243 969 1325 1008 Hic
1348 970 1486 1020 pergis
1509 970 1690 1020 argutari
1709 971 1768 1012 385

98 1034 164 1073 vel
195 1035 409 1081 ἀκκίζεσθαι
442 1035 592 1085 potius,
653 1036 698 1074 Si
736 1049 895 1086 magna,
932 1035 1083 1086 inquis,
1119 1035 1377 1085 suscipimus,
1417 1036 1691 1086 praeripimus

98 1099 350 1149 maioribus;
380 1102 416 1139 si
443 1101 675 1148 mediocria,
698 1101 984 1140 mediocribus.
1046 1101 1152 1150 Quid
1181 1101 1216 1139 si
1242 1101 1443 1151 quaedam
1472 1103 1570 1139 sunt
1589 1114 1689 1151 quae

97 1166 146 1203 tu
178 1178 287 1204 vnus
318 1166 452 1215 possis
481 1166 705 1213 absoluere,
736 1168 778 1204 et
814 1166 983 1205 interim
1016 1167 1117 1205 dum
1145 1169 1191 1205 tu
1219 1166 1491 1205 mediocribus
1523 1180 1689 1216 operam

97 1230 221 1269 istam
258 1243 397 1279 nanas,
438 1231 593 1282 aliquid
641 1231 719 1270 tibi
757 1232 949 1270 acciderit
961 1232 1079 1270 ‘?—-id
1129 1232 1237 1282 quod
1277 1232 1362 1270 diui
1398 1231 1464 1269 illi
1501 1233 1689 1270 auertant

97 1298 374 1335 sacrosanctae
394 1296 635 1346 disciplinae
653 1297 835 1347 presides
851 1312 860 1336 :
891 1298 984 1347 quis
1004 1297 1081 1336 hoc
1103 1297 1303 1336 damnum
1328 1297 1487 1335 mundo
1507 1298 1655 1336 sarciet
1668 1298 1689 1336 Ῥ
1707 1307 1770 1339 390

99 1360 193 1399 Non
218 1374 361 1399 manes
387 1361 556 1400 tandem
578 1364 672 1401 tuos
698 1363 749 1401 ob
771 1362 878 1401 hanc
905 1363 1068 1412 culpam
1096 1375 1247 1413 poenas
1271 1363 1434 1401 daturos
1463 1363 1595 1411 putas,
1619 1362 1690 1412 qui

97 1426 253 1465 talenta
279 1427 359 1465 ista
381 1428 445 1466 tot
467 1428 663 1477 tantaque
693 1440 777 1466 non
806 1428 852 1466 in
877 1428 1000 1465 rebus
1027 1427 1184 1477 primae
1209 1429 1330 1465 notae
1359 1428 1400 1465 et
1428 1427 1690 1466 iudicationis

97 1504 283 1530 summae
304 1494 507 1541 occupas?
540 1492 582 1531 id
603 1494 711 1542 quod
731 1492 1030 1543 Euangelicum
1051 1492 1199 1543 dogma
1217 1492 1424 1542 praecipit.
1485 1492 1689 1542 Equidem

98 1557 156 1595 Sic
176 1557 403 1596 contendo:
427 1557 576 1608 ‘'ssav-ep
602 1561 643 1597 οὐ
662 1562 733 1597 τῶν
751 1559 936 1610 τυχόντων
956 1559 1037 1597 ἐστὶ
1056 1562 1127 1597 τῶν
1146 1559 1302 1608 μετρίων
1320 1557 1514 1602 ἅπτεσθαι,
1536 1558 1619 1596 οὐδὲ
1644 1558 1689 1607 δὴ

96 1625 168 1661 τῶν
187 1622 320 1672 ἐφεξῆς
341 1625 478 1663 τούτων
498 1625 789 1674 ἐπιβάλλεσθαι,
813 1625 861 1663 ὧν
880 1625 983 1663 αὐτοὶ
1009 1626 1074 1662 οὐκ
1103 1624 1278 1673 ἐφίκοιντ’
1297 1624 1350 1670 ἂν,
1374 1625 1466 1662 οὕτω
1490 1640 1548 1662 τοι
1571 1623 1688 1673 δήπου
1707 1634 1769 1667 395

98 1688 154 1726 δεῖ
164 1688 248 1728 τοὺς
258 1690 396 1727 τούτων
411 1691 593 1739 κρείττους
603 1691 650 1728 τά
662 1707 705 1742 γε
717 1692 840 1730 αὐτοῖς
855 1691 1045 1741 ἀναλόγως
1057 1691 1190 1741 ἔχοντα
1203 1690 1274 1739 πρὸ
1289 1690 1434 1727 πάντων
1447 1688 1687 1738 ἀναιρεῖσθαι,

98 1752 158 1790 καὶ
177 1753 261 1794 τοὺς
280 1753 325 1802 δὴ
348 1753 393 1791 αὖ
412 1753 658 1805 ἐξοχωτάτους
678 1755 737 1792 καὶ
755 1757 831 1794 τοῖς
855 1754 1048 1804 ἐξαιρέτοις
1073 1771 1117 1806 γε
1146 1754 1205 1792 καὶ
1225 1754 1381 1799 ἐνδόξοις
1405 1757 1476 1792 τῶν
1495 1770 1686 1805 συγγραμ-

96 1819 222 1867 μάτων
248 1819 506 1857 ἐπιτεθεῖσθαι·
542 1820 595 1860 οἷς
623 1820 667 1868 δὴ
694 1821 742 1858 σὺ
768 1821 1095 1869 συνεξεταζόμενος
1121 1820 1283 1860 ἀτάκτως
1312 1818 1356 1857 ἂν
1380 1819 1524 1868 δοκοίης
1551 1821 1622 1856 τῶν
1647 1835 1687 1857 τε

95 1883 253 1932 μετρίων
281 1874 342 1921 καὶ
368 1887 440 1921 τῶν
469 1885 658 1933 κατωτέρω
685 1885 822 1922 τούτων
850 1884 1082 1933 ἐπειλῆφθαι.
1140 1884 1257 1922 Τοῦτό
1284 1901 1327 1936 γε
1356 1883 1419 1922 οὖν
1447 1884 1573 1933 ὅμοιον
1598 1883 1688 1921 εἶναι

98 1949 193 1996 φαίη
212 1964 265 1988 τις
284 1948 338 1996 ἂν,
361 1950 500 1987 ὡσανεί
514 1967 568 1989 τις
587 1951 657 1999 ἄρα
686 1951 838 1999 εὔπορος
866 1949 913 1987 ὢν
931 1953 1002 1988 τῶν
1023 1952 1071 1989 εἷς
1093 1950 1156 1987 τὸν
1174 1950 1263 1998 βίον
1281 1950 1345 1987 τὸν
1363 1951 1566 1997 πολυτελῆ,
1588 1949 1688 1998 ὅμως
1705 1959 1768 1992 400

96 2015 144 2051 τὰ
163 2017 201 2051 ἐν
218 2014 375 2063 τρίοδοις
394 2016 757 2066 ἐγκαταλελειμμένα
775 2018 847 2053 τῶν
865 2015 1147 2066 παρατυχόντων
1167 2015 1298 2064 ἕρμαια
1317 2017 1514 2064 ἀναιροῖτο.

151 2078 284 2117 Venio
302 2080 352 2117 ad
376 2079 481 2118 illud
501 2080 608 2129 quod
629 2080 751 2118 villas
770 2079 1037 2118 Lucullianas
1056 2079 1290 2118 aedificasse
1310 2093 1377 2118 me
1395 2080 1686 2129 argumentum

95 2157 186 2183 esse
206 2144 309 2182 dicis
328 2158 412 2183 non
432 2157 520 2183 esse
539 2145 644 2183 mihi
665 2144 842 2183 Peniam
860 2147 978 2183 tuam
1004 2145 1259 2184 familiarem.
1319 2144 1426 2183 Ἀλλ’
1446 2145 1559 2196 ἔγωγε
1577 2147 1687 2182 τοῦτο

99 2209 255 2260 ἔλεγχον
293 2209 383 2248 εἶναι
420 2209 552 2259 εἴποιμ’
585 2209 641 2255 ἂν,
672 2210 781 2248 εἰπών
813 2227 852 2248 τε
889 2209 1116 2261 ἐξελέγξαιμ’
1150 2209 1204 2255 ἂν,
1233 2212 1298 2248 τοῦ
1335 2210 1516 2260 δραπέτου
1550 2210 1686 2248 ἐκείνου

99 2274 274 2312 Πλούτου
303 2277 338 2315 ἐς
364 2275 521 2325 κόρακας
547 2275 817 2327 ἀποφυγόντος,
837 2277 902 2324 τῆς
927 2276 1052 2315 πενίας
1080 2275 1222 2324 δηλαδὴ
1241 2277 1306 2324 τῆς
1333 2277 1403 2324 σῆς
1432 2278 1482 2316 εἰς
1506 2275 1572 2324 τὴν
1595 2275 1686 2324 ἐμὴν
1702 2285 1764 2317 405

99 2340 215 2377 οἰκίαν
245 2339 320 2378 ἀντ’
348 2341 484 2379 ἐκείνου
514 2341 643 2381 εὐθέως
676 2341 954 2390 εἷο-φθαρείσης.
1012 2341 1066 2379 Εὖ
1093 2358 1137 2393 γε
1163 2343 1228 2390 τῆς
1260 2341 1464 2390 δεινότητος
1491 2342 1556 2388 τῆς
1584 2341 1684 2388 ἐμῆς.

90 2401 177 2452 ”Ορ’
205 2405 251 2443 ὡς
284 2406 495 2456 ἐλεγκτικὸν
526 2407 714 2455 ἀπέφηνεν
744 2406 808 2456 ἐμὲ
838 2407 862 2455 ἡ
892 2405 1074 2455 ἐπιστολή
1105 2423 1175 2444 σου
1205 2405 1470 2455 ἐνθυμημάτων
1501 2405 1682 2456 γέμουσα,

99 2468 392 2518 διαμιλλώμενον
412 2471 593 2519 δήπουθεν
610 2473 657 2521 τῇ
675 2472 728 2522 σῇ
746 2472 978 2522 πολυτροπία
995 2474 1042 2522 τῇ
1061 2471 1306 2522 δυσελέγκτῳ.
1363 2470 1444 2508 His
1463 2468 1684 2508 structuris

98 2532 342 2582 imprudens
370 2534 544 2573 Peniam
579 2536 686 2574 mihi
715 2536 852 2585 asciui⁷
887 2549 991 2586 quae
1024 2535 1150 2574 simul
1178 2549 1202 2574 a
1232 2537 1273 2573 te
1310 2534 1507 2584 migrarit,
1543 2545 1684 2571 vereor

98 2610 149 2635 ne
168 2597 274 2635 mihi
294 2598 371 2636 soli
390 2599 612 2639 hederaceo
631 2601 822 2650 amplexu
843 2600 1113 2639 obhaerescat.
1702 2611 1765 2643 410

152 2662 350 2701 Deloinus
383 2666 534 2712 noster,
568 2665 640 2713 qui
673 2665 755 2702 iam
788 2666 886 2703 tuus
915 2665 1023 2703 bona
1057 2679 1106 2703 ex
1143 2665 1256 2714 parte
1289 2664 1422 2702 factus
1456 2664 1526 2710 est,
1558 2662 1609 2700 ad
1641 2665 1682 2701 te

142 2787 215 2816 374.
247 2776 316 2807 Sed
340 2787 461 2809 rursus
485 2781 522 2809 C:
554 2778 640 2809 Ecce
664 2780 783 2810 autem
806 2780 839 2813 β.
988 2789 1062 2818 377.
1095 2780 1238 2810 tantum
1263 2802 1270 2809 .
1297 2801 1305 2809 .
1334 2803 1340 2809 .
1365 2778 1439 2817 378.
1464 2780 1526 2809 tua
1549 2780 1675 2812 add.13.

98 2820 173 2859 383.
199 2822 238 2850 vt
253 2821 292 2850 tu
309 2821 362 2851 ais
378 2824 451 2852 add.
470 2823 504 2856 β.
606 2822 681 2859 384.
707 2824 813 2860 atque
831 2845 839 2852 .
856 2845 866 2854 .
884 2843 892 2852 .
912 2822 1115 2860 Eurycliam
1132 2825 1205 2853 add.
1223 2823 1255 2856 β.
1357 2823 1430 2860 385.
1455 2823 1624 2861 sequatur
1641 2824 1682 2854 C:

101 2865 297 2903 sequantur
312 2863 395 2894 illae
411 2866 445 2898 β.
616 2874 689 2904 391.
713 2866 817 2904 putas
833 2867 872 2896 C:
897 2867 1033 2905 superis
1048 2875 1168 2897 censes
1183 2867 1217 2898 β.
1385 2875 1458 2904 393.
1483 2874 1628 2904 occupes
1643 2867 1679 2899 β.

99 2916 174 2946 395.
201 2906 431 2940 ἐπιβάλλεσθαι
450 2911 522 2939 add.
542 2910 576 2943 β.
666 2918 741 2948 397.
766 2905 806 2938 αὖ
821 2909 862 2942 βε
889 2907 928 2938 ἂν
946 2911 976 2939 O.
1069 2909 1142 2947 398.
1168 2919 1204 2938 τε
1221 2911 1294 2939 add.
1310 2909 1343 2942 β.
1435 2919 1512 2947 400.
1534 2919 1580 2938 τις
1595 2910 1680 2939 ante

99 2950 160 2990 ἄρα
177 2952 217 2981 0:
241 2950 296 2988 τῆς
310 2951 343 2984 β.
455 2961 529 2990 401.
555 2954 611 2982 H:
636 2950 948 2991 ἐγκαταλελημμένα
964 2954 994 2982 0.
1111 2952 1184 2988 406.
1208 2951 1264 2990 τῆς
1280 2956 1350 2982 ante
1367 2952 1440 2991 ἐμῆς
1458 2954 1533 2987 CB:
1559 2962 1617 2983 om.
1634 2954 1681 2983 H.

98 3004 175 3033 407.
202 2995 269 3027 CB:
296 2992 455 3034 ἀπέψῃνεν
472 2997 508 3027 F.
641 2996 714 3033 408.
742 2995 811 3026 His
828 3019 834 3025 .
857 3018 862 3024 .
883 3019 890 3025 .
908 3005 984 3033 410.
999 2995 1225 3027 obhaerescat
1243 2998 1315 3027 add.
1333 2997 1366 3030 β.

167 3059 272 3079 *mmm
294 3059 321 3079 11
852 3063 880 3088 D
904 3051 929 3089 d
