2010 3417
270 163 351 202 418
736 160 987 200 LETTERS
1027 160 1097 199 OF
1135 159 1400 199 ERASMUS
1741 156 1779 211 [1
1789 170 1810 208 5
1819 172 1833 197 1
1844 161 1866 196 6

270 270 396 309 brosii
427 269 647 308 autoritate
681 267 826 318 sapiat,
859 269 907 307 vt
939 281 1024 307 non
1059 268 1182 307 modo
1213 270 1322 307 recte
1351 269 1608 319 Apostolum
1640 268 1862 319 intelligas,

208 342 251 373 60
270 335 543 375 verumetiam
573 334 777 373 maiorem
806 334 864 373 sis
893 334 1114 373 habiturus
1146 333 1384 384 Augustino
1415 333 1629 374 honorem.
1707 333 1867 384 Nequa-

269 413 393 450 quam
422 399 549 449 igitur
574 398 733 438 amicus
764 401 905 438 noster
938 399 1165 438 arbitratur
1197 398 1407 437 iusticiam
1433 398 1536 449 legis
1562 412 1635 438 seu
1660 399 1868 439 factorum

267 466 434 504 tantum
447 478 535 504 esse
554 466 600 504 in
619 464 869 514 cerimoniis,
887 464 960 503 sed
975 465 1127 503 rectius
1146 465 1191 503 in
1207 464 1498 503 obseruatione
1518 464 1648 503 totius
1667 464 1865 514 decalogi.

269 530 380 578 Quae
415 531 450 569 si
481 531 586 569 fiant
613 532 731 569 extra
764 530 891 568 fidem
920 529 1216 579 Christianam,
1243 529 1371 568 etiam
1404 530 1441 568 si
1465 529 1622 569 faciant
1644 530 1863 578 Fabritios,

269 596 451 646 Regulos
471 597 512 634 et
531 595 576 634 in
594 595 839 634 vniuersum
858 595 1150 645 integerrimos
1163 594 1283 643 viros,
1298 594 1407 645 apud
1422 594 1612 633 homines
1627 608 1710 634 non
1725 597 1868 634 tamen

208 666 249 707 65
268 662 364 712 plus
391 674 532 712 sapere
561 661 771 700 iusticiam
800 673 925 711 quam
953 660 1076 699 sorba
1103 661 1256 699 ficum:
1297 673 1382 699 non
1412 660 1538 710 enim,
1570 662 1618 700 vt
1648 659 1870 699 Aristoteli

268 727 407 767 visum
437 728 508 776 est,
529 727 640 766 iusta
665 725 825 777 agendo
852 739 930 764 nos
958 726 1089 765 iustos
1116 726 1234 775 effici,
1255 725 1337 764 nisi
1360 728 1609 775 ὑποκριτικῶς,
1638 727 1709 766 sed
1738 725 1870 765 iustos

268 793 398 832 factos
417 792 527 831 iusta
547 792 717 842 operari.
778 791 1064 830 Necessarium
1084 805 1179 842 ergo
1199 804 1288 830 esse
1314 791 1429 842 prius
1454 791 1610 830 mutari
1635 805 1867 842 personam,

269 858 417 897 deinde
438 871 584 909 opera;
613 858 730 909 prius
748 858 863 897 enim
883 857 969 896 Deo
987 857 1167 896 Abelem
1187 871 1312 908 quam
1339 858 1428 896 eius
1451 871 1626 897 munera
1654 858 1867 908 placuisse.

270 924 471 973 Quamuis
499 923 628 975 igitur
656 925 697 963 et
725 925 861 974 speret
889 926 930 963 et
958 923 1097 974 cupiat
1130 923 1396 963 autoritatem
1427 926 1546 962 tuam
1578 924 1665 962 fore
1697 925 1870 963 celeber-

210 1003 252 1036 70
269 990 431 1039 rimam,
460 990 593 1029 vereri
619 992 759 1028 tamen
787 991 828 1028 te
858 991 998 1028 autore
1027 989 1230 1028 extituros
1257 989 1328 1039 qui
1355 989 1641 1029 defensionem
1668 993 1867 1038 mortuae,

270 1055 312 1094 id
342 1057 404 1094 est
432 1055 616 1103 literalis,
650 1055 951 1106 intelligentiae
976 1054 1188 1106 arripiant,
1219 1068 1301 1106 qua
1330 1055 1443 1105 pleni
1472 1057 1572 1094 sunt
1597 1068 1742 1095 omnes
1763 1068 1869 1106 pene

270 1119 322 1158 ab
340 1121 570 1171 Augustini
588 1121 857 1171 temporibus.

324 1185 417 1225 Hoc
444 1189 517 1236 est,
540 1188 607 1226 vir
630 1187 927 1235 eruditissime,
952 1186 1061 1237 quod
1090 1187 1250 1225 amicus
1279 1188 1419 1225 noster
1447 1187 1498 1225 ad
1522 1188 1562 1226 te
1589 1189 1792 1238 tanquam
1817 1187 1869 1226 ad

273 1253 511 1302 Apollinem
549 1254 758 1304 Pythium
795 1253 960 1303 putauit
997 1252 1261 1291 referendum
1300 1265 1367 1291 me
1405 1253 1660 1303 interprete3
1707 1253 1870 1292 vtinam

211 1329 249 1364 75
269 1332 404 1369 quem,
428 1320 464 1357 si
484 1333 569 1358 non
589 1333 681 1358 meo
701 1318 844 1369 ipsius,
860 1320 969 1357 certe
985 1318 1232 1368 reipublicae
1253 1318 1382 1356 totius
1402 1318 1657 1369 theologicae
1676 1319 1872 1358 exaudias

271 1384 466 1423 nomine!
540 1384 820 1434 Quamobrem
851 1397 940 1422 rem
965 1384 1100 1431 facies,
1126 1385 1175 1422 vt
1201 1383 1322 1422 nobis
1349 1384 1546 1422 omnibus
1577 1384 1870 1434 gratissimam,

270 1449 330 1487 ita
359 1452 431 1488 tua
462 1451 615 1500 pietate
647 1450 952 1501 dignissimam,
987 1449 1025 1488 si
1057 1449 1252 1499 dignatus
1285 1449 1576 1488 beneuolentia
1606 1450 1681 1489 has
1710 1449 1864 1498 literas.

269 1515 524 1564 gratificatus
550 1516 677 1555 fueris
701 1515 833 1554 amico
859 1514 1127 1565 integerrimo
1154 1516 1197 1553 et
1223 1514 1330 1553 mihi
1356 1516 1629 1564 responderis,
1651 1518 1872 1565 quantum-

269 1580 374 1619 libet
411 1581 603 1629 breuiter,
645 1582 797 1632 desque
831 1581 873 1619 id
911 1580 1218 1629 beneficentiae,
1261 1582 1307 1619 vt
1345 1593 1436 1618 meo
1471 1580 1516 1618 in
1548 1582 1591 1619 te
1626 1580 1768 1629 amori,
1811 1581 1871 1620 ita

211 1648 252 1678 80
272 1644 479 1696 Principis
512 1647 595 1685 mei
628 1646 905 1686 illustrissimi
939 1658 1034 1696 erga
1064 1647 1117 1693 te,
1154 1646 1377 1685 Doctorem
1408 1645 1616 1684 Reuchlin
1648 1647 1690 1684 et
1719 1646 1870 1685 doctis—

271 1711 426 1750 simum
456 1725 660 1763 quemque
690 1712 829 1751 studio
857 1713 899 1749 et
928 1711 1193 1750 reuerentiae.
1255 1711 1342 1762 Ego
1371 1710 1486 1750 enim
1516 1711 1561 1749 in
1590 1713 1630 1749 te
1660 1711 1869 1762 diligendo

273 1777 610 1828 obseruandoque
639 1791 854 1828 nunquam
883 1777 993 1816 inter
1021 1778 1254 1827 post-remos
1285 1790 1364 1816 ero.
1434 1776 1549 1825 Vale,
1582 1777 1648 1816 vir
1677 1777 1868 1816 eruditis-

272 1855 388 1882 sime.

325 1908 498 1958 Raptim
522 1922 572 1948 ex
597 1922 688 1948 arce
716 1909 910 1948 Lochana
922 1907 1049 1948 Ducis
1070 1908 1268 1947 Friderici
1288 1909 1490 1947 Saxoniae
1531 1908 1674 1947 Tercio
1693 1907 1866 1948 eiduum

211 1977 251 2017 85
272 1974 463 2013 Decemb.
493 1975 606 2022 1516.

325 2038 418 2078 Erit
438 2040 565 2078 etiam
585 2041 626 2078 et
645 2039 752 2078 mihi
770 2041 812 2078 et
831 2039 1002 2090 reliquis
1024 2039 1221 2078 omnibus
1252 2039 1297 2077 in
1324 2039 1392 2078 his
1418 2039 1658 2090 regionibus
1683 2039 1870 2079 nominis

273 2105 335 2143 tui
364 2105 563 2144 studiosis
589 2118 762 2156 magnae
781 2105 998 2156 voluptati,
1022 2105 1057 2144 si
1084 2105 1340 2156 respondens
1366 2104 1474 2144 mihi
1498 2105 1714 2155 scripseris
1739 2105 1867 2144 etiam

275 2170 373 2220 quid
401 2172 496 2220 post
524 2170 778 2221 Hieronymi
807 2184 927 2221 opera
954 2171 1011 2210 sis
1040 2170 1240 2218 editurus,
1272 2172 1314 2209 et
1341 2171 1440 2220 quid
1471 2183 1583 2209 nunc
1614 2170 1691 2208 sub
1718 2169 1869 2208 incude

273 2238 345 2274 tua
364 2234 525 2275 habeas.
586 2236 678 2274 Scio
697 2235 823 2274 etiam
850 2236 1007 2275 mirum
1027 2235 1072 2274 in
1093 2236 1266 2275 modum
1288 2235 1474 2286 Principi
1499 2248 1591 2273 meo
1616 2234 1869 2285 placiturum

214 2322 256 2355 90
272 2302 360 2339 tam
383 2300 599 2340 literarum
624 2301 782 2351 cupido,
813 2303 901 2340 tam
927 2301 1112 2340 discendi
1139 2301 1397 2351 studio(so>,
1420 2303 1468 2340 vt
1486 2300 1657 2339 feriatus
1684 2314 1708 2340 a
1736 2300 1871 2340 causis

273 2366 500 2405 maioribus
518 2367 586 2406 vel
606 2366 715 2417 legat
736 2366 895 2417 aliquid
914 2366 983 2405 vel
1001 2366 1209 2417 legentem
1232 2367 1422 2406 inaudiat
1441 2365 1727 2405 libentissime.

719 2510 815 2550 502.
878 2507 1010 2549 FROM
1045 2507 1240 2549 THoMAs
1270 2507 1418 2549 MoRE.

322 2598 511 2634 Deventer
528 2597 604 2633 MS.
624 2608 681 2643 91,
700 2598 728 2635 f.
752 2609 827 2643 129.
1515 2598 1680 2634 London.

322 2655 397 2692 LB.
415 2657 511 2701 App.
531 2666 611 2692 221.
1377 2667 1415 2702 15
1436 2656 1645 2693 December
1665 2655 1821 2703 (1516).

316 2738 406 2778 [The
421 2738 603 2778 year-date
618 2739 650 2769 is
662 2738 770 2778 given
786 2739 832 2779 by
849 2738 1030 2770 Linacre's
1046 2738 1185 2769 edition
1203 2738 1240 2769 of
1255 2737 1372 2770 Galen
1391 2737 1427 2778 (l.
1449 2747 1486 2777 15
1502 2739 1567 2774 n.).

316 2781 391 2812 The
413 2782 650 2822 composition
666 2781 877 2813 mentioned
894 2784 933 2813 in
950 2782 972 2813 l.
996 2792 1037 2813 10
1054 2784 1084 2813 is
1106 2781 1292 2821 evidently
1309 2782 1373 2812 the
1389 2783 1493 2812 Iulius
1508 2783 1670 2821 Exclusas,
1687 2779 1750 2811 the
1766 2780 1869 2812 third

318 2867 369 2896 71.
400 2858 576 2898 arripiant
599 2859 692 2889 MS:
722 2858 900 2899 accipiant
923 2860 978 2889 LE
1001 2859 1056 2897 (ff.
1081 2860 1100 2890 l.
1124 2868 1161 2897 14
1179 2858 1242 2899 w).
1433 2859 1485 2890 80.
1517 2859 1589 2889 mei
1611 2859 1685 2889 LB:
1718 2866 1776 2888 me
1798 2860 1869 2889 MS.

275 2901 325 2938 87.
352 2901 572 2940 respondens
587 2905 721 2938 scripsi:
744 2903 970 2942 responderis
986 2905 1054 2932 MS.
1192 2912 1246 2941 90.
1271 2901 1430 2934 studioso
1445 2904 1511 2934 LB.

319 2977 371 3015 84.
410 2959 591 3018 Iiochana]
639 2978 791 3019 Lochau‚
839 2988 921 3010 now
974 2978 1036 3010 the
1104 2978 1222 3010 Dukes
1248 2978 1287 3009 of
1310 2979 1462 3018 Saxony,
1490 2988 1518 3009 c.
1550 2986 1588 3017 15
1614 2977 1718 3009 miles
1743 2978 1807 3010 SE.
1832 2977 1873 3009 of

276 3019 483 3060 Annaburg,
517 3031 537 3052 a
566 3023 726 3062 hunting
756 3023 865 3054 castle
902 3022 940 3054 of
971 3023 1035 3053 the
1103 3022 1337 3062 Wittenberg.

1986 1426 2010 1701 ψκ-ιωσκνιαήιψς»
1990 1382 2004 1418 ,,·,-
1991 1324 1995 1326 ⁴

1992 1786 2005 1812 ω
1991 1702 2010 1777 ,usq->u

1981 2729 1985 2736 ”
1982 2698 1986 2709 ·
1976 2658 1978 2663 ·
1973 2207 2005 2642 “sef--ffwss-vau-wm‘
1984 2037 2008 2213 ew,
1984 1823 2010 2063 ..apulea-⁴201.
