2010 3417
134 119 233 174 517]
367 123 520 163 FROM
559 125 667 163 LEO
706 125 747 164 X
785 125 856 164 ΤΟ
894 126 1150 166 ANDREW
1187 127 1492 168 AMMONIUS
1643 131 1724 170 435

130 234 417 283 contemptum
445 233 640 284 clauium‚
664 234 906 275 celebrando
929 239 1001 275 aut
1024 237 1126 276 alias
1154 250 1197 275 se
1225 237 1312 276 illis
1339 238 1610 278 immiscendo
1636 253 1726 278 con·
1746 260 1783 290 35

130 298 286 347 traxit;
315 299 506 349 quodque
537 301 655 339 extra
683 301 934 341 monasteria
962 301 1063 341 dicti
1090 302 1246 341 ordinis
1273 303 1318 341 in
1337 303 1439 342 locis
1464 304 1516 342 ad
1537 303 1614 343 hoc
1634 317 1726 343 con-

130 363 396 403 uenientibus
432 367 475 403 et
510 365 707 414 honestis,
738 368 780 404 et
814 366 913 405 alias
950 367 1124 406 honeste
1158 367 1351 416 viuendo,
1388 368 1522 418 quoad
1560 368 1725 416 vixerit,

130 441 370 478 permanere
389 443 434 468 ac
450 431 616 480 signum
633 431 923 470 tantummodo
943 432 1008 470 sui
1027 432 1197 481 pristini
1216 432 1385 471 habitus
1405 433 1592 472 canonici
1611 447 1726 484 regu-

130 493 229 532 laris
247 494 325 532 sub
345 494 518 533 honesta
536 496 768 546 presbyteri
788 496 985 535 secularis
1004 499 1120 536 veste
1140 497 1309 545 deferre,
1334 510 1379 536 ac
1399 511 1666 548 quaecunque
1684 501 1725 537 et

129 558 431 609 qualiacunque
450 560 647 599 beneficia
672 561 953 611 ecclesiastica,
975 562 1172 600 secularia
1199 564 1241 600 et
1268 563 1512 612 quorumuis
1532 564 1724 602 ordinum
1745 584 1786 614 40

128 624 342 674 regularia,
365 624 491 663 etiam
511 625 548 664 si
566 626 766 664 secularia
780 627 1046 666 canonicatus
1063 629 1104 665 et
1124 627 1366 676 prebendae,
1383 628 1619 677 dignitates,
1641 642 1725 678 per-

128 690 312 736 sonatus,
343 690 728 730 administrationes
755 691 825 730 vel
859 692 1004 740 officia,
1031 691 1159 730 etiam
1187 692 1222 729 si
1248 693 1388 730 curata
1417 695 1457 730 et
1481 692 1656 732 electiua
1681 694 1725 732 in

126 753 434 793 cathedralibus
466 758 507 793 et
540 756 870 806 metropolitanis
900 756 965 794 vel
999 756 1223 806 collegiatis
1255 756 1448 805 ecclesiis,
1481 758 1550 796 vel
1583 771 1722 796 earum

126 820 348 868 perpetuae
376 821 562 868 vicariae,
595 821 800 871 regularia
832 834 930 860 vero
958 821 1165 871 prioratus
1193 823 1234 859 et
1262 821 1579 871 praepositurae,
1610 835 1724 872 prae-

126 884 342 934 positatus‚
364 885 589 935 dignitates
612 887 738 925 etiam
762 887 1068 934 conuentuales,
1091 888 1254 925 curatae
1272 889 1313 925 et
1338 886 1534 925 electiuae
1552 887 1722 934 fuerint,
1744 904 1783 935 45

127 949 164 988 si
189 949 270 987 sibi
299 950 400 989 alias
423 951 617 989 canonice
640 951 920 1000 conferantur,
943 953 1015 990 aut
1043 951 1227 1001 eligatur,
1253 953 1513 1001 presentetur
1537 952 1605 992 vel
1623 953 1725 991 alias

124 1017 364 1053 assumatur
389 1016 440 1054 ad
467 1016 542 1055 illa
566 1018 606 1055 et
633 1016 879 1055 instituatur
897 1017 942 1055 in
969 1018 1042 1065 eis,
1065 1017 1243 1066 recipere
1267 1018 1308 1055 et
1334 1017 1513 1055 retinere
1535 1017 1666 1056 libere
1684 1021 1724 1056 et

125 1079 240 1118 licite
258 1081 406 1129 valeat,
431 1081 676 1131 dispensare,
698 1082 942 1132 abolereque
965 1095 1133 1120 omnem
1159 1081 1436 1120 inhabilitatis
1463 1084 1503 1120 et
1529 1082 1725 1122 infamiae

125 1146 332 1184 maculam
358 1146 446 1185 siue
471 1148 616 1186 notam
643 1160 716 1196 per
744 1160 840 1185 eum
861 1147 1183 1196 praemissorum
1207 1147 1416 1185 occasione
1444 1149 1724 1195 contractam;

122 1211 286 1262 sibique
306 1225 358 1250 ne
384 1212 578 1262 deinceps
602 1212 646 1250 in
673 1211 827 1250 litteris
854 1212 1029 1261 gratiam
1053 1225 1124 1250 seu
1152 1212 1356 1250 iustitiam
1385 1213 1725 1251 concernentibus
1744 1229 1785 1259 50

125 1276 193 1315 vel
211 1290 284 1326 per
301 1291 397 1316 eum
422 1277 488 1316 vel
513 1290 587 1326 pro
610 1291 657 1316 eo
682 1277 733 1315 ab
762 1277 988 1327 apostolica
1013 1278 1107 1315 sede
1135 1277 1201 1315 vel
1229 1277 1319 1316 eius
1345 1277 1493 1326 legatis
1522 1291 1596 1315 seu
1625 1277 1726 1315 alias

123 1344 436 1392 quomodolibet
456 1343 729 1393 impetrandis
748 1342 816 1381 vel
836 1342 919 1380 sibi
939 1342 1222 1391 concedendis,
1245 1342 1295 1380 de
1322 1342 1483 1380 defectu
1503 1344 1546 1380 et
1564 1342 1725 1391 dispen-

125 1408 285 1446 satione
314 1408 545 1458 praedictis,
573 1407 701 1446 etiam
735 1408 771 1446 si
796 1407 899 1446 alias
924 1407 1275 1457 dispensationem
1306 1408 1486 1457 aliquam
1515 1421 1564 1445 ex
1587 1407 1725 1457 aliqua

121 1486 246 1512 causa
273 1486 396 1523 super
422 1473 660 1524 praemissis
688 1473 740 1511 ob
769 1473 884 1511 illius
918 1473 1222 1522 surreptionem
1252 1472 1425 1511 nulliter
1452 1473 1724 1522 impetrasset,

121 1538 251 1576 etiam
271 1538 320 1577 de
343 1539 430 1587 illa,
451 1540 493 1576 et
517 1538 626 1588 quod
655 1538 710 1576 sit
735 1538 959 1576 canonicus
979 1538 1190 1588 regularis,
1215 1537 1376 1576 nullam
1403 1537 1587 1575 decetero
1613 1550 1726 1575 men·
1744 1555 1760 1585 5
1767 1555 1783 1585 5

123 1603 281 1642 tionem
306 1605 437 1642 facere
465 1605 667 1652 teneatur,
701 1603 946 1652 litteraeque
974 1603 1087 1653 ipsae
1115 1605 1332 1653 propterea
1360 1601 1628 1652 subreptitiae
1657 1602 1724 1640 vel

123 1668 333 1707 inualidae
359 1668 598 1707 nullatenus
627 1668 714 1707 sint
743 1668 981 1716 censendae,
1003 1668 1074 1706 sed
1101 1667 1270 1718 perinde
1295 1668 1341 1705 in
1367 1667 1560 1705 omnibus
1587 1668 1628 1704 et
1651 1680 1725 1716 per

125 1733 266 1772 omnia
294 1734 462 1772 valeant
493 1746 540 1771 ac
570 1733 606 1772 si
636 1733 706 1771 ille
746 1733 796 1771 de
829 1732 1015 1782 legitimo
1048 1733 1170 1771 thoro
1201 1734 1324 1770 natus
1357 1734 1475 1779 esset,
1509 1731 1723 1781 indulgere

125 1797 252 1837 libere
278 1800 318 1836 et
345 1798 459 1836 licite
482 1798 632 1847 valeas,
654 1797 899 1836 auctoritate
927 1797 1152 1847 apostolica
1180 1797 1392 1835 licentiam
1415 1799 1456 1834 et
1480 1796 1722 1835 facultatem

121 1864 414 1902 concedimus:
445 1876 532 1901 non
558 1862 820 1901 obstantibus
846 1862 952 1901 bone
978 1863 1177 1901 memorie
1205 1862 1403 1901 Otthonis
1429 1864 1468 1899 et
1493 1861 1724 1900 Otthoboni
1741 1866 1783 1898 60

123 1929 169 1967 in
193 1942 321 1978 regno
347 1928 524 1978 Angliae
554 1928 802 1977 apostolicae
834 1928 943 1966 sedis
975 1928 1209 1977 legatorum
1241 1940 1287 1966 ac
1319 1926 1651 1977 prouincialibus
1682 1928 1723 1964 et

124 1994 381 2032 sinodalibus
419 1992 788 2031 constitutionibus
824 1995 866 2031 et
905 1992 1238 2031 ordinationibus
1275 1992 1523 2042 apostolicis,
1558 2005 1721 2030 necnon

122 2059 294 2098 statutis
329 2058 594 2097 ecclesiarum
626 2071 671 2097 ac
709 2058 1058 2097 monasteriorum
1097 2060 1139 2096 et
1167 2057 1364 2096 ordinum
1400 2057 1718 2107 praedictorum,

123 2125 368 2172 iuramento,
385 2123 699 2162 confirmatione
718 2123 940 2173 apostolica
954 2123 1020 2162 vel
1040 2124 1187 2173 quauis
1205 2122 1402 2161 firmitate
1416 2121 1496 2160 alia
1510 2122 1721 2167 roboratis,

123 2190 354 2241 priuilegiis
373 2203 535 2239 quoque
555 2190 597 2226 et
615 2188 792 2227 indultis
811 2187 1044 2238 apostolicis
1063 2188 1147 2226 illis
1165 2188 1305 2226 forsan
1325 2186 1539 2235 concessis,
1555 2185 1718 2236 quibus,
1739 2193 1778 2234 65

123 2257 295 2296 illorum
344 2256 534 2295 omnium
580 2258 745 2293 tenores
790 2254 1052 2304 presentibus
1097 2267 1172 2304 pro
1219 2253 1469 2292 sufficienter
1515 2251 1720 2301 expressis

124 2323 335 2370 habentes,
367 2321 454 2360 illis
483 2321 585 2360 alias
613 2321 659 2359 in
690 2333 765 2358 suo
795 2319 941 2358 robore
974 2318 1264 2369 permansuris,
1295 2318 1372 2357 hac
1401 2318 1488 2356 vice
1518 2317 1721 2355 duntaxat

122 2387 353 2438 specialiter
380 2388 422 2425 et
444 2398 636 2436 expresse
665 2385 921 2434 derogamus,
955 2398 1001 2423 ac
1033 2384 1194 2422 defectu
1227 2382 1435 2434 praedicto
1468 2381 1718 2430 caeterisque

123 2452 342 2492 contrariis
361 2451 686 2501 quibuscunque.

178 2518 335 2556 Datum
370 2516 524 2555 Romae
553 2515 661 2565 apud
690 2517 881 2554 sanctum
909 2514 1084 2552 Petrum
1114 2514 1191 2552 sub
1225 2513 1380 2552 annulo
1410 2511 1624 2561 piscatoris
1653 2510 1719 2549 die
1739 2525 1778 2559 70

122 2595 251 2622 .XXV1.
275 2581 469 2620 Ianuarii.
493 2592 692 2620 M.D.xvn.
753 2579 1030 2618 Pontificatus
1049 2579 1183 2617 nostri
1202 2578 1327 2616 Anno
1349 2578 1514 2625 Quarto.

1350 2642 1408 2681 Ia.
1434 2639 1660 2679 Sadoletus.

167 2758 219 2796 36.
243 2754 424 2796 quodque]
449 2755 472 2786 l.
490 2755 544 2793 48,
561 2752 688 2786 valeat.
958 2751 1167 2783 afterwards
1187 2750 1322 2781 elected
1338 2750 1432 2789 Pope
1448 2758 1485 2780 as
1502 2748 1666 2780 Hadrian
1682 2758 1714 2788 v,

168 2810 220 2839 50.
246 2798 400 2839 sibique]
425 2798 448 2829 1.
469 2799 519 2837 58,
540 2797 737 2836 indulgere.
958 2805 1014 2826 see
1038 2794 1196 2825 Wilkins
1219 2795 1241 2825 i.
1265 2795 1330 2833 649
1351 2802 1422 2831 seq.
1447 2792 1520 2824 and
1542 2792 1581 2823 ii.
1606 2801 1620 2822 1
1645 2801 1716 2830 seq.

168 2846 222 2874 60.
247 2843 414 2874 Otthonis
435 2843 471 2872 et
491 2840 705 2881 Otthoboni]
733 2839 801 2870 For
823 2839 888 2870 the
955 2838 1016 2869 Dr.
1042 2838 1149 2868 Brom
1174 2838 1295 2878 points
1317 2838 1379 2868 out
1402 2838 1439 2867 to
1463 2845 1520 2866 me
1543 2835 1626 2866 that
1653 2835 1717 2866 the

122 2887 379 2918 constitutions
401 2885 440 2916 of
458 2885 552 2916 Otho
575 2884 607 2915 le
631 2883 755 2921 Blanc,
773 2883 888 2922 legate
954 2881 1201 2921 dispensation
1223 2881 1316 2911 from
1337 2880 1439 2911 these
1460 2879 1716 2910 constitutions

126 2930 163 2960 of
188 2931 344 2970 Gregory
364 2938 412 2968 1x‚
441 2937 532 2967 1237,
559 2927 632 2958 and
659 2927 698 2957 of
716 2926 884 2958 Ottoboni
952 2925 1095 2964 implies
1132 2924 1214 2955 that
1251 2933 1348 2955 some
1390 2923 1429 2954 of
1463 2923 1525 2953 the
1563 2922 1715 2953 benefits

124 2974 277 3013 Fieschi,
311 2973 424 3013 legate
454 2973 493 3003 of
516 2971 680 3003 clement
706 2979 753 3010 1v‚
787 2970 881 3001 1268.
951 2967 1101 3008 granted
1113 2977 1206 3000 were
1219 2969 1255 2999 to
1266 2968 1308 2999 be
1320 2966 1471 3007 enjoyed
1482 2967 1521 2997 in
1533 2965 1714 3006 England.

872 3024 976 3063 rf2
