2010 3417
237 175 318 215 406
701 168 952 209 LETTERS
991 166 1060 206 OF
1098 165 1365 205 ERASMUS
1700 161 1738 214 [1
1749 175 1770 211 5
1779 165 1825 201 16

238 294 344 321 mus.
402 280 528 318 Tanti
554 278 637 327 ille,
660 290 742 327 qua
767 278 830 315 est
853 276 899 314 in
932 287 1077 313 omnes
1104 272 1375 320 humanitate,
1399 273 1583 310 nostram
1603 270 1828 311 amicitiam

237 347 342 394 fecit,
366 347 453 383 tam
482 344 719 382 constanter
746 340 939 389 seruauit,
964 342 1011 379 vt
1039 339 1128 378 eius
1156 338 1326 388 perinde
1354 351 1400 376 ac
1429 337 1606 376 recentis
1634 336 1830 387 nulloque

181 427 220 449 20
239 414 310 449 aut
328 412 564 459 temporum
583 409 654 446 aut
673 408 858 446 locorum
878 404 1100 443 interuallo
1116 403 1376 442 oblitteratae
1390 402 1496 452 apud
1512 404 1552 440 te
1566 401 1806 440 meminerit
1821 415 1831 449 ;

238 477 360 525 longe
391 474 442 513 ab
470 486 613 512 eorum
642 472 827 511 moribus
855 470 1027 518 alienus,
1049 469 1122 519 qui
1150 468 1271 507 nouis
1294 467 1494 507 amiciciis
1515 466 1654 506 allecti
1673 469 1832 506 veteres

239 542 311 579 aut
330 540 605 577 contemnunt
625 539 696 576 aut
714 536 942 586 negligunt.

294 606 422 644 Porro
449 605 587 642 autem
614 602 755 652 ecquis
782 603 870 640 tam
896 601 1002 639 duro
1031 602 1199 650 tamque
1227 599 1389 648 ingrato
1417 599 1557 637 animo
1583 611 1672 637 esse
1701 599 1834 647 potest

242 670 344 721 quin
363 669 440 708 tibi
465 669 600 708 libens
626 666 866 717 gratuletur,
888 667 951 704 tot
970 667 1123 716 tanque
1151 664 1358 715 praeclara
1383 663 1429 701 in
1450 664 1638 702 omnium
1659 663 1836 713 discipli·

183 743 222 775 25
241 747 389 774 narum
408 747 558 784 genere
577 732 735 782 ingenii
755 733 878 781 atque
895 730 1123 769 industriae
1138 731 1233 768 tuae
1251 730 1527 768 monumenta
1546 729 1836 768 contrectans?

243 801 392 850 quibus
424 802 472 838 tu
505 799 628 849 plane
662 811 757 836 cum
790 796 880 846 ipsa
912 796 1158 846 antiquitate
1191 796 1343 833 certare
1375 796 1416 833 et
1447 794 1640 833 omnibus
1671 796 1836 833 nostrae

242 866 389 904 aetatis
422 863 693 914 scriptoribus
730 863 914 913 palmam
946 861 1155 911 preripere
1188 860 1353 908 videris,
1394 860 1609 898 doctorum
1648 860 1837 898 omnium

245 930 449 980 opinione,
485 942 571 968 non
606 930 747 967 nostra
780 929 967 965 tantum:
1013 927 1113 964 dum
1142 939 1164 964 e
1193 925 1341 964 mediis
1371 925 1629 975 ignorantiae
1656 925 1839 964 tenebris

244 996 445 1045 ingenuas
478 996 585 1033 artes
618 996 742 1043 atque
774 993 873 1031 adeo
906 1005 1042 1030 sacras
1071 991 1229 1030 litteras
1255 991 1454 1038 vindicas,
1485 993 1525 1029 et
1553 991 1677 1040 longo
1705 990 1840 1029 veluti

185 1072 228 1102 30
244 1060 503 1111 postliminio
524 1060 744 1098 redeuntes
767 1058 812 1095 in
839 1071 962 1096 suum
989 1056 1295 1107 quodammodo
1315 1069 1491 1106 regnum
1511 1056 1840 1106 dignitatemque

245 1125 442 1164 restituis.
503 1124 612 1163 Nam
646 1123 905 1173 Adagiorum
938 1122 1158 1168 Chiliadas,
1187 1122 1340 1160 Moriae
1375 1121 1639 1168 Encomium,
1661 1120 1840 1159 Militem

245 1190 545 1237 Christianum,
570 1188 739 1227 Nouum
768 1188 1117 1234 Instrumentum,
1148 1189 1388 1237 caeteraque
1417 1187 1458 1225 id
1488 1200 1630 1237 genus,
1661 1199 1764 1237 quae
1791 1199 1841 1224 ex

245 1256 318 1294 tua
336 1255 496 1293 officina
514 1254 706 1292 felicibus
725 1253 873 1292 auibus
892 1253 1074 1303 profecta
1091 1252 1142 1292 ad
1162 1266 1238 1291 nos
1257 1252 1533 1302 plausibiliter
1546 1253 1838 1302 peruenerunt,

246 1321 330 1359 iam
350 1333 462 1370 pene,
488 1321 692 1369 quantum
713 1332 785 1367 per
804 1318 1093 1368 occupationes
1119 1319 1280 1356 nostras
1306 1318 1435 1366 licuit,
1458 1317 1631 1368 legendo
1652 1317 1844 1356 cont-riui-

189 1396 228 1429 35
247 1398 353 1424 mus,
413 1385 521 1424 Sunt
539 1384 584 1422 in
610 1384 803 1422 manibus
831 1383 919 1421 diui
945 1383 1200 1432 Hieronymi
1227 1395 1358 1431 opera,
1383 1385 1578 1421 strenuus
1610 1396 1709 1421 sane
1729 1382 1845 1421 labor

247 1452 289 1489 et
308 1463 394 1488 non
414 1449 496 1487 nisi
516 1448 711 1487 Herculis
730 1447 955 1495 cuiusdam,
979 1448 1056 1485 hoc
1076 1450 1139 1486 est
1159 1448 1334 1495 Erasmi,
1358 1448 1516 1486 viribus
1536 1447 1842 1497 suscipiendus:

249 1515 294 1553 in
314 1514 464 1565 quibus
482 1514 621 1564 ipsum
637 1514 947 1562 Hieronymum
968 1513 1073 1551 mihi
1087 1512 1229 1551 videre
1245 1512 1387 1551 videor
1400 1514 1472 1550 tua
1489 1510 1594 1560 cura,
1613 1512 1844 1562 diligentia,

249 1580 389 1619 labore
408 1593 574 1618 summo
594 1579 638 1616 in
664 1579 798 1617 lucem
818 1578 988 1616 rediisse
1008 1580 1047 1615 et
1074 1577 1328 1628 promissum
1355 1578 1483 1616 sacris
1507 1578 1650 1627 elogiis
1676 1578 1845 1616 Anasta·

251 1658 341 1684 seos
356 1645 466 1683 diem
486 1644 664 1695 quodam
679 1644 803 1682 modo
823 1644 1085 1693 praeuenisse
1101 1658 1109 1691 ;
1139 1644 1186 1681 vt
1207 1643 1279 1692 qui
1298 1643 1483 1693 purgatis
1500 1643 1651 1692 quibus
1665 1643 1847 1693 vndique

192 1723 233 1755 40
251 1709 432 1749 scatebat
464 1709 595 1757 neuis,
619 1722 726 1747 noua
760 1709 937 1758 quadam
972 1708 1300 1747 immortalitatis
1329 1710 1442 1746 veste
1477 1708 1551 1746 abs
1583 1710 1624 1746 te
1657 1708 1844 1756 donatus,

251 1775 393 1814 natiuo
423 1786 701 1824 germanoque
735 1772 871 1812 decori
894 1773 1114 1812 restitutus
1143 1775 1215 1812 est.
1276 1773 1532 1812 Succurrunt
1560 1773 1850 1812 annotationes

253 1844 358 1888 tuae,
382 1839 494 1878 Deus
526 1840 694 1889 optime,
718 1852 843 1889 quam
871 1839 1064 1886 eruditae,
1088 1851 1213 1888 quam
1242 1838 1467 1888 religiosae,
1498 1852 1624 1888 quam
1652 1839 1850 1878 omnibus

254 1906 438 1944 numeris
478 1904 714 1943 absolutae!
758 1904 910 1953 quibus
943 1905 1001 1942 ita
1034 1904 1292 1954 quorundam
1325 1903 1397 1953 qui
1433 1917 1476 1942 se
1513 1916 1686 1954 magnos
1717 1902 1850 1943 videri

254 1971 403 2010 volunt
426 1970 659 2009 luminibus
687 1969 930 2007 obstruxisti
951 1971 1002 2017 et,
1026 1971 1073 2008 vt
1094 1969 1175 2008 dici
1203 1968 1317 2017 solet,
1341 1968 1551 2007 cornicum
1570 1969 1710 2008 oculos
1729 1968 1851 2008 confi·

196 2052 237 2083 45
257 2036 366 2084 xisti,
387 2038 434 2074 vt
454 2036 670 2085 splendore
690 2034 874 2073 nominis
895 2035 958 2072 tui
978 2034 1158 2073 excecati
1186 2036 1226 2072 et
1246 2034 1442 2072 maximis
1471 2033 1730 2084 eloquentiae
1757 2036 1852 2073 tuae

256 2101 412 2140 viribus
431 2100 477 2139 in
497 2100 683 2138 ordinem
704 2100 845 2149 coacti,
868 2113 1018 2139 manus
1037 2101 1206 2139 tandem
1228 2100 1323 2138 dare
1343 2102 1394 2147 et,
1413 2113 1678 2138 communem
1697 2102 1850 2149 tempo-

258 2179 352 2204 rum
391 2178 562 2203 suorum
598 2165 785 2214 inopiam
825 2165 1119 2214 inscitiamque
1156 2165 1409 2212 miserantes,
1440 2164 1666 2215 praesentis
1698 2163 1850 2202 saeculi

258 2230 524 2269 foelicitatem
540 2230 738 2268 admirari
757 2231 976 2279 coeperint.
1017 2231 1127 2279 Quos
1140 2231 1267 2269 etiam
1282 2231 1422 2269 videas
1441 2230 1612 2269 abiectis
1627 2231 1783 2278 crassis,
1799 2243 1852 2268 ne

259 2297 395 2335 dicam
427 2296 793 2346 sesquipedalibus,
831 2296 979 2344 verbis,
1009 2297 1160 2346 quibus
1195 2297 1295 2335 olim
1328 2295 1589 2334 tumentibus
1619 2294 1759 2333 buccis
1787 2294 1851 2334 vti

200 2376 244 2408 50
261 2363 570 2410 consueuerant,
593 2360 839 2399 summissos
858 2363 898 2399 et
918 2374 991 2399 suo
1013 2374 1054 2399 se
1072 2362 1174 2411 pede
1196 2374 1306 2399 nunc
1326 2361 1509 2410 primum
1529 2360 1757 2399 metientes.

314 2428 444 2476 Perge
463 2427 613 2476 itaque,
635 2426 695 2464 mi
714 2425 896 2474 Erasme,
921 2426 971 2464 de
990 2426 1133 2474 literis,
1150 2427 1200 2464 de
1219 2426 1341 2464 rebus
1364 2425 1531 2473 diuinis,
1550 2425 1598 2464 de
1619 2424 1854 2465 Christiana

260 2491 533 2543 philosophia,
574 2491 623 2529 de
674 2491 883 2540 republica
927 2491 1201 2530 ecclesiastica
1238 2491 1394 2541 optime
1435 2504 1608 2540 semper,
1649 2492 1695 2528 vt
1736 2489 1848 2537 facis,

261 2558 419 2597 mereri.
479 2557 568 2605 Qua
591 2557 635 2595 in
656 2570 699 2595 re
718 2559 765 2595 vt
785 2558 1028 2607 perpetuum
1048 2557 1217 2595 habebis
1236 2557 1440 2595 fautorem
1461 2555 1686 2603 Budaeum,
1709 2556 1768 2593 ita
1786 2566 1854 2593 me

262 2623 478 2672 Vtriusque
497 2624 694 2671 vestrum,
717 2622 752 2660 si
779 2622 877 2671 quid
899 2622 1037 2660 infimi
1055 2622 1240 2660 muneris
1259 2622 1349 2670 erit,
1365 2621 1562 2659 asseclam
1582 2621 1794 2659 assiduum
1812 2620 1856 2658 et

206 2702 244 2733 55
263 2688 435 2726 laudum
454 2688 743 2737 honorumque
762 2690 995 2726 vestrorum
1021 2700 1274 2737 praeconem,
1298 2688 1338 2724 et
1364 2686 1399 2724 si
1427 2698 1509 2724 non
1528 2686 1850 2731 vocalissimum,

266 2755 307 2791 at
335 2755 444 2791 certe
472 2752 851 2791 animosissimum:
891 2765 1125 2802 quanquam
1159 2752 1311 2790 maiora
1344 2751 1517 2789 omnino
1550 2751 1699 2789 merita
1719 2751 1855 2790 vestra

312 2875 362 2904 29.
389 2866 551 2896 vindicas
568 2864 602 2895 C²
617 2877 624 2895 ι
650 2864 787 2895 iudicas
803 2863 846 2896 0¹.
951 2875 1003 2904 54.
1029 2865 1189 2896 muneris
1207 2864 1240 2895 0²
1259 2876 1266 2894 :
1290 2865 1450 2894 numeris
1467 2862 1510 2895 0².
1560 2865 1601 2900 Cf.
1618 2866 1700 2900 ΕΜ).
1717 2863 1771 2901 83.
1790 2873 1809 2892 2
1821 2871 1854 2892 n.

270 2911 382 2946 et317.
401 2918 464 2946 3⁷2·
483 2913 511 2939 et
524 2910 596 2947 388.
616 2918 654 2946 41
673 2919 705 2939 91.

314 3027 365 3054 44.
392 3017 590 3057 cornicum]
616 3017 666 3048 Cf.
687 3018 749 3056 Ep.
769 3019 841 3056 456.
863 3027 901 3047 21
921 3027 955 3049 n.
1142 3027 1193 3055 50.
1218 3017 1320 3057 pede]
1346 3017 1396 3048 Cf.
1415 3015 1501 3047 Hor.
1514 3019 1571 3052 Ep.
1593 3025 1620 3046 1.
1637 3025 1664 3054 7.
1682 3015 1734 3053 98.

1996 181 2000 193 ,
1994 155 2001 173 1-
1987 0 2007 146 ,ιρι-Μ
