2010 3417
307 149 386 186 482
764 145 1012 185 LETTERS
1051 146 1122 185 OF
1159 147 1425 187 ERASMUS
1770 146 1809 199 [1
1819 159 1840 195 5
1849 161 1863 185 1
1876 159 1894 196 7

305 263 383 301 hoc
403 263 488 312 agit
502 264 548 301 vt
567 263 655 311 ipse
671 261 859 300 videatur
878 261 1086 309 eruditior,
1102 261 1172 300 sed
1195 274 1246 300 ne
1265 261 1527 301 aduersarius
1546 261 1600 301 sit
1620 262 1893 302 Christianus.

307 328 423 375 Quod
448 326 611 365 etiamsi
639 340 723 364 non
752 328 846 376 agat
875 326 958 373 ille,
990 328 1133 365 tamen
1162 327 1335 365 interim
1363 327 1472 376 apud
1501 327 1741 377 imperitam
1766 327 1896 378 plebe-

269 403 286 433 5
305 393 442 431 culam
467 392 697 432 traducitur
724 392 759 430 is
782 405 877 430 cum
903 406 985 442 quo
1011 393 1211 438 certatur;
1243 394 1283 430 et
1310 405 1410 430 ansa
1436 392 1560 431 datur
1583 392 1897 443 peruersissimo

303 459 374 498 isti
407 458 627 497 hominum
658 457 798 508 generi
827 458 899 508 qui
929 457 1039 496 malo
1070 457 1206 496 alieno
1240 457 1306 495 vel
1337 460 1565 507 pascuntur
1595 459 1662 497 vel
1691 460 1894 498 crescunt.

303 524 388 562 Nec
407 536 590 574 vnquam
609 523 835 562 admodum
854 525 1093 573 suspectum
1112 523 1241 561 habui
1261 525 1382 562 tuum
1401 523 1600 572 animum,
1622 524 1692 563 sed
1707 522 1897 562 fortassis

302 589 453 628 melius
481 601 679 627 noueram
707 588 875 638 ingenia
903 588 1156 635 mortalium,
1180 590 1222 626 et
1251 601 1394 626 causae
1424 588 1742 628 circunstantias
1770 589 1897 627 altius

300 656 424 704 atque
446 656 491 692 tu
511 654 827 704 perpendebam.
887 654 1004 702 Quod
1031 654 1067 693 si
1093 655 1164 704 qui
1183 654 1417 693 cruciantur
1436 655 1545 693 inter
1565 668 1641 693 nos
1660 654 1894 703 conuenire,

245 732 285 753 10
302 720 448 758 demus
463 733 640 770 operam,
659 719 719 757 mi
734 720 877 769 Dorpi,
892 733 972 770 quo
988 720 1119 769 magis
1133 732 1179 758 ac
1194 719 1326 769 magis
1341 719 1510 758 doleant
1529 735 1537 768 3
1566 720 1729 770 indigni
1745 719 1897 771 quibus

301 799 484 835 vnquam
516 786 620 824 bene
650 785 715 832 sit,
750 785 821 835 qui
851 784 973 823 malis
1006 785 1211 835 gaudeant
1242 785 1400 824 alienis.
1462 785 1664 824 Rumores
1694 785 1803 824 nihil
1833 786 1896 823 est

301 852 409 901 quod
447 853 632 890 metuas:
679 864 801 888 nemo
835 849 1076 888 mortalium
1112 852 1175 888 est
1212 852 1284 900 qui
1317 851 1459 890 minus
1491 851 1556 890 his
1589 852 1897 890 commoneatur

300 929 426 966 quam
454 929 538 966 ego.
601 915 681 965 Qui
712 916 816 954 bene
841 915 992 953 volunt
1021 915 1207 963 Erasm0‚
1231 915 1349 954 facile
1374 917 1578 955 amabunt
1607 918 1648 955 et
1676 916 1892 966 Dorpium,

300 982 337 1021 si
359 982 565 1020 senserint
588 983 628 1020 te
652 981 759 1019 mihi
784 994 833 1019 ex
856 980 998 1019 animo
1025 980 1218 1019 amicum.
1280 981 1384 1020 Heri
1414 982 1533 1021 binas
1559 995 1582 1020 a
1612 982 1727 1020 Moro
1753 981 1895 1020 literas

241 1057 281 1090 15
298 1047 443 1097 accepi.
504 1048 621 1085 Intra
653 1047 830 1084 biduum
862 1046 940 1084 ibit
972 1046 1045 1096 qui
1078 1059 1191 1085 meas
1223 1046 1380 1095 referet,
1414 1047 1458 1085 in
1486 1047 1637 1097 quibus
1669 1045 1894 1085 asscribam

297 1125 401 1162 quae
421 1112 564 1162 cupis;
592 1112 677 1150 imo
701 1111 786 1150 iam
810 1111 1011 1162 quaedam
1038 1111 1087 1150 de
1113 1111 1330 1150 concordia
1355 1114 1498 1151 nostra
1517 1112 1770 1161 scripseram,
1794 1124 1893 1149 non-

299 1177 399 1216 dum
436 1177 509 1216 abs
546 1179 587 1215 te
626 1177 823 1215 monitus.
881 1176 1113 1215 Multorum
1150 1177 1285 1215 literis
1323 1177 1641 1227 magnificisque
1677 1176 1894 1227 promissis

297 1242 456 1281 inuitor
484 1243 528 1281 in
558 1241 751 1289 Galliam,
784 1242 908 1291 idque
938 1242 1064 1292 Regis
1093 1242 1293 1289 nomine;
1322 1242 1393 1280 sed
1423 1256 1507 1281 non
1532 1242 1636 1281 libet
1662 1255 1806 1281 rursus
1825 1255 1894 1280 me

295 1308 456 1347 theatro
494 1308 764 1346 committere.
835 1307 1020 1346 Animus
1057 1320 1265 1345 secessum
1303 1307 1492 1357 flagitat3
1534 1310 1646 1347 aetas
1682 1308 1782 1346 haec
1818 1320 1892 1346 seu

239 1384 278 1405 ²0
296 1374 432 1423 potius
451 1372 646 1411 valetudo
674 1372 784 1422 cogit
812 1373 939 1411 etiam
968 1372 1152 1422 quietem
1180 1386 1310 1422 agere.
1370 1373 1521 1411 Petrus
1544 1373 1747 1423 Aegidius
1775 1375 1893 1412 tuam

294 1438 473 1478 salutem
509 1438 696 1476 alacriter
732 1437 888 1487 accepit
926 1439 967 1475 et
1005 1450 1124 1476 suam
1159 1439 1348 1476 amanter
1385 1438 1575 1476 remittit.
1634 1438 1679 1477 Si
1712 1438 1813 1487 quid
1847 1437 1891 1476 in

295 1503 494 1553 Angliam
508 1503 633 1549 voles,
653 1503 775 1541 mitte
788 1516 916 1552 quam
929 1503 1138 1552 primum3
1167 1502 1414 1541 curabitura
1430 1503 1561 1541 nobis.
1598 1503 1658 1541 D.
1674 1504 1887 1550 Atensem,

293 1569 344 1607 ab
364 1569 558 1607 omnibus
582 1568 915 1606 laudatissimum
940 1570 982 1606 et
1007 1570 1149 1606 tamen
1174 1581 1386 1618 nunquam
1415 1570 1513 1607 satis
1541 1568 1771 1616 laudatum,
1798 1581 1891 1607 meo

294 1635 463 1672 nomine
481 1633 607 1672 etiam
627 1635 751 1683 atque
770 1633 899 1672 etiam
919 1632 1131 1671 salutabis.
1187 1634 1303 1672 Bene
1321 1633 1425 1671 vale.

236 1709 274 1740 ²5
347 1699 642 1749 Antuuerpiae,
662 1711 772 1736 nono
793 1698 879 1737 Cal.
903 1698 1083 1738 Martias.

753 1857 906 1900 523537.
967 1857 1030 1898 To
1062 1857 1280 1898 WILLIAM
1314 1857 1419 1900 Cor.

339 1956 479 1993 Nantes
497 1956 574 1991 MS.
593 1959 673 2000 674.
694 1966 750 2002 91.
1557 1957 1746 2002 Antwerp.

339 2015 390 2050 Οἱ.
412 2016 455 2049 f0.
474 2015 532 2050 k⁴z
560 2015 611 2050 (3².
632 2029 666 2062 p.
692 2026 753 2050 122
771 2029 778 2050 :
805 2015 843 2050 F.
862 2027 896 2060 p.
916 2025 985 2059 42:
1012 2014 1107 2050 HN:
1135 2014 1251 2051 Lond.
1272 2015 1295 2051 i.
1319 2017 1380 2051 18:
1461 2025 1506 2058 24
1525 2015 1716 2060 February
1737 2016 1837 2061 1512.

386 2073 456 2108 LB.
476 2083 555 2118 205.

337 2163 409 2203 [An
434 2162 630 2201 autograph
653 2162 691 2192 in
715 2161 777 2192 the
801 2162 990 2193 collection
1012 2162 1237 2200 bequeathed
1256 2164 1293 2193 to
1310 2162 1372 2192 the
1390 2161 1664 2202 Departmental
1681 2162 1830 2202 Library
1850 2166 1886 2194 at

294 2206 427 2236 Nantes
449 2206 495 2244 by
519 2206 565 2236 M.
594 2205 711 2236 Pierre
734 2205 960 2236 Labouchere
983 2206 1018 2244 (†
1032 2207 1150 2245 1873);
1178 2206 1220 2237 cf.
1240 2216 1271 2245 p.
1290 2207 1365 2244 361.
1410 2206 1484 2236 The
1509 2206 1616 2236 letter
1639 2206 1800 2245 occupies
1823 2207 1886 2237 the

293 2252 386 2280 recto
401 2250 496 2288 only,
515 2249 578 2279 the
590 2258 691 2279 verso
713 2249 821 2288 being
840 2249 951 2280 blank
967 2261 974 2287 3
998 2249 1059 2280 the
1080 2250 1227 2280 address
1244 2259 1317 2280 was
1338 2250 1511 2289 probably
1527 2260 1573 2280 on
1594 2258 1614 2279 a
1631 2249 1761 2280 second
1784 2249 1885 2280 sheet

292 2303 373 2324 now
389 2293 468 2323 lost.
517 2292 586 2323 For
603 2292 664 2323 the
680 2291 762 2323 date
778 2293 820 2324 cf.
840 2303 872 2333 p.
893 2292 984 2333 443.]

656 2391 860 2422 ERASMVS
891 2392 1124 2422 GVLIELMO
1156 2393 1268 2423 COPO
1302 2393 1385 2422 SVO
1417 2393 1448 2423 S.
1478 2393 1518 2422 D.

343 2473 377 2512 O
415 2485 591 2511 FELICEM
624 2472 806 2511 Galliam
843 2473 917 2511 tali
954 2473 1164 2523 principe!
1207 2487 1230 2512 o
1267 2476 1309 2512 te
1346 2473 1607 2512 fortunatum
1647 2473 1883 2512 istiusmodi

290 2540 486 2588 patrono!
524 2552 548 2576 o
577 2551 643 2576 me
671 2537 840 2576 beatum
868 2538 977 2576 tanti
1006 2539 1255 2577 monarchae
1284 2539 1448 2578 fauore!
1489 2538 1683 2577 Ceterum
1712 2539 1763 2577 ad
1794 2540 1887 2577 tuas

288 2604 448 2642 litteras
478 2616 579 2652 quas
608 2602 732 2652 Regis
760 2602 823 2640 tui
851 2603 965 2641 iussu
995 2603 1214 2653 scripseras
1253 2604 1302 2642 ad
1332 2617 1410 2651 me,
1442 2603 1630 2641 nondum
1659 2603 1756 2641 licet
1784 2603 1886 2641 certi

288 2668 501 2718 quippiam
531 2667 789 2717 respondere.
851 2668 929 2707 Sed
962 2668 1080 2706 breui
1117 2670 1298 2707 statuam
1330 2682 1375 2707 ac
1406 2668 1686 2716 renunciabo;
1715 2668 1884 2706 interim
1942 2703 1945 2705 .

330 2796 404 2827 536.
433 2806 459 2834 7.
486 2795 678 2826 admodum
695 2805 753 2827 om.
771 2798 806 2826 F.
928 2806 978 2826 10.
1003 2796 1054 2826 mi
1071 2796 1181 2836 Dorpi
1198 2799 1269 2826 add.
1287 2799 1324 2827 F.
1438 2806 1490 2828 22.
1514 2796 1554 2828 D.
1573 2799 1619 2828 E:
1645 2797 1818 2827 Ioannem
1837 2800 1880 2828 H.

287 2848 339 2876 23.
364 2839 408 2869 ab
424 2850 480 2869 om.
499 2842 533 2870 F.

331 2948 406 2977 536.
434 2957 482 2985 15.
507 2948 620 2988 ineas]
633 2949 706 2979 The
720 2949 827 2980 letter
838 2949 1047 2980 mentioned
1164 2951 1212 2980 16.
1239 2949 1466 2990 scripseram]
1484 2950 1536 2981 Cf.
1554 2950 1619 2990 Ep.
1637 2959 1711 2990 502.
1730 2959 1761 2989 3.

290 2991 327 3019 in
345 2990 430 3029 Epp.
451 3000 523 3029 543.
544 3001 555 3019 1
576 2992 646 3021 and
664 3002 736 3031 545.
760 3002 786 3031 1,
805 3003 834 3031 4.
1160 3003 1212 3023 22.
1240 2993 1431 3034 Atensem]
1449 2994 1587 3026 Briard.
