2010 3417
89 176 186 232 569]
513 180 666 220 FROM
705 181 968 222 GERMAIN
1005 183 1078 222 DE
1119 183 1255 223 BRIE
1594 185 1673 224 531

89 287 172 319 who
194 289 322 320 asseres
338 287 429 320 from
446 289 535 320 local
551 290 691 321 records
711 289 792 322 that
814 290 858 322 de
880 291 963 323 Brie
985 292 1016 323 is
1036 292 1098 323 the
1119 293 1331 325 vernacular
1346 293 1438 324 form
1462 292 1499 324 of
1517 292 1674 324 Brixius'

89 341 196 363 name
210 343 218 370 ;
249 331 321 363 and
349 333 587 365 corroborates
612 333 687 365 this
710 334 800 365 from
824 334 1126 374 Hergenroether,
1151 339 1261 368 Leonis
1283 347 1304 367 x
1326 339 1466 377 Reyesta,
1493 345 1549 368 no·
1576 337 1672 377 6349.

88 375 346 460 ζθξὲἑιὶἕὲῖξέ
363 385 403 416 27
427 375 513 416 July
531 377 614 417 1538
630 386 667 408 as
690 377 754 409 the
777 377 860 409 date
883 378 922 410 of
941 378 1095 410 Brixius’
1113 379 1232 411 death.
1274 380 1389 411 Lond.
1407 381 1454 411 iv.
1471 389 1503 420 9,
1521 379 1593 412 LB.
1609 389 1675 421 359

369 518 612 549 GERMANVS
644 518 829 549 BRIXIVS
861 518 1040 551 ERASMO
1070 520 1390 553 ROTERODAMO.

142 600 301 638 REDn'r
319 612 342 638 a
360 599 479 639 vobis
497 599 550 638 ad
569 612 644 638 nos
663 600 900 650 nuperrime
920 597 1153 650 Stephanus
1172 601 1439 650 Poncherius,
1466 601 1672 641 Parisien-

87 664 144 704 sis
162 665 387 715 episcopus,
410 664 615 715 legatione
634 665 741 715 apud
762 666 975 704 Caesarem
995 679 1068 705 sua
1087 666 1264 705 feliciter
1282 667 1463 706 functus.
1496 666 1672 706 Antisti-

87 732 172 768 tem
187 730 301 768 hunc
313 731 501 768 nostrum
514 729 679 769 difficile
691 730 790 770 adeo
809 730 920 770 dictu
932 733 994 770 est
1008 733 1257 782 quantopere
1280 732 1416 770 Gallia
1433 732 1533 771 haec
1546 732 1671 771 demi-

85 796 207 843 retur,
219 796 470 845 quantopere
484 795 684 843 obseruet,
695 798 944 846 quantopere
956 797 1081 835 etiam
1095 798 1339 836 reuereatur.
1364 796 1504 847 Neque
1517 797 1559 835 id
1573 810 1671 836 sane

84 861 265 898 temere:
285 872 433 910 nempe
453 859 489 898 is
501 872 608 899 vnus
624 862 685 899 est
698 860 943 899 Parisiensis
962 861 1034 910 qui
1054 861 1232 911 reliquos
1253 873 1398 899 omnes
1424 861 1581 900 Galliae
1601 875 1670 901 no·
1689 875 1707 907 5

87 926 194 963 strae
211 924 428 974 pontifices
446 924 568 974 (absit
586 924 711 963 verbo
729 924 905 972 inuidia)
923 926 1014 963 tum
1034 938 1196 964 morum
1215 925 1441 974 honestate,
1464 926 1668 974 comitate,

87 990 299 1039 grauitate,
333 991 426 1028 tum
454 989 565 1028 vitae
594 989 871 1040 simplicitate,
902 990 1163 1038 continentia,
1187 990 1435 1040 integritate,
1459 990 1586 1029 simul
1613 990 1670 1028 in-

86 1054 197 1104 genii
217 1054 422 1101 facilitate,
455 1054 639 1104 candore,
660 1054 861 1102 bonitate,
890 1055 1017 1093 simul
1045 1054 1149 1094 iuris
1172 1055 1402 1105 vtriusque,
1424 1054 1665 1105 theologiae,

84 1119 371 1169 philosophiae
397 1118 793 1169 disciplinarumque
819 1132 923 1169 pene
953 1120 1142 1159 omnium
1162 1120 1393 1170 cognitione
1412 1119 1589 1170 quadam
1608 1120 1669 1159 in-

84 1184 352 1235 comparabili
376 1185 466 1223 sine
496 1184 775 1223 controuersia
803 1184 1013 1224 antecellit
1041 1187 1082 1224 et
1106 1184 1230 1236 longo
1257 1187 1350 1234 post
1378 1198 1420 1223 se
1449 1184 1669 1224 interuallo
1688 1199 1728 1222 ιο

85 1249 279 1300 relinquit
295 1264 305 1297 ;
332 1251 380 1288 vt
399 1263 483 1288 non
503 1249 713 1288 immerito
732 1249 778 1288 in
797 1263 939 1288 eorum
957 1249 1050 1288 albo
1064 1252 1183 1289 antea
1204 1263 1365 1300 semper
1375 1250 1441 1289 vel
1460 1250 1506 1289 in
1523 1250 1669 1301 primis

83 1315 314 1366 adscriptus
332 1314 398 1364 sit,
423 1327 599 1364 quorum
628 1313 810 1363 consilio,
832 1314 1065 1364 prudentia,
1085 1315 1247 1363 iudicio,
1263 1315 1382 1365 regni
1396 1315 1520 1354 huius
1538 1316 1669 1355 moles

82 1381 329 1420 moderetur.
398 1380 589 1419 Eundem
623 1380 738 1418 enim
767 1380 851 1418 iam
888 1379 1045 1418 Galliae
1075 1379 1201 1419 huius
1234 1393 1348 1431 reges
1378 1382 1462 1419 tres
1494 1382 1668 1431 quadam

82 1446 217 1484 veluti
236 1445 490 1484 successione
508 1445 614 1484 alius
628 1445 802 1483 subinde
820 1447 914 1494 post
933 1445 1072 1494 alium,
1091 1445 1262 1495 perinde
1281 1447 1402 1496 atque
1421 1445 1670 1484 consultissi-

87 1523 204 1549 mum
235 1511 442 1560 quendam
475 1510 649 1548 Nestora
677 1510 723 1548 in
759 1510 942 1549 consiliis
972 1510 1058 1549 suis
1092 1510 1308 1559 delectum,
1345 1523 1497 1561 magna
1526 1511 1670 1550 vbivbi
1689 1525 1726 1558 15

85 1588 213 1626 penes
232 1588 275 1614 se
293 1576 512 1614 autoritate
535 1575 823 1623 honestarunt,
844 1588 994 1625 magno
1024 1576 1069 1613 in
1088 1576 1221 1626 precio
1240 1578 1363 1626 atque
1382 1576 1668 1615 aestimatione

82 1654 296 1692 nunquam
325 1654 410 1680 non
439 1641 698 1680 habuerunt:
726 1641 954 1691 vsqueadeo
984 1641 1155 1691 probata
1184 1643 1446 1692 spectataque
1476 1641 1560 1680 illis
1589 1641 1668 1679 fuit

84 1706 305 1745 Antistitis
342 1706 454 1754 fides,
493 1708 534 1744 et
570 1705 779 1755 explorata
815 1708 1104 1756 perspectaque
1137 1706 1359 1756 prudentia
1396 1719 1442 1745 ac
1476 1718 1668 1756 praesens

86 1771 288 1821 quaedam
314 1770 359 1809 in
378 1771 500 1809 rebus
520 1770 689 1820 agendis
710 1769 902 1809 omnibus
920 1770 1191 1820 prouidentia.
1250 1771 1370 1810 Adde
1400 1771 1508 1820 quod
1536 1770 1603 1809 vel
1622 1771 1666 1809 in

82 1836 210 1874 tantis
229 1835 476 1885 reipublicae
495 1835 675 1885 negociis
694 1848 750 1883 ac,
772 1837 818 1874 vt
845 1835 983 1874 verius
1001 1835 1145 1883 dicam,
1167 1836 1432 1885 negociorum
1457 1836 1667 1884 fiuctibus,
1686 1852 1726 1874 20

83 1900 232 1950 quibus
259 1894 329 1938 ille
361 1900 522 1938 assidue
553 1913 637 1938 non
669 1899 907 1949 implicatur
935 1900 1057 1938 modo
1089 1900 1359 1939 verumetiam
1388 1902 1552 1939 tantum
1581 1914 1666 1940 non

83 1965 281 2014 obruitur,
315 1964 428 2003 solus
461 1965 510 2003 de
543 1966 661 2003 tanto
701 1965 986 2014 episcoporum
1025 1965 1274 2004 nostratium
1306 1965 1429 2004 choro
1463 1965 1665 2004 bonarum

82 2030 295 2070 literarum
324 2029 560 2068 candidatos
589 2042 671 2067 non
690 2029 856 2078 respicit
875 2029 1009 2068 solum
1028 2031 1098 2068 aut
1117 2030 1295 2080 appellat
1315 2030 1385 2069 sed
1404 2030 1529 2069 etiam
1556 2044 1666 2080 prae-

83 2095 181 2133 miis
199 2095 449 2142 exhortatur,
471 2093 717 2133 liberalitate
746 2094 987 2140 demeretur,
1010 2094 1203 2133 comitate
1223 2095 1384 2143 inuitat,
1407 2095 1665 2134 humanitate

83 2159 223 2207 allicit,
256 2159 473 2198 autoritate
506 2171 579 2197 sua
608 2158 732 2207 fouet,
767 2158 968 2208 dignitate
1004 2159 1193 2209 protegit,
1225 2159 1440 2209 splendore
1474 2162 1592 2199 ornat
1624 2162 1663 2198 et
1686 2177 1722 2208 25

82 2225 264 2264 illustrat
280 2240 289 2263 :
318 2226 440 2274 atque
460 2224 518 2262 ita
538 2224 705 2262 demum
724 2223 824 2261 haec
846 2223 985 2262 omnia
1003 2226 1194 2274 praestat,
1212 2226 1260 2263 vt
1272 2226 1457 2264 numeris
1471 2225 1664 2264 omnibus

84 2291 336 2340 singularem
356 2289 561 2340 quendam
580 2288 689 2338 apud
708 2300 784 2326 nos
803 2289 895 2338 agat
923 2288 1202 2327 Mecoenatem
1221 2289 1265 2327 in
1288 2302 1356 2327 eos
1383 2289 1542 2329 omneis
1561 2303 1664 2340 quos

86 2355 324 2405 cognouerit
343 2355 555 2393 literarum
573 2353 846 2392 eruditionem
865 2366 959 2392 cum
977 2353 1193 2393 honestate
1208 2367 1373 2393 morum
1389 2355 1659 2394 coniunxisse.

86 2419 264 2458 Felicem
294 2433 391 2457 vero
420 2432 464 2458 ac
490 2418 623 2457 multo
644 2417 1014 2457 fortunatissimam
1040 2418 1221 2457 Galliam
1249 2419 1445 2468 futuram,
1469 2419 1506 2458 si
1526 2419 1663 2458 decem

85 2486 291 2534 praeterea
320 2485 575 2523 Mecoenates
605 2483 701 2521 huic
738 2482 812 2521 vni
848 2482 1005 2521 similes
1034 2483 1210 2530 habeat;
1244 2497 1420 2533 quorum
1455 2484 1595 2522 fauore
1624 2485 1665 2522 et
1684 2499 1725 2532 30

86 2549 338 2599 benignitate
375 2549 548 2588 honesta
584 2548 752 2586 tandem
789 2547 924 2586 studia
959 2548 1243 2598 ingenuaeque
1264 2546 1397 2596 artes,
1431 2548 1663 2598 principum

87 2614 236 2652 horum
255 2614 473 2652 tenacitate
492 2615 533 2651 et
558 2613 651 2651 odio
679 2612 891 2660 extinctae,
915 2612 1192 2651 excitarentur
1210 2614 1250 2651 et
1268 2613 1399 2651 veluti
1425 2626 1474 2651 ex
1502 2614 1660 2662 vmbra,

86 2679 194 2728 quod
215 2678 342 2725 aiunt,
364 2678 409 2716 in
428 2677 563 2716 lucem
583 2677 917 2727 producerentur.

138 2742 271 2792 Atqui
286 2756 338 2781 ne
350 2743 456 2781 forte
469 2741 695 2790 admireris,
706 2742 876 2780 Erasme
889 2741 1135 2788 doctissime,
1146 2754 1224 2791 qua
1243 2741 1401 2780 ratione
1414 2742 1663 2793 Episcopum

87 2809 195 2858 apud
216 2809 258 2846 te
276 2809 339 2846 tot
364 2807 572 2857 tantisque
591 2807 658 2845 his
684 2806 876 2845 laudibus
895 2806 1202 2845 hone-standum
1221 2807 1481 2857 susceperim,
1504 2808 1540 2847 is
1567 2821 1663 2847 sane
1683 2824 1722 2857 35

638 2924 686 2955 15.
713 2914 835 2946 vbivbi
850 2916 896 2943 E:
922 2914 1052 2953 vbique
1067 2917 1104 2947 F.

339 3031 364 3051 1.
391 3018 626 3060 Poncherius]
652 3019 865 3050 senonensis
880 3019 1182 3059 archiepiscopus:
1208 3019 1245 3052 E.
1267 3023 1301 3050 in
1316 3030 1412 3059 marq.

806 3088 837 3112 M
856 3087 899 3113 m
918 3086 942 3112 2
