2010 3417
198 146 278 184 430
662 140 912 180 LETTERS
949 140 1020 179 OF
1058 139 1324 180 ERASMUS
1668 140 1707 196 [1
1716 154 1738 192 5
1748 155 1762 180 1
1773 154 1793 193 7

199 256 278 294 bus
310 254 368 291 ita
397 252 478 302 piis
509 254 556 289 vt
585 249 802 300 supercilio
835 251 1008 298 careant,
1040 249 1099 287 ita
1129 249 1318 289 comibus
1340 251 1387 289 vt
1419 249 1528 289 absit
1560 249 1719 302 leuitas,
1739 252 1799 292 ita

142 329 182 351 20
201 317 355 359 seueris
374 318 421 355 vt
439 315 549 354 absit
563 315 773 365 asperitas.
822 315 905 353 Sed
926 314 1126 360 desinam,
1148 327 1201 352 nc
1220 314 1319 353 haec
1339 315 1558 354 videantur
1577 317 1642 354 οὐκ
1654 318 1801 358 ἔπαινος

201 383 287 422 ἀλλ’
307 382 461 431 ἀμοιβή.
520 381 672 420 Petrus
692 379 830 429 Falco,
848 380 915 420 vir
933 379 1043 429 apud
1062 392 1159 418 suos
1179 379 1338 430 primae
1362 381 1609 429 autoritatis,
1629 381 1800 422 domum

200 460 386 487 reuersus
407 446 542 485 multa
570 446 619 485 de
648 446 810 484 duobus
838 445 992 495 Anglis
1019 445 1194 496 scripsit,
1218 445 1371 484 oblitus
1396 446 1539 496 opinor
1566 447 1799 488 nominum.

202 513 309 552 Mihi
342 512 455 551 illico
485 511 623 562 tetigit
652 511 856 560 animum,
888 512 948 550 At
980 513 1034 559 at,
1058 510 1127 549 hic
1155 510 1228 549 ille
1258 511 1501 550 Vuatsonus
1524 525 1669 561 meus3
1700 525 1799 553 nam

202 579 432 631 profectum
451 590 698 628 acceperam.

144 656 182 686 25
256 645 349 684 Iam
376 657 532 694 equum
552 643 869 682 conscenderam
889 642 1199 693 Cantabrigiam
1222 642 1423 691 aditurus,
1447 645 1486 682 et
1515 656 1604 683 ecce
1634 644 1803 695 quidam

204 711 374 750 nunciat
398 710 450 749 R.
473 709 524 749 P.
553 708 793 759 episcopum
823 709 1074 758 Roffensem,
1105 710 1266 748 vestrae
1294 709 1459 748 scholae
1488 709 1800 759 Cancellarium,

202 777 344 816 eodem
364 776 430 814 die
460 774 643 814 Londini
672 775 874 814 futurum.
934 773 1061 813 Hunc
1089 774 1191 813 dum
1219 774 1265 812 in
1295 774 1483 825 singulos
1511 775 1601 814 dies
1629 775 1801 826 operior,

206 842 343 882 desedi
364 842 448 881 dies
467 841 626 891 aliquot
645 841 837 880 Londini.
895 841 980 879 Nec
998 842 1094 879 tuae
1113 840 1255 879 literae
1275 840 1385 879 mihi
1401 841 1586 880 redditae
1606 843 1705 880 sunt
1724 842 1807 881 nisi

204 911 296 960 post
314 921 478 947 menses
504 907 674 958 aliquot.
743 907 859 955 Quod
890 919 1080 946 mearum
1107 905 1447 945 lucubrationum
1475 907 1657 946 indicem
1685 907 1803 957 petis,

148 984 188 1014 30
206 975 290 1013 iam
314 974 355 1013 id
384 973 515 1012 inscio
544 986 611 1012 me
638 973 877 1024 prestiterat
897 972 1109 1012 Adrianus
1128 971 1374 1021 Barlandus,
1397 972 1523 1011 homo
1553 975 1728 1012 venusto
1746 973 1807 1011 in-

206 1040 326 1090 genio
346 1053 421 1079 nec
442 1040 661 1078 inamoena
683 1038 888 1077 sermonis
907 1037 1104 1077 facilitate
1120 1052 1129 1086 ;
1158 1038 1289 1088 ipsius
1308 1037 1439 1087 igitur
1459 1038 1677 1088 epistolam
1696 1038 1748 1077 ad
1767 1039 1807 1076 te

207 1105 343 1145 mitto.
425 1105 636 1144 Salutabis
656 1105 811 1143 amicos
831 1103 1082 1143 nominatim
1103 1116 1259 1152 omnes,
1281 1103 1359 1142 etsi
1380 1104 1422 1142 id
1448 1103 1536 1154 ipse
1557 1103 1809 1143 nominatim

212 1186 297 1211 non
317 1171 500 1210 iubeam.
560 1171 674 1210 Bene
693 1170 798 1219 vale,
821 1170 952 1209 amice
972 1169 1264 1209 mellitissime.

262 1238 481 1277 Bruxellae
514 1237 661 1276 Idibus
681 1236 890 1276 ianuariis.
914 1237 1041 1275 Anno
1061 1248 1241 1275 M.D.XVI.

663 1355 757 1395 513.
820 1354 950 1395 FROM
984 1353 1178 1395 THoMAs
1208 1354 1358 1395 MoRE.

258 1446 450 1483 Deventer
467 1446 545 1481 MS.
563 1455 619 1490 91,
639 1445 664 1479 f.
689 1447 767 1489 189.
1447 1443 1666 1491 <London.>

260 1505 332 1541 LB.
349 1505 445 1550 App.
468 1515 544 1541 112.
1355 1512 1394 1547 13
1414 1501 1582 1548 January
1604 1501 1760 1549 (1517).

257 1587 347 1628 [The
368 1586 552 1626 year-date
575 1595 658 1624 may
673 1585 715 1616 be
737 1583 900 1625 supplied
917 1583 1009 1614 from
1026 1583 1089 1614 the
1110 1583 1257 1614 evident
1279 1582 1458 1614 reference
1480 1583 1520 1613 in
1537 1582 1575 1614 11.
1601 1584 1666 1614 6-8
1689 1585 1725 1615 to
1746 1583 1811 1615 the

214 1630 476 1662 contributions
491 1629 530 1661 of
544 1629 671 1661 More’s
685 1628 824 1660 friends
839 1630 874 1659 to
891 1628 954 1658 the
975 1630 1085 1665 Utopia
1103 1628 1151 1667 (p.
1178 1625 1289 1668 339).]

796 1726 946 1758 MORVS
977 1725 1157 1758 ERASMO
1189 1726 1223 1756 S.

266 1807 466 1847 MARVFFI
495 1806 777 1857 syngrapham
797 1805 984 1844 eiusdem
1002 1803 1165 1855 generis
1203 1817 1291 1843 esse
1315 1805 1416 1854 puto
1446 1805 1565 1843 cuius
1595 1805 1672 1844 has
1700 1817 1814 1843 meas

212 1874 398 1922 litteras3
440 1887 541 1924 quas
561 1872 691 1911 miror
712 1872 747 1910 si
766 1873 882 1922 potes
900 1871 1044 1921 legere.
1121 1869 1200 1909 Sed
1221 1869 1410 1920 ignosces
1437 1870 1555 1920 mihi,
1578 1870 1817 1910 dulcissime

215 1940 412 1986 Erasme;
455 1951 553 1976 nam
573 1951 706 1988 neque
726 1939 894 1986 tempus
913 1937 964 1976 ad
985 1935 1252 1975 scribendum
1275 1947 1408 1985 neque
1432 1935 1600 1975 animus
1627 1937 1678 1975 ad
1707 1936 1815 1987 cogi-

216 2005 390 2043 tandum
424 2003 618 2054 suppetit,
654 2004 740 2041 tam
774 2002 951 2042 assiduis
981 2000 1163 2052 negociis
1201 2014 1378 2051 premor.
1448 2001 1529 2040 Sed
1561 2001 1597 2040 si
1627 2002 1818 2052 recepisti

178 2095 196 2126 5
217 2069 436 2120 pecuniam
456 2083 479 2107 a
499 2068 684 2117 Maruffo,
705 2068 971 2107 scribendum
991 2068 1054 2106 est
1073 2067 1123 2105 ad
1145 2065 1497 2115 cantuariensem,
1513 2080 1593 2117 quo
1614 2066 1817 2106 Maruffus

218 2135 326 2185 quod
347 2134 475 2173 soluit
491 2133 671 2184 recipiat.
702 2134 780 2184 Egi
800 2146 872 2184 per
886 2133 1105 2183 epistolam
1121 2131 1309 2171 Buslidio
1329 2133 1471 2170 nostro
1483 2132 1645 2182 gratias.
1693 2132 1815 2171 Palu-

219 2201 325 2239 dano
345 2201 435 2238 tute
462 2212 556 2249 ages
585 2199 755 2238 nomine
777 2212 869 2238 meo
889 2212 973 2237 non
1002 2198 1188 2237 minores
1219 2210 1343 2247 quam
1363 2197 1567 2247 Aegidi03
1597 2211 1695 2236 nam
1710 2211 1817 2248 quae

219 2266 283 2304 illi
303 2265 567 2314 scripserunt,
598 2264 677 2303 tibi
697 2264 837 2303 deberi
855 2263 1090 2303 voluerunt.
1142 2262 1238 2301 Non
1262 2262 1402 2301 credas
1436 2276 1562 2312 quam
1594 2263 1817 2302 vehemens

218 2333 376 2371 amator
400 2330 478 2379 tui,
500 2343 624 2380 quam
653 2343 745 2368 acer
772 2331 1051 2380 propugnator
1074 2328 1309 2367 studiorum
1344 2329 1514 2366 tuorum
1544 2328 1597 2366 sit
1630 2328 1816 2367 Linacer.

161 2418 200 2442 10
220 2396 426 2437 Grocinus
445 2395 716 2446 quamobrem
745 2397 962 2445 tantopere
991 2396 1245 2433 conuentum
1277 2396 1318 2431 te
1343 2393 1533 2442 voluerit,
1556 2393 1746 2432 nondum
1770 2394 1818 2433 li-

220 2463 304 2502 cuit
316 2461 514 2513 expiscari
531 2476 539 2509 3
559 2474 658 2500 nam
673 2461 709 2500 is
725 2460 964 2499 Londinum
984 2459 1118 2499 adhuc
1140 2459 1328 2498 nondum
1348 2458 1474 2497 venit.
1508 2459 1622 2508 Vale,
1645 2459 1818 2499 Erasme

219 2528 465 2568 dulcissime.
528 2527 697 2578 Raptim
718 2526 784 2565 die
803 2525 970 2565 Hilarii.

481 2614 556 2646 512.
573 2623 626 2652 34.
651 2611 741 2643 ow:
766 2612 954 2642 Ianuarias
972 2610 1025 2643 0².
1130 2612 1237 2642 Anno
1255 2620 1404 2642 M.D.XV1.
1422 2613 1499 2642 add.
1514 2613 1557 2641 H.

226 2673 409 2732 {1225
434 2673 718 2732 Cantabrigiam]
737 2689 930 2721 Doubtless
950 2690 987 2720 to
1098 2690 1131 2721 6.
1156 2688 1336 2730 Buslidio]
1382 2689 1433 2720 Cf.
1465 2688 1528 2728 Ep.
1563 2688 1638 2728 484.
1695 2686 1821 2719 More’s

221 2746 275 2766 see
290 2736 426 2776 Fisher,
442 2736 524 2767 who
541 2735 612 2766 had
628 2744 717 2774 gone
732 2734 838 2764 down
855 2734 909 2764 for
923 2732 986 2763 the
1055 2732 1163 2765 letter
1178 2733 1206 2764 is
1222 2734 1285 2764 not
1300 2734 1437 2764 extant.

223 2781 379 2819 opening
395 2779 433 2810 of
445 2779 496 2811 St.
514 2777 641 2809 John’s
656 2788 664 2817 3
687 2777 730 2808 cf.
744 2777 807 2818 Ep.
824 2786 898 2816 432.
915 2786 934 2807 2
947 2786 984 2808 n.
1158 2776 1361 2818 Paludano]
1386 2776 1453 2807 For
1473 2776 1531 2806 his
1554 2775 1819 2806 contributions

266 2832 318 2860 31.
342 2822 548 2863 epistolam]
572 2822 637 2862 Ep.
656 2831 731 2860 492.
1055 2823 1092 2852 to
1108 2820 1170 2852 the
1192 2823 1302 2858 Utopia
1319 2830 1374 2852 see
1391 2820 1455 2860 Ep.
1476 2820 1537 2850 180
1553 2818 1686 2850 introd.

266 2866 341 2897 513.
380 2876 406 2897 1.
449 2866 608 2897 eiusdem
639 2863 794 2905 generis]
841 2864 893 2896 Cf.
922 2863 985 2903 Ep.
1099 2875 1129 2903 7.
1153 2863 1320 2905 Aegidio]
1344 2863 1398 2895 Of.
1417 2864 1481 2903 Ep.
1502 2873 1577 2902 477.
1601 2871 1621 2901 5
1638 2872 1675 2893 n.

225 2918 298 2946 499.
317 2920 346 2947 4,
368 2919 398 2947 5.
452 2910 526 2940 The
558 2909 781 2940 transaction
798 2908 889 2938 with
912 2907 985 2938 Ma-
1096 2918 1127 2947 9.
1155 2907 1322 2948 Linacer]
1347 2907 1398 2938 Cf.
1416 2907 1479 2946 Ep.
1496 2907 1570 2944 388.
1591 2907 1652 2943 164
1669 2914 1705 2935 n.

226 2951 337 2981 ruffus
348 2953 376 2982 is
386 2952 570 2992 evidently
583 2953 662 2983 that
675 2951 820 2983 alluded
833 2954 868 2982 to
882 2951 985 2984 there
1100 2961 1113 2982 1
1124 2961 1149 2984 1.
1175 2951 1335 2982 nondum
1350 2949 1469 2991 venit]
1486 2949 1617 2980 Grocin
1630 2957 1703 2978 was
1718 2948 1820 2988 prob-

224 2994 295 3025 and
312 2995 350 3025 in
367 2996 531 3034 previous
547 2996 681 3027 letters.
1054 2994 1137 3035 ably
1153 2997 1190 3027 at
1208 2995 1422 3032 Maidstone;
1447 2993 1489 3025 cf.
1507 2993 1571 3032 Ep.
1591 2992 1662 3023 118.
1681 3001 1722 3022 22
1735 3001 1771 3023 n.
