2010 3417
305 192 389 232 566
775 188 1023 227 LETTERS
1063 189 1134 226 OF
1172 188 1438 227 ERASMUs
1778 187 1902 241 [1517

307 299 496 338 didicisse
517 300 556 336 te
577 297 812 335 existimare
833 295 1012 343 debeam,
1035 308 1130 333 cum
1156 294 1310 345 illoque
1337 295 1490 333 Milone
1511 295 1662 334 melius
1680 309 1725 334 ac
1744 297 1904 336 facilius

306 363 418 414 paria
456 375 544 401 esse
581 361 816 400 facturum:
859 360 894 399 si
931 363 1071 399 tamen
1109 373 1207 398 eum
1247 360 1467 411 quisquam
1505 361 1698 399 nostrum
1734 374 1907 411 aequare

304 429 453 478 potest.
512 427 619 465 Nam
646 426 753 465 mihi
781 426 947 465 videtur
973 426 1174 464 Erasmus
1198 438 1283 464 non
1312 425 1396 464 iam
1427 424 1542 474 Milo,
1568 426 1640 464 sed
1668 426 1907 476 pentathlus

228 510 287 533 κο
305 492 473 543 quidam
494 504 581 530 esse
602 491 768 540 nobilis,
785 491 902 529 cuius
921 490 1052 541 gloria
1067 504 1190 540 quam
1210 490 1413 529 latissime
1432 492 1590 540 pateat:
1610 490 1683 541 qui
1701 492 1906 531 terrarum

305 559 542 608 peragrator
565 557 718 596 nullibi
742 570 828 596 non
854 557 1151 595 documentum
1178 556 1338 606 ingenii
1366 556 1431 594 sui
1454 556 1613 595 dederit
1638 569 1683 595 ac
1707 556 1906 606 periodon

305 637 429 673 prope
469 623 626 671 vicerit,
659 622 705 661 in
735 622 871 670 sacris,
901 622 946 659 in
986 621 1180 671 profanis,
1221 623 1343 671 atque
1375 621 1419 659 in
1460 621 1575 660 omni
1604 623 1720 670 parte
1753 621 1909 660 orbicu-

305 689 402 728 laris
460 688 702 737 disciplinae
758 686 987 733 certauerit,
1048 700 1172 736 quam
1227 686 1585 737 encyclopaediam
1649 690 1808 736 vocant,
1868 688 1909 725 et

307 766 515 803 nusquam
561 766 648 792 non
694 753 893 802 probatus
940 753 1004 791 sit.
1091 752 1260 790 Etenim
1307 754 1354 790 vt
1397 751 1565 791 mittam
1603 752 1908 803 Panegyricum

229 838 287 868 205
307 822 347 858 et
376 818 533 857 Christi
566 818 745 857 Militem
774 817 1083 867 multorumque
1116 817 1204 856 eius
1237 831 1409 867 operum
1438 817 1644 856 nobilium
1675 818 1907 856 nomencla-

306 887 445 923 turam
474 886 515 922 et
543 884 697 922 Morias
726 883 986 931 Encomium,
1019 883 1127 932 quod
1157 883 1331 921 studiosi
1359 882 1443 921 fere
1470 883 1626 921 habent
1662 883 1708 920 in
1739 881 1904 931 delitiis,

308 951 416 989 certe
436 963 565 1000 quum
593 949 769 987 Iliadem
800 948 860 998 (vt
885 948 943 988 ita
971 948 1129 997 loquar)
1157 948 1277 987 illam
1303 949 1491 998 leporum
1519 949 1770 987 Graecorum
1794 948 1909 986 iuxta

309 1015 638 1064 Latinorumque
676 1014 777 1063 lego,
820 1026 923 1064 quae
963 1014 1207 1052 Paroemiae
1244 1016 1457 1063 vocantur,
1501 1027 1613 1053 nunc
1649 1013 1910 1064 logothecam

309 1080 523 1118 Mineruae
542 1079 683 1118 videre
703 1079 810 1117 mihi
834 1079 1002 1127 videor;
1032 1092 1144 1118 nunc
1159 1079 1355 1118 Mercurii
1369 1080 1562 1128 salinum,
1586 1092 1709 1129 quem
1733 1077 1909 1128 Logium

230 1164 290 1185 210
309 1145 532 1194 appellant,
554 1147 641 1183 arte
661 1157 759 1183 sane
779 1145 931 1183 eximia
950 1144 1234 1193 fabrefactum,
1258 1146 1299 1183 et
1319 1145 1364 1183 in
1386 1159 1466 1195 quo
1481 1147 1622 1184 tamen
1636 1145 1726 1194 ipso
1739 1143 1910 1181 materia

308 1223 403 1248 cum
442 1210 602 1259 opificio
640 1212 777 1258 certet,
819 1211 928 1248 vnde
972 1209 1076 1248 sales
1109 1210 1424 1249 candidissimos
1462 1210 1639 1249 oratoria
1677 1210 1912 1258 comicaque

308 1275 503 1314 facundia
521 1276 571 1313 ad
596 1288 694 1313 vsus
721 1275 989 1313 dicteriorum
1016 1276 1178 1322 sumam
1207 1289 1318 1314 nunc
1345 1275 1498 1314 Pithus
1523 1275 1686 1314 delitias
1711 1276 1752 1313 et
1778 1274 1914 1313 condi·

310 1342 449 1379 menta
477 1340 545 1379 vel
574 1340 732 1379 Suadae
769 1340 904 1389 ipsam
941 1340 1180 1389 medullam,
1214 1341 1427 1379 interdum
1456 1340 1672 1379 visendam
1701 1339 1910 1390 quandam

310 1406 601 1456 copiosamque
630 1405 939 1454 supellectilem,
971 1405 1095 1456 longo
1124 1405 1342 1444 interuallo
1371 1419 1420 1444 ex
1454 1406 1630 1445 vetustis
1668 1404 1910 1455 selectisque

232 1492 291 1524 215
309 1470 499 1509 armariis
516 1472 752 1520 promptam
772 1470 825 1519 (si
849 1473 990 1509 tamen
1010 1483 1194 1520 vnquam
1219 1471 1278 1509 sic
1304 1471 1524 1509 confertim
1543 1472 1736 1521 prompta
1755 1470 1841 1519 est),
1865 1469 1907 1507 in

310 1535 481 1574 taberna
510 1535 768 1585 amplissima
801 1535 1033 1585 expositam
1065 1535 1308 1585 praediuitis
1339 1535 1556 1574 cuiusdam
1585 1535 1800 1583 institoris,
1830 1535 1911 1573 elo-

310 1600 501 1650 quentiae
514 1600 657 1639 ordine
673 1600 919 1650 descriptam
934 1601 1216 1651 digestamque
1229 1600 1530 1639 decentissime.
1571 1600 1625 1639 In
1638 1613 1684 1638 eo
1698 1599 1910 1639 volumine

311 1667 435 1715 atque
454 1666 500 1703 in
513 1665 761 1716 quibusdam
772 1665 957 1704 eiusdem
970 1665 1160 1704 inuenias
1175 1665 1352 1704 duarum
1364 1665 1616 1715 elegantium
1629 1667 1912 1704 matronarum

314 1731 495 1780 poeticae
543 1732 584 1768 et
629 1730 829 1768 oratoriae
876 1731 977 1769 artis
1021 1731 1193 1778 cultum,
1241 1731 1472 1769 mundicias
1523 1732 1564 1769 et
1607 1732 1911 1777 ornamentum,

233 1814 294 1835 220
314 1794 608 1845 ornatricisque
654 1809 808 1845 earum,
859 1808 983 1845 quam
1023 1797 1288 1835 venustatem
1329 1797 1489 1844 vocant,
1534 1795 1745 1846 pigmenta
1791 1797 1914 1846 atque

314 1861 528 1909 lenocinia,
557 1861 707 1911 quibus
733 1861 910 1900 artifices
938 1861 1100 1899 dicendi
1124 1863 1165 1899 et
1190 1862 1260 1911 qui
1284 1861 1517 1911 logodedali
1542 1861 1740 1900 dicuntur
1762 1860 1913 1912 scripta

314 1927 523 1977 quondam
543 1940 616 1965 sua
633 1926 906 1965 vendibiliora
925 1927 1162 1965 reddebant.

575 2012 680 2052 ’Ἔνθ’
701 2015 753 2052 ἔνι
771 2016 839 2064 μὲν
859 2014 1028 2063 φιλότης,
1050 2017 1088 2052 ἐν
1109 2014 1138 2052 δ’
1159 2015 1292 2064 ἵμερος,
1314 2016 1352 2052 ἐν
1372 2015 1403 2052 δ’
1424 2015 1597 2064 ὀαριστὺς

583 2079 798 2128 Πάρφασις,
818 2080 842 2129 ἥ
861 2079 892 2118 τ’
914 2080 1048 2129 ἔκλεψε
1068 2079 1153 2118 νόον
1172 2080 1271 2118 πύκα
1290 2097 1360 2129 περ
1381 2081 1623 2129 φρονεόντων.

237 2184 295 2215 225
370 2165 531 2204 Rursus
560 2179 687 2215 quum
715 2179 761 2204 ea
788 2166 880 2216 lego
908 2179 1012 2216 quae
1040 2166 1085 2205 in
1124 2166 1292 2205 Nouum
1330 2167 1668 2206 Instrumentum
1705 2164 1915 2215 religionis

316 2232 447 2268 rectae
475 2243 520 2269 ac
539 2231 704 2280 pietatis
733 2231 895 2280 aedidit,
920 2245 1102 2282 quaeque
1121 2232 1166 2270 in
1188 2232 1277 2270 diui
1296 2231 1553 2283 Hieronymi
1571 2231 1688 2270 libris
1717 2230 1812 2281 (quo
1833 2242 1914 2267 vno

313 2296 443 2333 ferme
481 2295 705 2345 interprete
748 2296 850 2335 iuris
888 2297 1024 2335 diuini
1060 2297 1284 2347 prudentia
1323 2297 1487 2346 nititur)
1525 2297 1733 2335 immenso
1773 2294 1914 2333 labore

314 2360 525 2410 explicuit,
556 2361 778 2410 enarrauit,
811 2361 991 2411 digessit,
1021 2362 1290 2412 interpolauit
1329 2364 1369 2401 et
1406 2362 1528 2412 plane
1563 2361 1825 2408 instaurauit,
1855 2359 1914 2397 ibi

315 2427 614 2464 sacrosanctam
662 2426 936 2476 disciplinam,
986 2439 1066 2476 qua
1112 2427 1282 2466 viuendi
1328 2427 1616 2477 moriendique
1653 2425 1756 2465 ratio
1794 2423 1916 2463 nobis

237 2510 251 2530 2
257 2510 297 2540 30
316 2491 487 2538 constat,
511 2492 618 2529 recte
640 2492 762 2541 atque
781 2491 923 2530 ordine
942 2492 1223 2541 constitutam,
1241 2493 1364 2542 atque
1380 2492 1507 2531 etiam
1523 2492 1770 2538 restitutam,
1791 2489 1914 2529 aetati

314 2554 412 2593 huic
432 2557 595 2594 nostrae
613 2556 870 2607 posterisque
890 2557 1086 2607 gratulor.
1150 2557 1285 2596 Simul
1316 2558 1420 2596 istos
1438 2557 1650 2607 triumpho
1668 2559 1741 2595 τῶν
1758 2556 1914 2607 χρονίων

316 2621 465 2666 ὄζοντας
484 2621 527 2658 in
549 2621 736 2660 ordinem
756 2635 843 2661 esse
863 2624 1031 2671 coactos,
1048 2622 1191 2661 senilis
1210 2622 1409 2662 infantiae
1424 2635 1469 2661 ac
1490 2622 1666 2661 rusticae
1680 2622 1721 2660 et
1734 2620 1917 2670 elinguis

363 2717 434 2756 198.
460 2719 624 2748 nostrum
641 2721 688 2749 D:
714 2719 921 2758 aequalium
938 2721 972 2754 β,
1105 2729 1178 2750 210.
1206 2729 1289 2750 sane
1305 2722 1379 2750 add.
1399 2721 1433 2753 β.
1578 2728 1652 2750 212.
1678 2717 1912 2749 dicteriorum

318 2763 345 2789 D
360 2771 366 2789 :
389 2760 568 2791 dictorum
586 2763 835 2793 venustiorum
850 2764 883 2798 β.
1061 2772 1135 2802 213.
1160 2764 1274 2802 ipsam
1291 2765 1365 2795 add.
1383 2764 1416 2797 β.
1592 2772 1667 2801 214.
1690 2770 1734 2793 ex
1750 2784 1760 2793 .
1779 2785 1788 2793 .
1801 2784 1809 2793 .
1834 2770 1912 2800 215.

318 2803 480 2834 armariis
495 2807 569 2835 add.
587 2806 621 2839 β.
775 2816 851 2845 217.
874 2806 1001 2837 ordine
1017 2809 1046 2836 D
1061 2816 1068 2836 :
1092 2806 1244 2837 artificio
1259 2807 1293 2841 β.
1450 2806 1524 2837 218.
1549 2807 1656 2845 atque
1671 2827 1681 2837 .
1699 2829 1708 2838 .
1725 2828 1734 2836 .
1751 2804 1908 2836 eiusdem

318 2848 395 2877 add.
410 2848 443 2880 β.
595 2858 668 2879 221.
693 2849 866 2880 dicuntur
881 2852 909 2880 D
923 2861 930 2881 :
955 2850 1045 2881 dicti
1061 2851 1145 2881 sunt
1161 2851 1194 2884 β.
1341 2859 1415 2889 223.
1436 2848 1524 2880 Ἔνθ’
1540 2874 1548 2882 .
1564 2872 1573 2881 .
1595 2872 1603 2880 .
1621 2858 1694 2889 224.
1711 2846 1911 2889 φρονεόντων

319 2892 393 2919 add.
407 2891 442 2965 lt}
586 2893 660 2923 226.
687 2894 804 2923 rectae
820 2895 891 2924 add.
911 2894 944 2928 β.
1092 2903 1164 2934 231.
1191 2893 1393 2933 triumphos
1408 2895 1441 2928 β.
1547 2893 1611 2923 τῶν
1628 2892 1764 2934 χρονίων
1780 2890 1912 2930 ὄζοντας

319 2935 391 2963 add.
434 2956 440 2962 .

363 3039 437 3069 223.
457 3030 543 3062 Ἔνθ’
560 3031 621 3073 ἔνι]
649 3034 756 3065 Hom.
774 3036 815 3066 Il.
837 3044 885 3072 14.
905 3036 1037 3075 216‚17.
1186 3045 1261 3075 231.
1285 3034 1349 3066 τῶν
1365 3033 1517 3076 χρονίων]
1543 3035 1595 3067 Of.
1614 3035 1674 3066 Ar.
1696 3037 1775 3065 ΝΜ).
1791 3034 1865 3073 398,
