2010 3417
121 181 214 236 325]
581 183 653 222 To
689 183 921 223 THOMAs
960 183 1230 223 RUTHALL
1645 186 1697 223 53

114 305 272 331 sacram
292 306 379 331 esse
398 306 485 332 rem
504 295 716 332 tantorum
735 293 919 332 virorum
944 294 1223 341 monumenta,
1246 294 1287 331 et
1314 292 1359 331 in
1385 292 1451 332 his
1471 306 1554 332 non
1576 294 1698 332 modo

115 358 406 409 circumspecte
426 359 697 397 verumetiam
717 359 903 408 religiose
922 358 1075 398 versari
1093 360 1290 409 oportere.

170 423 423 473 Quapropter
442 423 575 462 multa
595 423 839 474 reliquimus
859 424 951 462 aliis
971 423 1226 462 excutienda.
1268 423 1378 473 Quae
1397 423 1500 463 falso
1521 424 1699 463 Senecae

115 488 287 527 titulum
316 491 571 538 occuparant,
605 501 650 527 ea
678 502 762 527 non
791 489 1042 527 resecuimus
1071 489 1248 539 quidem,
1280 502 1332 527 ne
1361 489 1460 538 quid
1492 502 1516 527 a
1548 489 1699 528 lectore

114 553 436 604 desyderaretur,
457 554 526 591 sed
546 554 591 591 in
611 555 843 592 extremum
863 554 999 592 locum
1021 554 1308 603 relegauimus.
1370 554 1536 593 Caetera
1556 554 1698 593 ordine
1718 565 1759 597 50

115 618 389 657 commodiore
408 617 664 667 digessimus.
723 618 974 656 Addidimus
999 618 1311 657 festiuissimum
1336 619 1487 668 pariter
1509 621 1549 657 et
1568 619 1697 657 erudi-

115 685 324 722 tissimum
360 683 551 721 libellum
590 682 640 720 de
677 684 810 720 morte
848 682 1019 730 Claudii,
1062 696 1193 732 nuper
1229 683 1276 721 in
1313 684 1453 721 nostra
1489 686 1697 733 repertum

114 748 336 786 Germania
351 749 392 785 et
407 747 700 785 eruditissimis
715 747 833 786 Beati
848 747 1039 785 Rhenani
1054 747 1221 786 scholiis
1236 748 1511 798 explanatum.
1557 750 1698 799 Atque

114 813 274 851 vtinam
288 814 444 851 extaret
462 812 567 850 liber
582 812 631 850 de
645 814 779 851 terrae
798 814 915 851 motu
931 813 1047 851 cuius
1062 813 1149 862 ipse
1164 812 1355 850 meminit
1374 812 1418 849 in
1434 812 1698 852 Naturalibus

114 877 439 926 Quaestionibus,
482 879 521 915 et
559 877 664 916 alius
708 878 808 916 item
854 878 901 916 de
946 877 1213 916 matrimonio
1258 877 1375 915 cuius
1412 878 1697 917 testimonium
1718 890 1756 921 55

112 943 279 982 adducit
315 943 597 993 Hieronymus
630 943 813 981 scribens
842 943 1039 982 aduersus
1068 942 1347 990 Iouinianum,
1379 955 1424 981 ac
1452 943 1599 981 tertius
1628 943 1698 981 ille

112 1010 163 1048 de
191 1008 483 1058 superstitione
512 1009 621 1048 vnde
649 1009 849 1058 quaedam
879 1008 929 1046 ad
954 1008 1129 1047 verbum
1155 1009 1337 1047 recenset
1365 1007 1628 1057 Augustinus
1653 1009 1698 1046 in

114 1087 231 1124 opere
252 1074 318 1112 cui
337 1073 487 1113 titulus
507 1074 568 1112 De
591 1073 766 1112 Ciuitate
786 1073 874 1112 Dei.
934 1073 1075 1123 Neque
1093 1087 1189 1112 vero
1215 1086 1282 1111 me
1301 1073 1408 1111 clam
1428 1075 1513 1111 erat
1534 1073 1698 1111 nullum

112 1152 201 1178 esse
219 1139 372 1177 laboris
391 1151 522 1189 genus
543 1139 650 1189 quod
670 1139 764 1188 plus
783 1138 936 1178 adferat
955 1139 1090 1177 autori
1116 1138 1336 1186 molestiae,
1358 1138 1512 1188 gloriae
1532 1138 1672 1176 minus
1689 1154 1697 1186 3

115 1205 173 1244 sic
191 1204 305 1243 enim
325 1204 483 1242 fructus
509 1204 646 1242 omnis
671 1203 778 1243 redit
804 1204 855 1242 ad
883 1204 1089 1251 lectorem,
1111 1205 1158 1243 vt
1176 1216 1251 1242 nec
1275 1203 1428 1241 sentiat
1451 1203 1699 1242 beneficium
1716 1210 1758 1242 60

112 1270 398 1309 emendatoris.
458 1270 587 1308 Porro
614 1282 709 1307 cum
738 1269 848 1308 nihil
876 1269 1008 1319 magis
1034 1271 1172 1319 pereat
1200 1282 1324 1319 quam
1354 1268 1461 1317 quod
1491 1268 1699 1306 confertur

113 1336 281 1386 ingrato,
316 1337 455 1374 tamen
486 1335 616 1385 magis
646 1336 771 1373 etiam
804 1335 911 1384 perit
943 1334 1124 1373 officium
1158 1335 1266 1385 quod
1299 1333 1509 1372 confertur
1539 1333 1582 1371 in
1613 1347 1698 1372 non

111 1401 373 1441 sentientem.

165 1468 304 1516 Atque
333 1465 376 1503 id
405 1478 500 1504 cum
529 1464 639 1503 haud
670 1466 930 1513 nesciremus,
961 1467 1102 1504 tamen
1135 1465 1212 1503 hoc
1241 1464 1409 1502 honoris
1442 1463 1602 1502 duobus
1631 1464 1699 1503 his

112 1531 351 1570 habendum
393 1532 645 1580 putauimus.
718 1530 935 1580 Siquidem
975 1544 1106 1569 vnum
1148 1529 1348 1568 habemus
1390 1528 1696 1578 Hieronymum
1715 1532 1755 1575 65

113 1610 237 1646 quem
262 1596 306 1634 in
333 1595 489 1634 diuinis
511 1595 660 1634 litteris
690 1595 880 1634 Graeciae
908 1608 1068 1645 quoque
1096 1595 1301 1644 possimus
1331 1607 1547 1644 opponere.
1608 1588 1703 1641 Quo*

111 1662 148 1700 si
175 1674 396 1710 careamus,
419 1661 598 1711 profecto
628 1674 713 1699 non
742 1660 861 1700 video
891 1673 1016 1710 quem
1044 1660 1214 1698 omnino
1243 1660 1464 1710 producere
1491 1658 1698 1709 possimus

112 1739 207 1764 vere
245 1727 417 1776 dignum
455 1726 639 1776 theologi
680 1725 875 1773 nomine;
923 1725 1043 1763 liceat
1088 1725 1210 1763 modo
1254 1737 1400 1763 verum
1444 1724 1571 1762 fateri.
1645 1724 1698 1761 Et

114 1792 311 1830 Senecam
334 1791 444 1830 tanti
469 1791 565 1829 fecit
596 1791 718 1829 diuus
745 1790 1030 1840 Hieronymus
1057 1791 1103 1828 vt
1131 1790 1242 1827 hunc
1271 1802 1401 1828 vnum
1428 1801 1478 1826 ex
1506 1788 1698 1827 omnibus

113 1856 289 1894 ethnicis
312 1857 357 1894 in
382 1856 574 1906 Catalogo
601 1856 847 1905 scriptorum
874 1854 1102 1894 illustrium
1130 1855 1389 1899 recensuerit,
1417 1867 1501 1892 non
1529 1856 1614 1892 tam
1646 1852 1697 1890 ob
1718 1863 1758 1897 70

112 1921 307 1971 epistolas
335 1921 428 1959 illas
453 1921 576 1959 Pauli
604 1921 654 1959 ad
684 1921 882 1960 Senecam
910 1923 951 1958 et
985 1920 1161 1959 Senecae
1189 1919 1240 1958 ad
1270 1919 1451 1958 Paulum
1478 1918 1594 1968 (quas
1623 1931 1698 1956 nec

110 2001 135 2025 a
154 1986 284 2025 Paulo
304 1999 378 2025 nec
398 2000 421 2024 a
436 1986 588 2024 Seneca
603 1985 776 2035 scriptas
796 1985 920 2035 probe
940 1987 1122 2033 nouerat,
1141 1985 1207 2023 vir
1222 1985 1333 2023 naris
1348 1984 1695 2032 emunctissimae,

114 2051 281 2090 tametsi
302 2052 352 2090 ad
371 2052 526 2090 autoris
547 2050 948 2089 commendationem
969 2050 1046 2089 hoc
1072 2053 1133 2089 est
1156 2050 1307 2088 abusus
1326 2048 1551 2098 praetextu)
1574 2062 1698 2098 quam

113 2117 220 2167 quod
238 2116 348 2155 hunc
369 2129 500 2156 vnum
521 2117 693 2166 dignum
712 2115 902 2154 iudicarit
929 2115 999 2165 qui
1022 2129 1108 2154 non
1127 2115 1387 2154 Christianus
1412 2128 1435 2152 a
1454 2113 1708 2156 Christianisv

113 2182 323 2232 legeretur.
387 2181 505 2220 Nihil
535 2181 647 2219 enim
676 2181 800 2219 huius
827 2181 1054 2230 praeceptis
1083 2180 1290 2228 sanctius3
1331 2182 1526 2229 tantoque
1557 2178 1698 2217 ardore
1718 2189 1755 2222 75

113 2247 301 2284 hortatur
337 2246 387 2284 ad
424 2247 608 2294 honesta,
642 2248 688 2285 vt
724 2258 891 2296 prorsus
930 2248 1121 2295 appareat
1153 2245 1275 2283 illum
1312 2244 1391 2282 hoc
1424 2244 1555 2294 egisse
1588 2243 1697 2293 quod

113 2311 327 2361 praecepit.
399 2311 521 2350 Solus
559 2312 626 2349 hic
664 2312 854 2349 animum
891 2313 1034 2349 auocat
1072 2310 1122 2349 ad
1157 2323 1220 2349 res
1254 2310 1459 2356 coelestes,
1493 2308 1614 2358 erigit
1646 2308 1697 2346 ad

117 2389 253 2414 rerum
271 2376 502 2426 vulgarium
523 2378 820 2426 contemptum,
840 2375 986 2414 inserit
1005 2375 1146 2414 odium
1166 2374 1448 2424 turpitudinis,
1466 2374 1698 2411 inflammat

113 2440 164 2479 ad
183 2454 367 2479 amorem
391 2442 581 2489 honesti;
613 2441 791 2491 denique
814 2441 1030 2479 meliorem
1061 2440 1247 2488 dimittit,
1273 2439 1460 2490 quisquis
1486 2438 1596 2476 hunc
1619 2437 1697 2474 hoc

116 2504 255 2543 animo
283 2506 505 2555 sumpserit
534 2506 578 2544 in
611 2519 770 2553 manus,
801 2507 847 2544 vt
879 2505 1024 2544 melior
1051 2518 1140 2544 esse
1168 2505 1315 2554 cupiat.
1375 2503 1459 2542 Nec
1490 2502 1601 2539 enim
1630 2514 1697 2539 me
1716 2510 1757 2540 80

116 2582 362 2618 magnopere
381 2573 644 2609 commouent
658 2573 817 2609 veteres
838 2570 1097 2620 quorundam
1113 2570 1354 2617 calumniae,
1378 2579 1553 2617 quorum
1574 2579 1696 2604 nemo

116 2637 255 2672 tamen
294 2634 425 2672 vitam
457 2635 640 2673 hominis
672 2648 797 2674 ausus
829 2637 890 2673 est
923 2635 1131 2681 incessere,
1169 2634 1238 2672 sed
1276 2633 1320 2670 in
1359 2633 1537 2670 dictione
1575 2630 1697 2668 modo

162 2743 214 2780 46.
239 2741 297 2771 his
311 2752 331 2771 α
347 2752 353 2771 z
377 2742 422 2772 iis
437 2743 469 2776 β.
582 2752 635 2781 49.
659 2743 916 2782 occupauerant
932 2743 965 2776 β.
1084 2751 1136 2781 52.
1164 2740 1322 2772 Caesaris
1339 2741 1410 2770 add.
1423 2740 1446 2773 β
1458 2741 1528 2775 post
1543 2737 1693 2769 Claudii.

119 2786 170 2823 56.
197 2784 305 2814 diuus
322 2786 392 2815 adol.
412 2786 434 2818 β
450 2788 518 2815 ante
534 2784 788 2824 Hieronymus.
927 2794 979 2824 59.
1004 2785 1118 2815 autori
1135 2794 1192 2815 om.
1212 2786 1245 2818 β.
1385 2783 1438 2820 64.
1463 2781 1520 2812 his
1537 2792 1556 2811 a
1571 2792 1578 2812 :
1601 2782 1646 2812 iis
1661 2782 1694 2816 β.

118 2829 169 2860 66.
195 2837 380 2867 possumus
395 2829 428 2862 β.
561 2829 613 2865 67.
638 2829 812 2868 possimus
829 2839 849 2857 a
865 2838 872 2857 :
894 2837 1067 2866 queamus
1082 2829 1116 2861 β.
1251 2836 1301 2865 77.
1326 2826 1386 2856 hic
1402 2836 1440 2857 a:
1465 2826 1515 2856 sic
1531 2826 1563 2859 β.

161 2947 214 2977 52.
233 2936 409 2977 libellum]
423 2936 510 2967 Also
520 2935 664 2976 printed
681 2935 726 2975 by
736 2935 873 2966 Froben
982 2944 1033 2973 54.
1053 2934 1133 2965 Nat.
1152 2933 1439 2974 Quaestionibus]
1463 2934 1494 2965 6.
1513 2945 1542 2973 4.
1562 2944 1591 2965 2.

120 2982 159 3010 in
183 2981 245 3011 the
270 2980 413 3011 volume
438 2980 646 3020 containing
671 2978 735 3010 the
758 2981 870 3018 Moria,
983 2979 1034 3016 56.
1055 2977 1315 3018 Hieronymus]
1339 2980 1407 3009 adv.
1426 2979 1529 3009 Iouin.
1552 2988 1581 3011 1..
1598 2988 1650 3016 49.

122 3023 243 3054 March
263 3033 343 3063 1515
360 3034 368 3062 3
385 3024 427 3055 cf.
447 3023 548 3054 BRE.
569 3033 622 3062 44.
984 3031 1035 3060 57.
1055 3021 1292 3062 Augustinus]
1311 3024 1345 3052 cle
1362 3023 1426 3053 eiu.
1442 3024 1500 3052 Dei
1519 3023 1549 3053 6.
1572 3030 1622 3052 11.
