2010 3417
186 860 245 892 155

187 1179 247 1211 160

188 1506 245 1547 165

190 2483 251 2513 180

196 2807 253 2845 185

266 154 344 192 170
728 152 977 191 LETTERS
1016 153 1086 191 oF
1125 153 1392 193 ERAsrms
1735 154 1863 209 [1515

265 262 349 300 Nos
368 262 517 299 rudera
536 260 890 310 comportauimus
909 260 982 298 sed
1001 261 1052 298 ad
1071 262 1324 299 structuram
1342 260 1491 312 templi
1509 262 1601 301 Dei.
1649 263 1738 302 Alii
1755 264 1863 303 locu-

263 326 456 376 pletiores
476 324 589 372 ebur,
607 337 771 371 aurum,
793 337 979 363 marmor
995 327 1037 363 et
1055 337 1242 374 gemmas
1261 325 1446 364 addituri
1465 328 1574 366 sunt.
1645 326 1730 365 Nos
1749 328 1862 367 viam

263 393 358 430 ante
377 389 549 428 salebris
568 403 615 428 ac
630 389 753 428 lamis
768 388 988 428 molestam
1008 390 1214 429 industria
1233 392 1374 430 nostra
1394 391 1709 440 constrauimus,
1727 393 1798 431 sed
1817 393 1862 432 in

264 469 344 505 qua
363 455 512 493 deinde
538 455 682 504 magni
705 454 890 504 theologi
912 455 1171 494 commodius
1193 456 1347 494 essedis
1369 468 1415 494 ac
1443 457 1613 496 mannis
1630 458 1858 496 vectentur.

265 521 349 559 Nos
369 520 468 558 circi
499 519 636 558 solum
660 519 941 569 aequanimus,
963 519 1007 558 in
1036 534 1115 571 quo
1146 520 1230 559 iam
1251 521 1496 560 inoffensius
1520 521 1750 572 praeclaras
1767 521 1867 561 illas

263 598 359 624 suae
397 585 621 634 sapientiae
659 597 832 634 pompas
862 585 1026 624 aedant.
1093 585 1180 624 Nos
1215 586 1410 625 noualem
1448 587 1625 626 antehac
1658 586 1790 636 spinis
1820 599 1864 626 ac

262 650 396 700 lappis
428 650 742 689 incommodum
771 650 931 689 sarculo
959 652 1287 701 repurgauimus.
1311 666 1391 702 quo
1418 652 1582 691 facilius
1609 652 1674 690 illi
1701 651 1865 691 felicem

263 718 480 755 exerceant
498 718 690 766 segetem.
737 716 825 755 Nos
842 729 1037 766 campum
1057 718 1306 767 aperuimus,
1330 717 1493 756 amoliti
1512 731 1614 768 quae
1633 717 1864 764 obstabant,

263 782 309 819 in
329 794 411 832 quo
438 782 510 831 qui
529 781 673 820 volent
696 781 868 832 posthac
896 794 1067 821 arcanas
1094 783 1299 833 explicare
1327 783 1469 822 literas
1488 783 1555 822 vel
1585 783 1799 822 colludant
1818 783 1869 821 li-

263 846 404 885 berius
435 846 503 885 vel
536 846 858 897 congrediantur
885 846 1130 896 expeditius.
1200 847 1362 896 Quibus
1400 850 1521 887 vetus
1552 847 1626 887 illa
1659 846 1865 897 theologia

264 912 398 962 magis
415 911 581 960 arridet,
602 911 633 949 ii
652 924 853 961 magnum
872 911 1028 950 habent
1047 912 1355 952 adminiculum
1375 927 1456 963 quo
1475 913 1671 952 nituntur
1689 913 1869 952 eluctan-

264 979 317 1017 di.
376 978 537 1016 Rursus
567 978 639 1027 qui
670 978 789 1016 iuxta
817 977 1055 1027 parabolam
1093 979 1372 1028 euangelicam
1403 979 1514 1027 dicit,
1552 978 1684 1018 Vetus
1718 979 1868 1018 vinum

264 1043 416 1083 melius
441 1046 513 1092 est,
543 1046 585 1081 et
611 1043 738 1082 huius
767 1043 1008 1082 recentioris
1037 1043 1268 1094 theologiae
1295 1043 1436 1083 studio
1463 1046 1646 1083 veterem
1674 1045 1863 1095 negligit,

264 1110 388 1148 habet
407 1110 444 1148 is
464 1122 627 1159 quoque
647 1122 730 1158 quo
749 1121 824 1147 sua
844 1121 947 1159 quae
965 1109 1130 1148 mauult
1149 1110 1302 1148 certius
1329 1123 1377 1148 ac
1396 1109 1562 1148 fidelius
1580 1112 1740 1149 tractet.
1813 1109 1870 1148 Et

265 1176 312 1213 vt
332 1174 442 1212 nihil
461 1174 560 1212 hinc
580 1173 746 1212 accedat
765 1174 1086 1223 commoditatis,
1109 1175 1218 1213 nihil
1239 1176 1348 1213 certe
1368 1175 1607 1226 perditurus
1625 1177 1689 1214 est
1707 1175 1758 1214 de
1777 1187 1866 1223 suo,

264 1239 301 1277 si
315 1239 414 1278 haec
432 1240 682 1279 accesserint
707 1239 760 1278 iis
787 1240 858 1290 qui
880 1240 1046 1278 malunt
1076 1240 1240 1279 diuinas
1268 1240 1431 1279 litteras
1450 1254 1472 1279 e
1490 1240 1728 1291 purissimis
1747 1239 1874 1279 fonti·

264 1305 342 1343 bus
363 1318 488 1355 quam
508 1319 558 1343 ex
577 1304 936 1355 qualibuscunque
955 1305 1102 1344 riuulis
1121 1319 1168 1344 ac
1188 1305 1351 1344 lacunis
1365 1305 1544 1354 haurire,
1559 1305 1683 1344 toties
1700 1304 1873 1344 aliunde

263 1370 343 1408 alio
362 1370 596 1417 transfusis,
619 1383 671 1408 ne
692 1370 828 1408 dicam
847 1383 972 1409 suum
995 1373 1036 1408 et
1065 1371 1277 1409 asinorum
1296 1371 1467 1421 vngulis
1487 1370 1751 1421 perturbatis.
1811 1369 1870 1409 Vt

263 1434 422 1485 gratius
454 1437 516 1473 est
550 1449 722 1485 pomum
753 1435 862 1484 quod
894 1435 980 1474 tuis
1017 1435 1212 1474 manibus
1249 1449 1299 1474 ex
1332 1436 1422 1486 ipsa
1451 1438 1584 1474 matre
1616 1435 1872 1485 decerpseris

265 1500 433 1548 arbore;
462 1502 508 1539 vt
529 1501 690 1539 dulcior
709 1514 814 1550 aqua
842 1514 968 1551 quam
993 1513 1044 1539 ex
1071 1501 1162 1551 ipsa
1180 1514 1287 1539 vena
1318 1501 1627 1540 subscatentem
1655 1499 1868 1547 hauseris3

265 1568 312 1604 vt
330 1565 554 1604 iucundius
572 1567 721 1604 vinum
748 1566 857 1616 quod
881 1579 932 1604 ex
956 1579 1005 1604 eo
1033 1566 1339 1616 deprompseris
1363 1566 1474 1605 dolio
1500 1566 1546 1604 in
1574 1579 1655 1616 quo
1680 1565 1868 1615 primum

264 1630 399 1668 fuerat
436 1631 676 1669 conditum:
725 1631 784 1669 ita
814 1630 979 1670 diuinae
1009 1631 1152 1670 literae
1192 1631 1330 1670 nescio
1369 1632 1468 1681 quid
1507 1631 1662 1670 habent
1701 1630 1869 1669 natiuae

266 1695 524 1745 fragrantiae,
548 1697 687 1734 nescio
721 1696 822 1746 quid
854 1696 1017 1746 spirant
1047 1710 1170 1735 suum
1197 1710 1243 1735 ac
1269 1697 1510 1747 genuinum,
1536 1696 1573 1735 si
1600 1710 1648 1734 eo
1677 1708 1872 1735 sermone

265 1760 456 1809 legantur
474 1775 556 1811 quo
575 1761 760 1810 primum
780 1762 1035 1811 scripserunt
1055 1763 1087 1799 ii
1106 1761 1179 1811 qui
1199 1762 1352 1811 partim
1371 1776 1392 1800 e
1412 1775 1525 1800 sacro
1544 1761 1618 1800 illo
1637 1774 1683 1800 ac
1703 1760 1872 1799 coelesti

265 1825 494 1864 hauserunt
521 1839 600 1872 ore,
622 1826 777 1876 partim
804 1826 991 1865 eiusdem
1017 1827 1146 1865 afflati
1171 1827 1320 1877 spiritu
1348 1827 1469 1866 nobis
1494 1826 1766 1865 tradiderunt.
1826 1825 1871 1865 Si

267 1890 424 1930 Christi
457 1904 671 1930 sermones
707 1893 897 1930 extarent
927 1892 1146 1931 Hebraicis
1189 1894 1261 1930 aut
1293 1892 1485 1942 Syriacis,
1518 1892 1597 1931 hoc
1629 1893 1692 1930 est
1721 1891 1872 1929 iisdem

266 1955 404 1993 verbis
434 1956 587 2005 proditi
613 1956 764 2007 quibus
803 1956 875 1995 ille
907 1957 1071 1996 locutus
1101 1960 1176 2005 est,
1212 1958 1278 1996 cui
1312 1970 1398 1996 non
1431 1957 1544 1996 cordi
1573 1957 1680 1995 foret
1708 1957 1753 1995 in
1782 1955 1873 1994 illis

266 2020 559 2070 philosophari.
591 2024 632 2060 et
663 2036 750 2059 non
784 2023 922 2060 solum
954 2022 1177 2061 verborum
1208 2023 1297 2061 vim
1327 2036 1373 2061 ac
1398 2022 1693 2073 proprietatem
1721 2033 1870 2060 verum

268 2085 455 2135 singulos
488 2086 616 2124 etiam
655 2088 792 2136 apices
824 2089 1048 2126 excutere?
1118 2088 1239 2126 Certe
1271 2087 1380 2137 quod
1411 2088 1507 2125 huic
1538 2089 1600 2125 est
1633 2086 1871 2135 proximum

232 2166 248 2196 5
268 2150 470 2189 habemus
495 2154 537 2189 et
566 2151 829 2201 negligimus.
889 2152 932 2190 Si
960 2153 1053 2202 quis
1081 2154 1260 2191 ostentet
1280 2152 1437 2191 Christi
1465 2153 1625 2190 vestem
1654 2153 1725 2189 aut
1754 2150 1871 2200 pedis

268 2216 503 2266 vestigium,
535 2217 858 2266 procumbimus,
895 2217 1127 2264 adoramus,
1157 2217 1456 2256 exosculamur.
1527 2215 1662 2265 Atqui
1700 2217 1747 2255 vt
1783 2214 1871 2254 vni·

268 2293 410 2320 uersas
452 2281 566 2320 illius
601 2284 739 2320 vestes
775 2284 815 2320 et
845 2284 976 2320 totam
1009 2285 1219 2321 maternae
1258 2283 1407 2320 domus
1443 2280 1744 2331 supellectilem
1781 2293 1874 2330 pro·

269 2346 388 2394 feras,
436 2346 546 2384 nihil
582 2348 645 2385 est
681 2347 791 2397 quod
841 2347 1055 2386 Christum
1092 2348 1337 2397 expressius,
1379 2346 1592 2393 efficacius,
1641 2345 1872 2385 absolutius

270 2411 431 2458 referat,
466 2412 682 2461 exprimat,
716 2413 995 2460 repraesentet
1025 2425 1151 2462 quam
1187 2412 1552 2462 Euangelistarum
1583 2413 1624 2449 et
1655 2411 1872 2460 Apostolo-

268 2488 364 2514 rum
391 2476 546 2515 literae.

325 2541 508 2580 Proinde
538 2541 576 2580 si
609 2542 674 2581 cui
700 2545 771 2581 aut
797 2555 883 2580 non
912 2541 1011 2580 licet
1039 2545 1111 2581 aut
1144 2556 1231 2582 non
1260 2542 1363 2581 libet
1391 2543 1436 2581 in
1465 2542 1533 2581 his
1561 2542 1687 2581 sacris
1714 2540 1871 2580 versari

274 2606 444 2656 deliciis,
476 2610 585 2646 certe
618 2621 670 2646 ne
714 2608 935 2658 obstrepat,
973 2621 1025 2646 ne
1063 2608 1269 2655 obturbet,
1305 2621 1357 2645 ne
1391 2608 1581 2646 inuideat
1611 2606 1785 2645 meliora
1809 2618 1874 2643 co-

272 2673 480 2712 nantibus.
524 2674 846 2723 Amplectantur
863 2673 944 2723 ipsi
963 2673 1074 2723 quod
1094 2675 1248 2721 amant,
1271 2673 1463 2721 habeant,
1484 2674 1689 2712 fruantur.
1738 2671 1872 2709 Nemo
1921 2665 1923 2667 ¹

272 2739 397 2776 vetat.
457 2738 542 2776 Nos
560 2738 646 2777 illis
666 2738 765 2777 haec
791 2751 876 2777 non
904 2737 1160 2788 scripsimus.
1220 2739 1299 2777 Sed
1329 2741 1451 2778 erunt
1480 2752 1501 2776 e
1529 2739 1691 2777 diuerso
1721 2737 1871 2786 quibus

273 2803 371 2841 haec
391 2803 615 2842 admodum
641 2817 768 2853 pauca
787 2804 1017 2853 videantur,
1048 2806 1088 2843 et
1114 2804 1265 2843 malint
1293 2804 1402 2842 nihil
1429 2817 1525 2842 cum
1550 2802 1754 2842 aeditione
1780 2799 1872 2840 vul-

843 2929 912 2957 171.
936 2921 999 2949 aut
1017 2919 1172 2958 Syriacis
1188 2921 1263 2950 add.
1279 2931 1305 2950 ε.

767 3029 838 3060 157.
868 3023 981 3053 Vetus
996 3022 1143 3062 vinum]
1168 3023 1264 3053 Luke
1281 3031 1311 3061 5.
1330 3031 1383 3061 39.
