2010 3417
110 147 211 201 537]
643 150 714 190 To
750 150 1016 190 WILLIAM
1052 151 1161 191 cop
1614 150 1695 188 483

109 259 235 299 huius
272 260 442 300 honoris
469 274 593 301 vsura
629 263 749 309 fruar,
783 263 889 312 quod
924 262 1302 302 laudatissimorum
1339 263 1559 302 hominum
1589 275 1694 302 com·
1711 275 1730 307 5

109 325 375 365 mendatione
402 327 686 366 laudatissimo
706 328 809 378 Regi
836 328 1085 378 placuerim:
1114 342 1187 378 pro
1206 328 1323 367 cuius
1350 341 1445 379 erga
1470 341 1537 366 me
1557 329 1694 367 studio

108 392 312 439 quantum
350 391 520 430 debeam
557 405 630 430 nec
668 393 938 432 dissimulabo
975 407 1049 432 nec
1087 393 1308 432 obliuiscar
1335 407 1530 443 vnquam.
1592 393 1694 432 Eius

109 455 316 494 maiestati
341 469 414 506 per
437 456 599 496 litteras
617 459 825 508 vtcunque
853 458 1006 508 gratias
1030 459 1119 509 egi;
1147 458 1205 497 sic
1232 458 1344 497 enim
1373 459 1493 497 iussit
1512 459 1690 498 Budeus.

109 520 189 559 Sed
212 522 258 558 tu
283 521 395 559 idem
414 522 622 560 dexterius
646 522 790 561 feceris
816 523 1010 568 oratione,
1030 536 1105 562 nec
1133 523 1213 573 ipsi
1241 523 1376 562 solum
1396 537 1540 562 verum
1569 524 1693 562 etiam

106 585 259 624 eximio
273 585 463 636 theologo
479 586 720 626 Guillielmo
735 587 869 626 Paruo
885 590 924 627 et
944 588 1166 627 reuerendo
1186 588 1292 638 patri
1308 588 1522 627 Francisco
1537 602 1560 627 a
1575 589 1692 638 Rupe
1714 600 1752 623 10

107 650 231 697 forti3
259 652 330 700 qui
350 664 473 700 quam
500 655 640 690 errant
665 655 865 699 amanter,
885 655 971 691 tam
998 654 1171 692 officiose
1196 655 1294 692 sunt
1317 654 1366 692 de
1386 654 1504 692 nobis
1530 653 1693 692 mentiti

108 715 223 764 Regi.
282 716 401 764 Quod
430 717 703 766 Aphorismos
732 720 896 757 nostros
925 718 1151 768 desyderas,
1183 731 1280 756 caue
1307 720 1427 767 putes
1455 718 1577 757 istius
1605 731 1692 757 esse

107 780 267 829 generis
287 781 520 820 cuiusmodi
539 783 637 820 sunt
656 782 720 820 tui
740 782 1007 832 Hippocratis
1022 797 1032 831 ;
1061 782 1141 821 alia
1159 797 1222 821 res
1242 784 1315 821 est.
1373 784 1430 821 At
1451 783 1486 821 si
1504 783 1693 821 libellum

106 857 250 893 posces
265 845 429 884 Erasmi
448 846 510 885 De
539 847 804 886 institutione
828 847 1026 897 principis
1045 847 1282 896 Christiani,
1306 847 1407 886 istoc
1426 848 1552 887 titulo
1571 848 1693 886 citius

105 908 326 949 inueneris.
384 912 498 950 Bene
517 912 619 950 vale.
677 913 942 962 Antwerpiae
964 915 1017 950 60.
1037 912 1121 951 Cal.
1143 912 1260 950 Mart.
1319 912 1404 951 An.
1425 925 1512 951 im).
1538 914 1596 951 16.
1714 922 1751 953 15

159 974 298 1014 Audio
313 988 411 1014 sane
423 979 463 1014 et
476 976 632 1026 gaudeo
644 977 827 1016 Thomae
839 978 1003 1016 Linacri
1014 977 1320 1016 lucubrationes
1333 978 1479 1016 excudi
1491 977 1690 1017 Lutetiae.

104 1039 303 1089 Vtopiam
322 1041 428 1079 Mori
448 1041 483 1079 si
502 1041 690 1080 nondum
708 1042 857 1092 legisti,
878 1042 939 1081 fac
960 1043 1151 1092 requiras,
1174 1043 1210 1081 si
1229 1042 1394 1092 quando
1412 1043 1528 1081 voles
1546 1043 1688 1089 ridere,

104 1104 190 1143 imo
209 1105 246 1142 si
263 1105 399 1144 fontes
416 1105 526 1156 ipsos
545 1106 700 1148 intueri
715 1106 824 1145 vnde
839 1107 978 1147 omnia
992 1107 1076 1146 fere
1095 1107 1341 1157 reipublicae
1363 1107 1472 1146 mala
1488 1107 1689 1149 oriuntur.

104 1169 287 1208 Rursum
307 1169 407 1208 vale.

547 1391 696 1432 4⁸0538.
756 1390 820 1431 To
850 1389 993 1432 Lot-is
1026 1389 1241 1432 CANossA.

149 1515 318 1562 Epistole
336 1518 530 1562 elegantes
546 1518 592 1554 f0.
611 1518 625 1552 1
643 1523 694 1555 v0.
1361 1517 1550 1562 Antwerp.

148 1574 202 1614 (3².
220 1589 257 1622 p.
279 1577 364 1612 126:
391 1577 431 1612 F.
452 1589 488 1622 p.
506 1587 578 1621 44:
605 1576 700 1612 HN:
728 1577 842 1611 Lond.
861 1576 883 1612 i.
905 1587 972 1612 21:
998 1576 1070 1611 LB.
1090 1578 1169 1612 206.
1273 1586 1317 1618 24
1335 1574 1520 1621 February
1542 1578 1641 1622 151?-

159 1711 432 1742 REVERENDO
463 1713 500 1742 P.
529 1713 586 1743 AC
617 1713 660 1742 D.
691 1712 870 1743 DOMINO
904 1712 1132 1743 LVDOVICO
1163 1712 1388 1744 CANOSSAE
1420 1711 1631 1742 EPISCOPO

469 1780 678 1812 BAIOCEN.
709 1781 913 1812 ERASMVS
943 1781 1194 1812 ROTERODA.
1222 1783 1256 1813 S.
1284 1781 1327 1810 D.

157 1879 219 1917 ΕΤ
251 1878 492 1917 felicitatem
530 1878 653 1917 istam
686 1879 763 1917 tibi
801 1880 994 1928 gratulor,
1027 1880 1143 1917 cuius
1174 1879 1334 1917 meritis
1369 1879 1509 1917 fauore
1539 1879 1688 1917 Leonis

105 1943 323 1983 Pontificis
337 1956 432 1982 vere
452 1943 624 1981 Maximi
642 1944 857 1993 contigerit
875 1944 954 1982 ista
972 1943 1162 1993 dignitas,
1186 1946 1226 1982 et
1246 1944 1434 1982 animum
1454 1945 1575 1982 tuum
1594 1956 1689 1992 erga

103 2010 234 2048 bonas
261 2009 401 2047 literas
429 2021 674 2058 magnopere
700 2008 855 2058 prob03
884 2008 1060 2059 denique
1084 2022 1159 2058 pro
1177 2010 1249 2048 tuo
1269 2009 1317 2047 de
1343 2021 1411 2047 me
1436 2008 1587 2047 iudicio
1606 2008 1684 2056 vel,

102 2076 148 2113 vt
174 2073 326 2112 melius
346 2073 490 2121 dicam,
515 2086 587 2123 pro
606 2073 686 2112 isto
711 2075 798 2111 tam
826 2074 958 2112 amico
978 2074 1028 2112 de
1047 2073 1167 2112 nobis
1194 2086 1330 2112 errore
1358 2073 1532 2123 gratiam
1559 2073 1688 2113 habeo

102 2139 340 2186 maximam,
372 2151 506 2187 neque
537 2151 655 2176 secus
684 2138 830 2176 debere
868 2152 934 2177 me
963 2141 1064 2187 puto
1093 2140 1189 2177 tuae
1218 2138 1462 2188 benignitati
1491 2151 1616 2189 quam
1653 2138 1688 2177 si
1707 2150 1724 2180 5

103 2204 214 2254 quod
241 2204 359 2242 offert
378 2203 514 2253 (offert
539 2205 679 2241 autem
705 2203 985 2242 conditionem
1011 2203 1342 2242 liberalissimam
1368 2217 1412 2242 ac
1436 2203 1558 2253 plane
1584 2204 1687 2242 meis

102 2268 266 2308 meritis
290 2268 548 2317 ampliorem)
568 2267 652 2306 iam
680 2268 939 2318 accepissem.
996 2269 1212 2308 Caeterum
1232 2268 1428 2317 quoniam
1447 2281 1555 2307 nunc
1574 2268 1688 2306 abest

103 2334 153 2372 D.
186 2333 466 2373 Cancellarius
498 2333 774 2382 Burgundiae,
817 2333 933 2372 cuius
970 2347 1091 2383 opera
1126 2333 1286 2383 pridem
1323 2333 1476 2372 ascitus
1513 2346 1606 2371 sum
1642 2340 1686 2370 in

103 2398 358 2436 famulitium
382 2397 585 2436 Catholici
610 2398 717 2447 regis
742 2397 886 2447 Caroli,
918 2411 1002 2437 non
1030 2398 1159 2437 habeo
1185 2398 1292 2448 quod
1322 2400 1478 2436 certum
1507 2398 1551 2436 in
1579 2411 1686 2447 prae—

104 2463 239 2501 sentia
265 2462 564 2512 respondeam;
598 2461 704 2512 quod
733 2463 872 2501 tamen
900 2463 1045 2501 faciam
1072 2463 1319 2513 propediem.
1375 2462 1539 2501 Interea
1565 2475 1684 2512 perge
1707 2473 1745 2495 10

103 2528 240 2566 fauere
281 2529 355 2565 tuo
392 2526 551 2575 (vbivbi
586 2529 791 2565 terrarum
828 2527 994 2566 futurus
1038 2527 1112 2575 est)
1151 2527 1333 2566 Erasmo.
1407 2527 1519 2566 Bene
1556 2527 1684 2566 valeat

105 2593 152 2631 Τ.
183 2593 230 2631 R.
262 2592 324 2639 P.,
357 2592 423 2630 cui
449 2605 516 2630 me
545 2593 680 2630 totum
709 2591 863 2630 addico.

156 2656 411 2706 Antuerpiae
430 2658 544 2694 sexto
561 2656 636 2695 cal.
658 2656 838 2696 Martias.
860 2658 985 2695 Anno
1005 2669 1184 2696 M.D.XVI.

146 2781 219 2812 537.
246 2790 293 2812 10.
326 2789 346 2810 a
368 2783 459 2813 Ma:
491 2780 534 2811 de
558 2783 587 2811 G.
762 2782 836 2812 538.
863 2782 892 2811 8.
928 2781 968 2812 D.
995 2791 1052 2812 om.
1078 2783 1121 2812 H.
1310 2791 1357 2813 10.
1389 2781 1482 2819 quod
1509 2782 1545 2812 C:
1578 2779 1615 2811 id
1639 2782 1680 2811 H.

107 2834 155 2855 11.
181 2824 299 2855 valeat
314 2824 350 2855 T.
364 2824 404 2856 R.
415 2823 454 2854 P.
475 2826 513 2855 C:
538 2824 616 2855 vale
632 2826 675 2854 H.
811 2835 860 2864 13.
884 2825 992 2855 Anno
1008 2833 1144 2855 :mxxw
1161 2827 1234 2856 add.
1253 2827 1296 2856 H.

145 2955 218 2986 537.
243 2965 291 2994 13.
316 2953 388 2995 tui]
404 2954 454 2985 Cf.
473 2955 535 2994 Ep.
555 2964 624 2993 124.
646 2955 684 2984 16
698 2963 732 2985 n.
967 2955 1041 2986 538.
1066 2964 1095 2993 7.
1119 2954 1232 2995 abest]
1256 2954 1306 2986 Cf.
1324 2955 1387 2994 Ep.
1406 2965 1479 2994 532.
1499 2956 1541 2986 26
1556 2964 1625 2994 seq.

148 2999 196 3029 16.
221 2997 381 3039 Linacri]
404 2998 455 3030 Cf.
473 2998 536 3038 Ep.
554 3007 629 3037 502.
652 3007 689 3036 15
705 3007 741 3030 n.
968 2999 998 3030 8.
1024 2997 1145 3039 opera]
1169 2998 1219 3030 Cf.
1237 2998 1299 3038 Ep.
1319 3008 1392 3037 370.
1415 3000 1453 3029 18
1469 3007 1505 3028 n.

843 3053 942 3091 1i2
