2010 3417
114 215 214 270 568]
542 219 694 259 FROM
732 219 997 261 WILLIAM
1035 221 1307 261 BUDAEUS
1625 221 1703 259 529

113 326 187 365 Illi
204 326 289 366 iam
308 328 500 379 respondi
518 341 586 367 me
610 330 704 367 tum
723 329 969 379 respondere
993 343 1079 369 non
1105 343 1234 382 posse,
1259 344 1354 370 eum
1378 330 1589 370 nihildum
1608 330 1708 369 certi

112 391 335 441 haberem;
364 393 506 432 alteris
530 394 601 433 vix
628 394 758 433 habeo
785 395 893 445 quod
921 396 1205 446 respondeam,
1227 396 1294 445 ἀφ’
1312 396 1356 446 ἧς
1380 398 1518 447 ἡμέρας
1542 396 1609 444 τὴν
1628 398 1705 434 ἐπι-

113 458 258 507 στολήν
286 475 357 498 σου
385 460 436 510 τῷ
468 462 631 498 Βασιλεῖ
654 463 800 509 πρῶτον
828 460 1001 508 ἐπέδωκα,
1024 462 1082 500 ἀεὶ
1113 463 1223 513 μέχρι
1255 462 1398 502 τούτου.
1455 463 1478 511 ἡ
1509 462 1605 510 αὐλὴ
1635 463 1708 512 γὰρ
1725 472 1742 503 5

114 522 332 574 ἀπεδήμησε
361 526 427 574 τῆς
456 525 613 570 πόλεως,
634 525 743 565 αὐτὸς
775 525 815 564 δὲ
848 527 868 563 ὁ
904 526 1092 567 Βασιλεὺς
1123 528 1166 566 τὸ
1191 528 1373 566 πλεῖστον
1398 527 1584 566 διετέλεσε
1611 543 1707 576 περιέ

113 592 256 628 νοστῶν
282 589 344 628 καὶ
369 590 414 639 δὴ
444 591 504 628 καὶ
528 590 760 641 περιδραμὼν
786 591 880 630 ὅπου
906 593 952 630 τὰ
980 593 1115 642 κέρατα
1141 594 1177 631 οἱ
1205 594 1342 642 ἔλαφοι
1365 593 1650 642 ἀποβάλλουσι,
1671 595 1708 630 ἐν

113 655 280 706 τοσούτῳ
313 654 352 693 δὲ
385 657 479 694 κατὰ
507 656 631 706 χώραν
659 657 782 706 μένειν
807 658 872 694 οὐκ
900 657 1096 707 ἠδυνήθην·
1130 658 1260 709 μέχρις
1285 657 1327 695 οὗ
1355 659 1470 696 πάλιν
1494 659 1615 709 τυχὼν
1642 660 1707 696 τοῦ

113 722 451 771 παραστησομένου
478 721 648 773 ἐνέτυχον
676 724 728 774 τῷ
757 724 919 761 Βασιλεῖ
943 725 992 764 εἰς
1019 723 1086 772 τὴν
1115 724 1318 772 ἐκκλησίαν
1345 724 1447 762 ἰόντι.
1505 721 1573 761 Ibi
1603 722 1707 762 forte

112 785 232 825 affuit
262 786 498 835 ὠτακουστὴς
523 789 658 827 ἐκεῖνος
681 789 700 826 ὁ
733 788 836 837 ἱερὸς,
858 787 1126 827 Guillielmus
1154 789 1325 836 Paruus‚
1349 789 1421 839 qui
1445 790 1510 827 τὸν
1538 788 1708 826 Βασιλέα
1728 797 1766 819 10

111 853 432 904 προσαγορευτέον
451 851 542 891 εἶναι
560 853 645 891 τότε
665 854 846 905 ἡγήσατο·
879 853 988 903 quod
1019 854 1126 893 mihi
1145 867 1230 893 non
1257 854 1453 904 placebass,
1475 854 1546 904 qui
1572 853 1708 892 ocium

110 929 135 956 a
153 916 309 956 muscis
333 917 564 967 poscebam.
624 918 809 958 Βασιλεὺς
838 920 939 957 tunc
958 921 1046 958 erat
1075 919 1119 958 in
1145 932 1249 969 pago
1278 918 1518 965 Sammorio‚
1541 918 1612 957 vbi
1632 931 1708 957 nos

111 982 441 1022 Sammorianam
471 982 617 1022 villam
654 983 855 1022 habemus
892 985 1076 1033 ἡμιτελῆ;
1115 985 1188 1035 qui
1225 997 1320 1023 cum
1358 997 1426 1022 me
1456 983 1704 1034 agnouisset,

115 1046 242 1085 ‘Vbi’
282 1047 423 1098 inquit
471 1049 591 1087 ‘sunt
626 1050 673 1087 τὸ.
710 1050 911 1100 γράμματα
943 1052 1009 1087 τοῦ
1045 1050 1247 1099 Ἐράσμου,
1291 1050 1314 1086 ἆ
1352 1066 1398 1088 σε
1435 1046 1707 1099 μεταφ<ρ>άσαι

112 1112 270 1157 ἐπέταξα
282 1112 323 1152 ‘?‘
362 1114 472 1162 Quas
491 1126 589 1152 cum
607 1128 681 1165 ego
701 1115 998 1165 prompsissem
1019 1116 1059 1154 et
1078 1115 1150 1153 ille
1169 1115 1375 1153 lecturum
1390 1127 1432 1154 se
1452 1113 1633 1161 dixisset,
1656 1113 1706 1152 ad
1728 1122 1764 1154 15

109 1190 275 1216 sacrum
293 1178 352 1217 ire
371 1178 561 1228 perrexit.

159 1242 367 1282 Redeunti
394 1257 488 1282 eum
515 1244 667 1282 iterum
694 1247 834 1283 contra
853 1245 985 1283 animi
1013 1245 1096 1283 mei
1124 1245 1374 1284 sententiam
1399 1245 1549 1284 obuius
1574 1245 1707 1283 factus

109 1321 253 1356 essem,
275 1312 489 1359 praesente
517 1309 759 1348 Guillielmo
790 1311 928 1349 Paruo
947 1312 988 1348 et
1016 1310 1090 1348 1110
1121 1311 1342 1350 deductore
1368 1324 1461 1349 meo
1482 1310 1707 1359 eodemque

110 1375 243 1414 amico
280 1375 442 1426 tibique
484 1374 715 1426 plurimum
756 1376 925 1425 fauenti,
969 1377 1123 1426 quique
1161 1389 1284 1426 opera
1325 1378 1398 1415 tua
1435 1376 1625 1415 visurum
1663 1388 1705 1413 se

109 1443 292 1490 speraret
321 1442 367 1481 ὡς
394 1441 439 1479 ἂν
472 1442 502 1478 εἷ
535 1440 580 1489 δὴ
611 1443 682 1479 σοῦ
715 1442 868 1479 αὐλικοῦ
900 1440 1302 1493 γενησομένου-(δίο
1331 1441 1444 1479 enim
1473 1453 1570 1479 eum
1602 1440 1705 1479 falso
1728 1448 1767 1469 ²0

108 1505 344 1545 existimare
372 1505 570 1557 patiebar,
591 1507 639 1545 vt
658 1507 699 1544 et
724 1506 826 1546 alios
845 1506 1069 1545 nonnullos
1086 1522 1095 1554 ;
1123 1508 1232 1545 inter
1251 1519 1319 1545 eos
1338 1519 1446 1545 vnus
1466 1508 1528 1544 est
1555 1505 1626 1555 qui
1644 1507 1707 1544 τὸν

109 1572 279 1610 Βασιλέα
296 1571 471 1610 παιδόθεν
489 1572 536 1610 τὰ
555 1573 724 1623 στοιχεῖα
741 1574 808 1622 τῆς
826 1574 1085 1624 γραμματικῆς
1104 1571 1274 1616 ἐδίδαξεν.
1333 1571 1439 1612 οὗτός
1458 1575 1562 1610 ἐστιν
1582 1573 1601 1609 ὁ
1621 1572 1707 1620 ἐμὸς

106 1638 343 1690 χειραγωγὸς,
376 1639 396 1676 ὁ
429 1638 768 1687 παραστησάμενος
805 1640 950 1687 πρῶτον
990 1639 1042 1688 τῷ
1087 1637 1402 1687 Βασιλεῖ)-ί1)1
1444 1638 1536 1675 tum
1577 1636 1705 1687 igitur

108 1704 128 1741 ὃ
147 1703 333 1744 Βασιλεὺς
356 1702 510 1751 ‘Quid'
530 1702 668 1752 inquit
690 1703 757 1740 ‘in
786 1702 926 1741 animo
954 1702 1080 1741 habet
1109 1703 1343 1741 Erasmus?
1371 1715 1506 1751 neque
1529 1702 1643 1740 enim
1661 1701 1704 1740 id

107 1767 208 1806 satis
235 1781 287 1806 ex
315 1767 448 1806 literis
476 1767 580 1805 meis
609 1766 889 1817 intelligitur.'
960 1766 1129 1815 ‘Certe‚’
1157 1767 1332 1816 inquam
1367 1767 1415 1804 ίὦ
1445 1769 1625 1811 Βασιλεῦ,
1655 1779 1705 1804 ex
1726 1778 1763 1810 ²5

107 1831 242 1871 literis
260 1833 344 1870 tuis
370 1844 519 1882 pamm
539 1831 581 1869 id
604 1831 784 1881 intelligi
809 1832 969 1881 potest.'
1030 1833 1039 1850 ⁴
1052 1831 1165 1870 Num
1185 1832 1284 1881 quid
1305 1831 1564 1882 explanatius
1584 1832 1634 1870 ad
1663 1834 1705 1870 te

107 1896 330 1947 scripsit?'
384 1896 453 1935 Ad
479 1897 579 1935 haee
605 1909 701 1934 cum
728 1909 801 1946 ego
829 1898 1056 1946 opportune
1083 1896 1390 1946 respondissem
1415 1898 1456 1936 et
1476 1899 1523 1936 vt
1548 1897 1592 1935 in
1618 1910 1704 1935 rem

108 1975 199 2001 eam
218 1961 485 2000 commodum
503 1973 590 2000 esse
616 1961 902 2011 intelligebam
932 1974 1055 2011 quam
1085 1962 1189 2011 ἡμεῖς
1208 1963 1421 2011 ἀπορρήτως
1441 1963 1705 2009 κατασκευαζό-

107 2027 213 2077 μεθα,
227 2026 332 2065 alter
349 2026 422 2064 ille
440 2029 512 2064 τῶν
530 2027 843 2078 παραγινομένων,
860 2028 880 2064 ὂ
896 2029 960 2064 τοῦ
980 2027 1173 2067 Βασιλέως
1193 2026 1501 2079 καθηγησάμενος
1519 2027 1702 2074 παιδόθεν,

107 2093 174 2131 his
192 2091 330 2130 verbis
350 2104 586 2130 Sermonem
605 2091 786 2141 excepit:
818 2095 826 2111 ‘
841 2091 966 2140 Κύριε,
987 2093 1018 2129 εἷ
1046 2092 1111 2130 τὸν
1134 2090 1334 2142 ’Έρασμον
1360 2093 1623 2145 προσάγεσθαι
1651 2096 1703 2134 εἷς
1723 2104 1765 2136 30

107 2159 174 2207 τὴν
191 2157 396 2206 βασιλείαν
410 2156 484 2205 σὴν
505 2156 674 2195 δέδοκταί
689 2173 764 2202 σοι,
779 2157 922 2197 πάντως
941 2157 1070 2194 οὑτοσὶ
1090 2157 1170 2207 (ἐμὲ
1185 2157 1295 2206 δῆθεν
1309 2158 1576 2209 χειροδεικτῶν)
1596 2161 1704 2198 τοῦτο

108 2221 344 2272 διαπράξεται
363 2221 387 2271 ἢ
407 2222 523 2262 οὐδείς
545 2239 588 2273 γε
611 2222 739 2262 ἄλλος·
782 2222 920 2262 οἰκείως
943 2222 1016 2273 γάρ
1041 2238 1100 2260 τοι
1122 2222 1226 2260 αὐτοὶ
1249 2224 1435 2273 ἀλλήλοις
1459 2226 1619 2275 χρῶνται
1645 2224 1704 2262 καὶ

107 2287 355 2338 προσφιλῶς.’
411 2287 581 2326 Etenim
627 2287 704 2325 hoc
750 2299 818 2325 me
863 2286 1185 2337 impetraturum
1223 2290 1262 2326 ε’ν
1308 2291 1358 2339 τῷ
1405 2289 1703 2341 κοινολογεῖσθαι

107 2354 355 2392 ίᾶοίὶᾶυθΐὲιῌ]
392 2352 598 2391 amicitiae
637 2352 737 2401 iure,
781 2352 813 2390 εἴ
846 2369 891 2403 γε
928 2351 972 2401 δὴ
1009 2353 1074 2390 τὸν
1121 2354 1294 2392 Βασιλέα
1332 2354 1438 2400 ἀξίως
1477 2355 1536 2393 καὶ
1575 2357 1703 2394 ἱκανῶς

106 2419 338 2457 animatum
371 2417 668 2456 intellexissem
693 2432 703 2465 ;
754 2420 862 2455 τοῦτο
897 2418 971 2469 γὰρ
1008 2417 1053 2466 ἢν
1086 2418 1266 2468 ἐπινόημα
1303 2436 1386 2468 μου,
1425 2420 1703 2468 ἐπινενοημένον
1722 2430 1761 2462 35

108 2483 289 2533 δήπουθεν
309 2483 351 2528 ἐξ
368 2482 460 2521 ὅσου
479 2484 526 2521 τὰ
550 2483 752 2534 γράμματά
772 2499 844 2521 σου
864 2482 1115 2533 ἐκεκομίσμην
1133 2484 1179 2521 τὰ
1203 2482 1427 2533 Ἑλληνιστὶ
1450 2484 1701 2536 φθεγγόμενα·

111 2550 202 2598 ὅπερ
221 2548 337 2588 οὐδεὶς
356 2546 506 2598 συνῄδει
530 2565 605 2598 μοι,
629 2548 687 2586 ἵνα
704 2548 756 2597 μὴ
780 2548 847 2596 τὴν
869 2548 1020 2599 γνώμην
1038 2564 1110 2586 σου
1136 2547 1259 2598 προδῶ
1287 2549 1347 2586 καὶ
1372 2549 1440 2597 τὴν
1471 2550 1703 2587 κατάστασιν

149 2672 180 2702 3.
206 2662 263 2693 illi
279 2663 346 2692 MS.
364 2671 372 2692 :
396 2660 470 2691 illis
485 2662 549 2692 LB.
725 2672 755 2698 4.
780 2659 800 2690 ἀ
815 2659 886 2700 ’φῆς
900 2661 1012 2700 ἡνερας
1028 2663 1098 2693 MS.
1113 2672 1121 2692 z
1149 2672 1224 2693 corr.
1240 2664 1305 2693 LB.
1483 2671 1513 2701 5.
1541 2662 1622 2701 αὐλὴ
1638 2662 1703 2702 γὰρ

105 2708 237 2743 scripsi:
259 2703 412 2744 ἀυληγεὶν
426 2706 494 2735 MS.
651 2705 682 2736 8.
706 2702 742 2735 οὗ
758 2707 889 2742 scripsi:
913 2715 990 2735 ουως
1010 2706 1081 2736 MS.
1101 2715 1109 2735 :
1131 2703 1186 2736 οὖν
1204 2707 1266 2736 LB.
1428 2715 1476 2744 14.
1504 2705 1702 2746 μεταφράσαι

106 2753 182 2781 coni.
201 2751 274 2780 LB:
296 2746 500 2787 μετὰλφάσαι
518 2749 586 2780 MS.
677 2756 728 2787 25.
755 2745 779 2777 ὦ
794 2750 849 2778 LB
864 2759 872 2778 ε
894 2748 911 2778 ὁ
929 2750 1000 2778 MS.
1094 2757 1147 2787 33.
1173 2747 1207 2778 ἐν
1223 2751 1299 2779 LB:
1322 2747 1335 2778 ε’
1352 2751 1420 2780 MS.
1494 2759 1546 2789 37.
1573 2749 1700 2792 συνῄδει

107 2795 178 2823 LB:
204 2790 332 2831 σηνήδει
351 2793 422 2822 MS.

148 2903 179 2932 9.
245 2889 546 2932 παραστησομένου]
615 2889 759 2922 Francis
825 2890 868 2921 de
936 2889 1056 2922 which
1080 2890 1225 2922 Francis
1248 2891 1379 2922 visited
1400 2892 1488 2931 6-19
1503 2892 1608 2932 April
1622 2903 1630 2930 ;
1655 2893 1699 2923 ef.

107 2935 263 2967 Moulins
277 2945 285 2973 ;
315 2934 357 2966 cf.
383 2935 445 2974 Ep.
470 2943 545 2973 523.
565 2943 582 2972 7
598 2943 634 2965 n.
935 2933 998 2964 the
1014 2934 1190 2974 itinerary
1206 2934 1243 2965 in
1259 2935 1316 2965 his
1331 2938 1429 2975 Actes,
1443 2936 1510 2967 vol.
1523 2937 1553 2967 8.

152 2989 201 3010 10.
224 2977 376 3018 Paruus]
402 2978 466 3008 See
484 2978 547 3017 Ep.
567 2987 642 3015 522.
663 2987 700 3015 17
717 2988 753 3008 n.
983 2986 1030 3015 13.
1056 2976 1200 3018 villam]
1226 2977 1277 3009 Cf.
1297 2977 1360 3017 Ep.
1378 2988 1451 3017 435.
1472 2980 1533 3018 136
1548 2989 1582 3011 n.

152 3032 202 3053 12.
228 3020 374 3062 muscis]
401 3021 454 3053 Of.
471 3021 589 3052 Plaut.
609 3023 698 3052 Poen.
715 3022 825 3059 690,1.
979 3029 1031 3059 25.
1056 3020 1173 3052 literis
1188 3021 1292 3061 meis]
1314 3022 1376 3061 Ep.
1393 3031 1467 3061 533.

192 3063 403 3105 Sammorio]
455 3064 504 3097 St.
550 3063 864 3103 Maur-les-Fosses.
979 3073 1031 3103 31.
1056 3063 1132 3105 σὴν]
1151 3064 1203 3096 Cf.
1221 3065 1305 3104 Epp.
1325 3074 1399 3104 435.
1416 3066 1445 3102 8,
1466 3076 1539 3105 493.
1559 3068 1587 3096 6.

173 3130 282 3151 Anum
299 3130 326 3150 11
859 3132 890 3157 Μ
910 3131 954 3157 m
