2010 3417
239 692 281 724 60

296 122 378 160 230
761 116 1012 156 LETTERS
1049 116 1119 155 OF
1156 116 1422 157 ERASMUS
1759 116 1799 170 [1
1808 127 1852 165 51
1863 119 1884 154 6

298 231 336 268 ἐν
362 232 411 279 τῷ
441 229 533 266 κατὰ
562 229 719 273 Λουκᾶν,
757 225 814 263 ‘O
842 225 1005 263 virum'
1034 224 1183 274 inquit,
1218 224 1450 275 ‘eleganter
1479 238 1525 264 ac
1553 226 1678 275 probe
1705 226 1887 265 amicum

298 294 407 331 hunc
435 294 557 330 tuum
585 291 818 338 Erasmum,
847 289 965 327 cuius
993 290 1040 327 tu
1068 290 1180 328 haud
1208 289 1324 338 falso,
1353 290 1401 328 vt
1428 289 1559 338 video,
1591 289 1772 328 amicum
1800 304 1889 329 esse

262 360 338 405 ste
376 356 605 403 dictitabas,
645 355 794 404 cuique
836 367 922 392 non
967 354 1197 403 gratuitum
1242 367 1361 404 saepe
1406 354 1697 392 testimonium
1740 354 1886 394 tulisti.

297 421 526 471 Equidem’
559 420 707 470 inquit,
745 419 886 458 ‘cuius
915 421 1035 458 antea
1066 419 1224 469 ingenii
1254 419 1527 469 prestantiam
1556 419 1748 468 mirabar,
1781 432 1890 458 nunc

298 487 422 525 etiam
441 486 662 524 candorem
690 484 915 523 exosculor.
973 484 1213 523 Videndum
1236 484 1325 533 tibi,
1349 485 1527 533 Budaee,
1553 485 1724 522 omnino
1748 497 1801 522 ne
1820 484 1891 534 qui

297 552 532 602 principum
569 551 614 588 in
652 563 696 588 re
732 549 912 588 literaria
950 550 1135 588 virorum
1170 549 1422 588 emulatione
1459 562 1657 588 accensus
1689 563 1743 597 es,
1781 562 1891 588 nunc

298 616 538 656 huiusmodi
567 615 656 654 viro
687 615 818 653 officio
847 616 887 652 te
916 614 1161 665 prouocanti
1189 615 1360 654 cessisse
1386 615 1578 654 videare.’

354 682 568 720 Hactenus
587 680 670 718 ille.
731 681 783 717 Σὺ
801 681 923 718 τοίνυν
943 680 1032 726 ἴσθι,
1051 681 1135 730 ἄνερ
1154 697 1218 730 μοι
1237 680 1558 730 προσφιλέστατε,
1575 682 1641 718 οῧκ
1662 680 1802 718 ἐλάττω
1821 696 1893 718 που

299 747 492 797 οἰσόμενος
518 747 566 784 ὧν
595 748 644 786 εἷς
670 746 734 794 ἐμὲ
759 745 932 796 ἐχαρίσω.
991 747 1048 783 Οὐ
1072 747 1145 796 γὰρ
1170 745 1215 784 ἂν
1241 749 1279 784 ἐν
1306 746 1422 796 τούτῳ
1449 762 1494 796 γε
1520 746 1698 794 ἐκστῆναί
1721 762 1784 783 σοι
1808 746 1894 783 ὓπο-

299 813 471 862 μείναιμι,
494 814 541 852 ὡς
558 811 611 861 μὴ
629 813 706 851 τοῖς
725 811 821 851 ἴσοις
840 811 1072 861 ἀμείψασθαι
1097 812 1162 849 τὸν
1185 812 1454 863 εὖηργετηκότα
1479 828 1526 860 με
1552 811 1668 859 φίλον
1687 810 1800 861 ἄνδρα
1821 811 1892 856 καί,

299 879 343 916 τό
372 895 415 929 γε
435 880 546 916 αὐτοῦ
577 877 699 926 μέρος,
728 876 795 925 τὴν
822 877 971 926 μνήμην
1005 876 1305 926 ἀπηθανατικότα
1337 879 1403 915 τοῦ
1434 877 1562 928 γένους
1593 879 1665 915 τῶν
1694 876 1894 921 Βουδαίων,

302 946 427 984 ἄλλως
459 960 500 981 τε
529 943 708 992 πρότερον
741 942 849 982 αὐτὸς
880 942 952 979 ὑπὸ
982 944 1046 980 τοῦ
1081 943 1284 991 κρείττονος
1318 942 1357 980 εὗ
1386 941 1588 983 πεπονθώς.
1647 942 1720 983 Σύν
1749 959 1793 994 γε
1822 942 1896 992 μὴν

268 1030 279 1037 -
300 1009 396 1060 τόκῳ
410 1010 453 1047 τὸ
467 1009 575 1059 χρέος
594 1007 800 1045 ἀποδώσειν
819 1009 884 1044 οὐκ
904 1006 948 1045 ἂν
967 1008 1206 1058 ὑποσχέσθαι
1224 1006 1407 1059 τολμῴην,
1424 1007 1582 1056 ὁπηνίκα
1603 1007 1661 1045 καὶ
1680 1007 1723 1045 τὸ
1743 1009 1897 1058 ἀρχαῖον

303 1075 391 1112 αὐτὸ
418 1075 564 1112 ἐκτίνων
588 1073 684 1111 πάνυ
708 1089 744 1110 τι
774 1074 961 1123 κεκμηκὼς
988 1073 1026 1110 εὖ
1053 1072 1119 1111 οἶδ’
1138 1072 1195 1111 ὅτι
1220 1073 1367 1123 ἔσομαι.
1428 1074 1526 1124 Ἐγὼ
1546 1074 1615 1122 μὲν
1638 1072 1683 1121 δὴ
1707 1075 1757 1113 εἷς
1775 1088 1899 1110 στενο-

301 1140 440 1191 χωρίαν
469 1156 550 1177 τινα
581 1138 807 1187 αἰσθάνομαι
839 1138 910 1187 ἤδη
944 1139 1131 1178 καθεστὼς
1163 1138 1254 1189 τῷδε
1282 1141 1333 1189 τῷ
1362 1139 1543 1190 ἐγκωμίῳ,
1573 1137 1599 1189 ᾧ
1627 1138 1671 1187 δὴ
1700 1138 1896 1186 ἐλέφαντα,

303 1209 436 1254 φασιν,
456 1208 494 1242 ἐκ
513 1204 704 1253 μύρμηκος
723 1202 925 1247 ἀπέδειξας.
985 1203 1111 1242 Οἶσθα
1135 1204 1208 1255 γὰρ
1229 1203 1345 1253 δήπου
1371 1205 1418 1244 ὡς
1443 1203 1488 1241 ἂν
1513 1205 1581 1253 μὲν
1603 1203 1761 1252 ἀφειδῶς
1779 1220 1819 1241 τε
1839 1203 1900 1240 καὶ

303 1273 443 1310 πιστῶς
460 1271 508 1308 τὰ
528 1269 789 1319 ἐπιβάλλοντα
813 1285 876 1307 σοι
896 1268 1020 1306 ἀποδῶ
1046 1269 1268 1318 (ἐπιβάλλει
1290 1267 1363 1321 γάρ
1382 1285 1439 1307 τοι
1459 1269 1615 1309 ἕκαστος
1633 1272 1704 1307 τῶν
1723 1271 1901 1318 περιττῶν

306 1333 490 1383 ἐπαίνων),
520 1336 586 1372 οὒκ
615 1333 659 1371 ἂν
687 1334 868 1383 φθάνοιμι
896 1335 1012 1385 ἔγωγε
1041 1334 1348 1384 ἀντιχαρίζεσθαί
1378 1351 1441 1372 σοι
1470 1334 1598 1380 δοκῶν,
1628 1335 1729 1383 παρά
1761 1351 1805 1386 γε
1838 1332 1901 1371 οὖν

306 1401 421 1440 εἰδόσι
445 1402 492 1438 τὰ
519 1399 592 1437 ὑπό
619 1416 689 1437 σου
714 1400 964 1451 γεγραμμένα,
990 1398 1088 1437 τοῦτ’
1114 1399 1194 1437 ἔστι
1220 1401 1320 1449 παρὰ
1345 1402 1451 1437 πᾶσι.
1507 1400 1562 1439 τίς
1584 1401 1657 1451 γὰρ
1681 1401 1723 1437 οὗ
1743 1399 1903 1437 διατελεῖ

306 1465 567 1518 ἀναγινώσκων
592 1466 640 1502 τὰ
672 1465 745 1501 ἀπὸ
776 1467 871 1507 <roim
900 1463 975 1502 '‘Av
1005 1463 1035 1502 δ’
1064 1464 1166 1504 αὖθις
1195 1464 1240 1502 αὖ
1267 1466 1369 1503 τοῦτ’
1403 1465 1679 1514 εὐλαβούμενος
1712 1464 1902 1512 φειδωλῶς

307 1548 383 1571 πως
408 1531 467 1568 καὶ
495 1529 697 1581 ἀκροθιγῶς
725 1532 797 1567 τῶν
826 1532 904 1567 σῶν
927 1530 1083 1567 ἐπαίνων
1110 1533 1182 1568 τῶν
1213 1532 1446 1579 ᾶμφιλαφῶν
1476 1531 1637 1579 ἅψωμαι,
1666 1530 1705 1567 τί
1730 1529 1774 1578 δὴ
1803 1530 1903 1567 ἄλλο

307 1597 332 1647 ἢ
352 1596 484 1635 ἀδικῶν
502 1596 567 1633 τὸν
585 1595 721 1635 παντός
747 1612 791 1632 σε
819 1594 920 1639 ἄξιον
946 1595 1131 1644 κακοήθης
1157 1595 1247 1633 εἶναι
1273 1595 1365 1640 δόξω
1378 1613 1389 1638 ‚·
1420 1596 1564 1633 Οὐκοῦν
1587 1597 1636 1634 εἷς
1659 1595 1833 1644 τοιαύτην
1857 1610 1904 1644 με

353 1702 406 1732 53.
423 1691 475 1723 ἐν.
489 1715 497 1723 .
511 1715 519 1722 .
530 1691 655 1722 Λουκᾶν
671 1693 748 1725 Ββ;
765 1691 803 1722 in
820 1692 1007 1732 euangelio
1024 1692 1220 1723 secundum
1237 1692 1369 1723 Lucam
1385 1705 1415 1723 α.
1503 1694 1558 1723 60.
1576 1691 1619 1723 Σὺ
1633 1717 1640 1723 .
1654 1715 1662 1723 .
1679 1715 1686 1723 .
1701 1693 1754 1731 84.
1768 1690 1907 1731 ῥήματος

310 1738 370 1771 RB
387 1748 394 1767 :
417 1736 468 1766 Tu
487 1735 597 1775 igitur
618 1735 716 1774 scito,
734 1735 792 1766 vir
812 1736 904 1766 mihi
927 1735 1145 1775 charissime,
1165 1738 1200 1766 te
1222 1736 1318 1766 haud
1342 1736 1513 1766 inferiora
1532 1736 1691 1766 laturum
1711 1735 1842 1766 alicubi
1859 1735 1906 1766 iis

310 1790 401 1819 quae
425 1781 464 1810 in
488 1788 545 1810 me
563 1779 762 1810 contulisti.
803 1779 882 1810 Non
905 1781 1003 1810 enim
1028 1780 1095 1810 hac
1117 1789 1204 1810 sane
1228 1780 1268 1809 in
1292 1789 1329 1810 re
1352 1780 1574 1810 committam
1590 1781 1628 1809 vt
1645 1779 1711 1810 tibi
1727 1779 1905 1818 cesserim,

311 1823 503 1863 quominus
519 1823 596 1853 viro
613 1823 727 1853 amieo
744 1823 834 1853 bene
856 1823 900 1852 de
922 1832 979 1853 me
1000 1823 1131 1853 merito
1150 1824 1250 1863 paria
1270 1823 1474 1863 rependam,
1492 1823 1633 1862 quique,
1654 1822 1746 1862 quod
1768 1824 1807 1853 in
1830 1823 1906 1862 ipso

311 1868 392 1905 fuit,
411 1867 551 1906 generis
567 1866 774 1896 Budeorum
790 1867 1000 1897 memoriam
1018 1866 1257 1897 immortalem
1275 1867 1442 1902 effecerit,
1461 1867 1555 1897 idem
1572 1868 1607 1897 et
1623 1867 1712 1897 alias
1731 1876 1752 1897 a
1772 1867 1906 1897 maiore

311 1911 484 1942 beneficio
515 1910 671 1942 affectus.
725 1910 838 1948 Atqui
865 1920 946 1940 cum
975 1910 1118 1940 foenore
1146 1920 1204 1941 me
1233 1909 1461 1941 redditurum
1487 1910 1764 1950 haudquaquam
1791 1910 1905 1941 ausim

312 1954 481 1995 polliceri,
510 1953 653 1992 quando
674 1955 709 1983 et
731 1956 824 1983 sorte
846 1954 922 1992 ipsa
947 1954 1159 1984 resoluenda
1178 1955 1230 1995 (re
1253 1954 1425 1984 soluenda
1448 1954 1484 1993 a)
1504 1956 1558 1984 sat
1580 1954 1651 1984 scio
1675 1954 1907 1984 vehementer

313 2008 392 2028 sum
408 1997 643 2027 laboraturus.
690 1996 761 2036 Ego
777 1997 923 2036 quidem
941 1998 979 2027 in
995 1998 1161 2037 angustia
1184 1997 1337 2036 quadam
1359 1998 1474 2028 sentio
1495 2007 1551 2028 me
1572 1997 1644 2028 iam
1666 1997 1905 2028 constitutum

312 2042 354 2072 ob
377 2041 474 2071 istud
491 2041 691 2070 encomium
709 2050 778 2078 quo
794 2040 1038 2080 elephantum,
1057 2043 1095 2071 vt
1111 2042 1226 2080 aiunt,
1243 2050 1262 2071 e
1279 2041 1425 2071 formica
1438 2040 1639 2072 reddidisti.
1689 2041 1791 2071 Nosti
1807 2040 1906 2070 enim

313 2085 470 2124 profecto
492 2084 584 2123 quod
607 2084 635 2113 si
657 2083 795 2114 affatim
818 2084 980 2122 bonaque
1002 2084 1072 2114 fide
1094 2094 1185 2123 quae
1205 2085 1272 2115 tibi
1294 2085 1470 2115 debentur
1491 2085 1694 2124 persoluero
1714 2084 1906 2123 (debentur

314 2129 408 2158 certe
440 2127 507 2157 tibi
536 2137 659 2157 omnes
683 2126 806 2158 laudes
830 2128 1008 2166 eximiae),
1033 2137 1106 2158 non
1135 2128 1288 2168 effugere
1316 2129 1405 2166 quin
1432 2128 1500 2158 tibi
1527 2127 1686 2158 vicissim
1712 2127 1906 2167 gratificari

312 2171 444 2210 videar,
463 2171 557 2210 apud
573 2180 630 2201 eos
647 2174 742 2201 certe
758 2172 819 2209 qui
835 2173 898 2201 tua
913 2172 1045 2210 scripta
1060 2171 1233 2211 viderint,
1250 2171 1315 2202 hoc
1331 2173 1385 2202 est
1401 2171 1494 2210 apud
1510 2180 1642 2201 omnes.
1699 2170 1787 2210 Quis
1807 2170 1906 2201 enim

314 2225 385 2246 non
402 2214 543 2244 assidue
565 2213 650 2253 legit
671 2214 732 2244 abs
753 2216 787 2244 te
808 2215 989 2253 profecta?
1034 2215 1082 2245 At
1106 2224 1227 2245 rursus
1251 2215 1280 2245 si
1304 2214 1342 2245 id
1365 2224 1495 2245 cauens
1517 2214 1672 2254 parciter
1694 2224 1733 2244 ac
1756 2213 1909 2245 summis

314 2257 439 2297 digitis
459 2259 540 2287 tuas
563 2257 820 2296 copiosissimas
842 2257 963 2288 laudes
983 2258 1143 2297 attigero,
1162 2268 1237 2289 non
1258 2260 1380 2298 potero
1400 2268 1472 2288 non
1488 2258 1604 2288 videri
1622 2258 1678 2287 vir
1698 2258 1827 2296 malus,
1844 2257 1906 2296 qui

314 2302 383 2332 tibi
400 2301 526 2339 quouis
542 2300 676 2331 honore
693 2300 801 2340 digno
817 2300 961 2331 fecerim
978 2302 1162 2333 iniuriam.
1209 2302 1326 2341 Igitur
1343 2302 1382 2332 in
1404 2301 1611 2331 huiusmodi
1632 2301 1908 2340 perplexitatem

314 2347 355 2376 tu
380 2354 437 2374 me
460 2344 643 2375 coniecisti
668 2345 730 2383 qui
753 2345 852 2383 prior
874 2345 939 2375 hoc
963 2345 1175 2375 beneficium
1199 2345 1379 2385 egregium
1402 2354 1442 2376 ac
1465 2344 1616 2383 plurimi
1638 2345 1842 2375 faciendum
1868 2345 1909 2375 in

314 2389 470 2419 amicum
493 2388 696 2419 contuleris.
745 2388 793 2418 At
816 2389 939 2418 contra
963 2388 1197 2429 occu[1]passe
1219 2399 1275 2419 me
1301 2390 1336 2418 et
1359 2388 1425 2418 hoc
1449 2388 1517 2419 tibi
1542 2388 1680 2427 negocii
1704 2388 1909 2419 exhibuisse

314 2432 481 2472 oportuit,
505 2432 567 2470 qui
591 2430 774 2462 dexterius
795 2432 1023 2471 temetipsum
1045 2432 1088 2462 ab
1110 2432 1176 2462 hac
1197 2431 1404 2462 difficultate
1425 2432 1681 2471 explicuisses:
1703 2441 1909 2470 quanquam

317 2485 416 2515 spero
432 2474 505 2505 fore
521 2476 560 2505 vt
576 2476 612 2505 et
628 2475 804 2505 rationem
826 2475 983 2513 aliquam
1006 2476 1181 2515 reperiam
1203 2478 1238 2506 et
1260 2475 1470 2506 facultatem
1492 2485 1623 2515 parem,
1643 2484 1713 2514 qua
1727 2477 1909 2515 vtcunque

316 2518 449 2549 liberer
473 2518 667 2556 aliquando
694 2518 760 2548 hoc
787 2528 866 2548 aere
893 2519 1019 2550 alieno.
1075 2518 1241 2549 Ceterum
1268 2521 1307 2549 vt
1333 2519 1442 2549 semel
1469 2518 1643 2558 exoluam,
1669 2518 1708 2549 id
1735 2528 1797 2558 ego
1823 2527 1909 2550 sane

317 2571 363 2592 ne
387 2563 426 2592 in
453 2563 551 2592 omni
578 2562 725 2600 quidem
750 2562 825 2592 vita
849 2562 1075 2602 sperauerim,
1102 2562 1277 2592 nimirum
1300 2564 1432 2593 maiore
1457 2561 1578 2592 debito
1602 2571 1710 2601 quam
1730 2572 1794 2602 pro
1818 2562 1910 2593 meis

317 2604 576 2636 facultatibus(
605 2605 778 2636 Attamen
796 2605 940 2644 quiduis
962 2605 1069 2636 citius
1086 2605 1124 2635 in
1147 2616 1204 2636 me
1226 2606 1432 2636 admiserim
1456 2615 1563 2644 quam
1579 2607 1617 2636 vt
1640 2607 1762 2636 tantae
1782 2614 1822 2636 ac
1843 2603 1909 2635 tali
1966 2633 1969 2635 .

317 2648 576 2687 ingratitudini
592 2649 660 2679 sim
677 2648 860 2680 obnoxius.
906 2650 983 2679 Iam
1000 2652 1035 2679 et
1052 2649 1117 2679 hoc
1134 2650 1280 2680 nomine
1296 2649 1363 2679 tibi
1379 2650 1531 2689 gratiam
1550 2649 1661 2680 habeo
1675 2650 1712 2679 et
1727 2659 1803 2689 ago,
1816 2647 1910 2687 quod

318 2692 409 2722 mihi
439 2693 477 2721 in
505 2692 612 2722 verbo
639 2691 932 2731 παρακολουθηκότι
956 2693 1098 2723 veniam
1126 2692 1267 2723 dederis
1293 2704 1323 2723 α.
1500 2694 1552 2723 61.
1586 2694 1632 2725 B:
1662 2692 1848 2731 ὑπομέναιμι
1872 2693 1908 2721 B.

317 2736 370 2772 63.
395 2736 454 2768 Ββ
470 2746 477 2765 :
500 2734 764 2774 ἀπηθανατηκύτα
781 2739 810 2767 C.
944 2738 997 2775 65.
1025 2735 1174 2775 τολμῴην
1189 2738 1232 2771 βε
1256 2735 1402 2775 τολμήην
1417 2738 1444 2766 Β
1458 2746 1465 2766 :
1489 2735 1625 2775 τολμίην
1643 2738 1680 2767 0:
1705 2734 1857 2774 τολμεὶην
1872 2736 1910 2766 F.

317 2779 370 2815 67.
401 2778 446 2817 τῷ
468 2779 550 2812 Ββ;
581 2789 638 2809 om.
667 2778 707 2810 0².
826 2780 877 2809 68.
911 2782 950 2810 C:
973 2778 1134 2818 ἀποδείξας
1149 2782 1186 2810 Β.
1233 2778 1292 2817 μὲν
1316 2781 1357 2810 C:
1386 2778 1425 2809 ὡς
1441 2778 1500 2817 μὲν
1522 2781 1563 2810 Β.
1694 2781 1747 2818 69.
1779 2777 1912 2809 ἕκαστος

318 2821 341 2854 β
358 2831 365 2850 :
388 2819 524 2851 ’ἑκαστον
539 2823 578 2853 Β.
712 2833 761 2861 72.
787 2821 827 2853 αἶ’)
845 2825 881 2853 C:
907 2821 962 2854 οὖν
978 2825 1016 2854 Β.

321 2917 359 2947 in
384 2917 440 2948 his
464 2922 578 2950 Annot.
598 2922 634 2950 in
652 2922 832 2960 Pamlectas,
853 2921 962 2961 Paris,
987 2922 1018 2952 J.
1043 2920 1187 2961 Badius,
1215 2931 1251 2960 17
1274 2921 1361 2952 Nov.
1380 2920 1462 2959 1508
1486 2918 1570 2960 (vol.
1591 2920 1643 2959 iii,
1662 2928 1695 2958 p.
1713 2919 1766 2957 56,
1786 2919 1825 2948 in
1847 2917 1909 2948 the

321 2959 425 2990 Basle
435 2961 524 2992 edit.
548 2964 653 3003 1557).
