2010 3417
250 154 330 192 450
715 150 967 190 LETTERS
1005 149 1075 188 OF
1113 149 1380 190 ERASMUS
1724 148 1845 203 [1517

671 284 806 337 524530
865 281 997 322 FROM
1030 281 1223 322 ANToNY
1256 280 1422 321 CLAVA.

295 374 462 419 Epistole
483 374 679 419 elegantes
697 373 787 407 f0.n
791 372 813 407 3.
1533 370 1669 407 Ghent.

295 431 346 467 C'2.
363 445 397 477 p.
417 442 506 475 142:
527 432 567 466 F
583 444 617 476 p.
632 441 701 475 49:
720 430 813 466 HN.
833 429 946 465 Lond.
965 429 988 464 i.
1007 392 1068 465 26:
1089 428 1160 464 LB.
1173 428 1269 474 App.
1284 439 1364 472 400.
1400 427 1798 475 6February<1517>.

292 512 381 553 [The
398 522 496 550 year·
484 511 579 542 -date
596 521 680 549 may
696 511 737 541 be
754 509 920 550 supplied
936 510 1029 540 from
1046 509 1109 540 the
1126 509 1355 549 expectation
1372 509 1411 540 of
1422 508 1484 539 the
1506 512 1638 548 Utopia;
1662 510 1705 540 cf.
1720 519 1752 549 p.
1768 518 1844 548 339.

245 556 292 586 To
317 556 378 586 the
399 556 517 586 notice
539 555 577 585 of
597 555 706 586 Clava
729 555 768 585 in
786 554 848 594 Ep.
872 563 1004 593 175.10
1018 563 1053 584 n.
1074 562 1158 592 may
1177 554 1216 583 be
1236 551 1353 584 added
1369 552 1449 584 that
1471 553 1516 583 he
1538 553 1620 584 died
1641 563 1686 584 on
1704 562 1742 592 31
1764 553 1847 592 May

250 609 333 639 1529
350 599 549 640 (Besanqon
566 599 639 630 MS.
656 608 731 638 599,
752 607 784 637 p.
806 596 916 637 246).]

639 694 739 725 ANT.
769 692 918 725 CLAVA
951 692 1132 723 ERASMO
1164 692 1246 722 SVO
1279 693 1311 723 S.
1344 692 1386 724 D.
1416 693 1454 721 P.

299 773 416 822 QVOD
436 772 542 811 nihil
562 772 763 811 hactenus
783 771 833 810 ad
855 773 895 809 te
915 770 1163 820 scripserim,
1188 769 1471 809 eruditissime
1496 770 1679 819 Erasme,
1702 771 1845 810 acerba

243 851 357 876 mors
387 838 538 877 sororis
568 851 694 886 meae,
732 850 836 887 quae
872 835 997 886 paulo
1035 838 1262 886 antequam
1296 834 1436 873 literas
1471 837 1565 874 tuas
1598 849 1842 887 acceperam,

243 903 457 953 expirauit,
480 903 726 953 intensaque
741 903 818 941 hec
838 901 990 951 frigora
1009 901 1123 940 fuere
1143 901 1187 939 in
1208 913 1338 949 causa,
1362 913 1509 950 meque
1528 902 1569 940 et
1588 901 1773 952 alioquin
1800 903 1845 940 in

244 969 461 1010 scribendo
488 969 763 1019 pigerrimum
789 967 889 1006 adeo
916 967 1104 1015 inertem,
1129 966 1232 1005 adeo
1261 965 1499 1015 squalidum
1524 966 1846 1006 oscitabundun·

207 1049 224 1080 5
244 1048 324 1085 que
343 1035 565 1083 reddidere,
584 1036 629 1072 vt
649 1033 757 1072 nihil
777 1033 891 1071 aliud
913 1045 1039 1082 quam
1059 1032 1109 1070 de
1129 1032 1224 1079 fera,
1242 1031 1302 1070 vti
1319 1030 1449 1078 aiunt,
1468 1032 1695 1070 comedisse
1713 1032 1846 1071 videri

243 1113 418 1150 possem.
476 1100 634 1138 Verum
660 1099 759 1149 quid
782 1100 863 1137 tu‘?
892 1100 1056 1137 rectene
1083 1110 1224 1136 meum
1250 1098 1337 1136 tam
1363 1096 1610 1135 diuturnum
1629 1097 1845 1136 silentium

243 1166 440 1204 accusas?
469 1165 540 1214 qui
560 1178 693 1215 neque
721 1166 842 1203 antea
871 1163 1094 1214 quicquam
1112 1163 1330 1200 literarum
1348 1161 1515 1200 miseris
1536 1175 1668 1213 neque
1687 1163 1845 1202 saluere

243 1230 392 1269 saltem
417 1230 598 1278 iusseris,
621 1231 730 1280 quod
757 1229 950 1280 equidem
976 1228 1114 1276 sciam,
1137 1227 1309 1266 Clauam
1334 1229 1482 1275 tuum;
1513 1228 1585 1278 qui
1611 1230 1778 1267 tuarum
1804 1230 1845 1267 et

242 1296 447 1334 virtutum
472 1298 514 1334 et
541 1295 811 1334 scientiarum
835 1294 1062 1333 admirator
1082 1307 1189 1340 sum,
1213 1293 1314 1332 adeo
1334 1294 1381 1331 vt
1402 1292 1473 1331 vix
1493 1293 1628 1332 ausim
1655 1296 1696 1332 te
1723 1294 1846 1332 inter-

187 1374 225 1396 10
242 1361 396 1411 pellare
424 1374 448 1399 a
474 1361 559 1399 tuis
591 1360 678 1399 illis
712 1360 868 1399 diuinis
904 1359 1241 1410 occupationibus
1278 1358 1570 1408 frugiferisque
1604 1359 1765 1406 studiis,
1800 1360 1845 1398 in

243 1426 392 1476 quibus
429 1428 470 1464 te
507 1439 658 1475 magno
694 1427 902 1476 prouentu
941 1425 1145 1463 bonarum
1183 1424 1404 1462 literarum
1443 1437 1569 1474 quam
1606 1425 1845 1463 felicissime

243 1491 431 1530 abditum
467 1504 556 1530 esse
593 1490 716 1541 plane
749 1491 860 1532 noui.
920 1491 981 1529 De
1020 1490 1200 1528 Roberto
1239 1489 1410 1527 Caesare
1448 1489 1575 1539 quod
1596 1489 1713 1539 petis,
1745 1491 1843 1540 quid

244 1571 384 1596 rerum
403 1559 498 1606 agat
516 1557 662 1606 accipe.
723 1556 797 1595 Ius
824 1557 1071 1595 Caesareum
1098 1555 1182 1593 iam
1207 1555 1404 1592 strennue
1429 1554 1678 1604 aggreditur,
1701 1557 1844 1605 vtpote

244 1636 267 1660 a
287 1635 330 1660 se
349 1621 632 1672 impigerrime
662 1621 1078 1670 constantissimeque
1108 1620 1429 1659 defendendum.
1491 1620 1604 1658 Num
1633 1620 1734 1659 haec
1763 1621 1841 1659 tibi

188 1702 224 1733 15
244 1700 395 1736 magna
415 1686 664 1736 Caesareque
685 1686 809 1736 digna
824 1687 1054 1725 videntur?
1110 1685 1284 1735 Scripsit
1300 1698 1472 1735 quoque.
1488 1688 1534 1724 vt
1555 1685 1662 1724 mihi
1682 1687 1844 1725 rettulit

243 1752 501 1802 iampridem,
528 1752 580 1790 ad
607 1752 833 1790 Erasmum
859 1765 995 1799 suum,
1028 1751 1158 1789 immo
1185 1751 1404 1798 nostrum,
1434 1764 1457 1789 a
1487 1764 1568 1800 quo
1599 1764 1844 1801 responsum

243 1817 398 1856 mirum
418 1820 482 1856 est
502 1818 753 1867 quantopere
773 1817 1003 1866 desyderat.

295 1884 599 1934 Desyderamus
617 1882 939 1921 festiuissimum
960 1882 1084 1920 illum
1105 1882 1289 1920 Thomae
1316 1882 1424 1920 Mori
1451 1881 1644 1920 libellum
1665 1882 1715 1920 de
1735 1895 1845 1920 noua.

242 1948 378 1988 insula
409 1949 576 1998 Vtopia,
610 1961 732 1998 quem
771 1949 1038 1997 expectamus
1071 1947 1116 1985 in
1151 1947 1299 1994 horas,
1343 1959 1443 1985 nam
1477 1946 1647 1986 librario
1680 1947 1843 1986 cuidam

187 2029 226 2051 20
244 2013 361 2052 nobis
388 2013 586 2052 familiari
614 2012 909 2051 mandauimus
931 2015 977 2051 vt
1007 2026 1132 2062 quam
1158 2012 1345 2062 primum
1373 2013 1423 2050 ad
1453 2025 1531 2051 nos
1558 2013 1842 2052 transmittere

243 2081 369 2118 curet.
429 2078 545 2126 Quod
575 2078 708 2116 adhuc
738 2080 970 2117 sementem
998 2079 1122 2117 modo
1152 2078 1264 2127 facis,
1291 2080 1337 2116 vt
1365 2078 1515 2128 inquis,
1545 2078 1715 2128 ignarus
1745 2079 1844 2130 quid

244 2157 455 2183 messurus
475 2144 543 2192 sis,
558 2143 661 2182 bene
682 2157 845 2192 sperare
864 2146 905 2182 te
925 2144 1047 2182 iubeo
1064 2158 1073 2192 ;
1102 2143 1232 2181 habes
1250 2145 1293 2181 et
1313 2143 1614 2182 Cancellarium
1634 2144 1844 2184 humanis-

244 2209 399 2247 simum
427 2209 578 2254 virum,
611 2209 653 2245 et
689 2208 846 2257 Regem
881 2209 925 2247 in
961 2208 1102 2248 doctos
1140 2221 1285 2247 omnes
1322 2222 1368 2247 ac
1401 2209 1551 2258 probos
1588 2223 1674 2248 non
1708 2210 1842 2248 solum

243 2287 495 2324 propensum
523 2273 593 2311 sed
622 2273 750 2311 etiam
778 2274 1230 2312 munificentissimum.
1305 2273 1464 2322 Quibus
1493 2274 1624 2313 fretus
1653 2275 1752 2324 quid
1781 2278 1843 2314 est

187 2356 200 2375 2
209 2355 224 2384 5
244 2340 350 2390 quod
380 2338 681 2388 desperandum
708 2339 862 2387 putes?
938 2339 981 2377 Si
1010 2352 1093 2377 non
1122 2339 1207 2377 tuis
1236 2339 1533 2388 respondentes
1563 2340 1739 2387 meritis,
1768 2354 1842 2390 pro

244 2404 532 2455 spiritualibus
551 2403 636 2441 illis
655 2404 694 2440 et
715 2403 869 2441 diuinis
897 2417 999 2454 quae
1026 2405 1229 2443 seminare
1249 2417 1334 2442 non
1358 2404 1526 2453 desinis,
1548 2407 1590 2443 at
1609 2405 1844 2444 mundanos

245 2472 379 2517 hosce,
397 2471 440 2508 at
469 2468 664 2516 carnales,
686 2469 733 2506 vt
759 2468 818 2507 ita
839 2468 985 2519 loquar
1011 2483 1108 2507 cum
1134 2469 1349 2519 Apostolo,
1372 2469 1658 2520 humanosque
1684 2470 1844 2509 fructus

245 2537 308 2574 sat
332 2535 478 2574 vberes
507 2534 770 2583 copiososque
790 2534 894 2573 velis
922 2534 1032 2573 nolis
1060 2536 1100 2572 te
1128 2547 1365 2573 messurum
1394 2547 1478 2573 non
1509 2534 1664 2573 dubito.
1725 2535 1841 2584 Quod

290 2654 320 2682 5.
347 2643 445 2673 aliud
462 2654 518 2673 om.
538 2645 579 2672 N.
668 2642 721 2673 vti
741 2641 777 2672 (7¹
795 2654 802 2673 t
824 2643 861 2674 vt
881 2642 923 2674 C‘2.
1038 2645 1066 2674 6.
1094 2646 1143 2673 F:
1168 2652 1312 2682 possum
1331 2644 1359 2673 C.
1472 2653 1518 2674 10.
1548 2643 1623 2674 illis
1641 2646 1679 2674 C:
1705 2643 1782 2674 istis
1798 2646 1840 2676 H.

253 2699 300 2726 14.
331 2697 351 2717 a
368 2697 403 2716 se
422 2689 461 2717 C:
486 2687 529 2716 ab
546 2686 623 2725 ipso
640 2689 681 2716 H.

294 2795 319 2815 1.
344 2785 439 2815 nihil
456 2784 646 2825 hactenus]
670 2785 716 2816 Iu
734 2794 873 2815 answer
890 2787 924 2816 to
941 2785 1003 2816 the
1077 2795 1107 2824 3,
1135 2786 1189 2815 for
1211 2784 1273 2815 the
1300 2794 1444 2824 passage
1468 2786 1507 2815 in
1533 2783 1710 2815 Erasmus'
1737 2785 1844 2816 letter

250 2829 354 2859 letter
370 2829 579 2859 mentioned
596 2830 633 2858 in
652 2828 714 2867 Ep.
731 2838 806 2867 525.
824 2838 854 2859 2.
1077 2829 1198 2859 which
1216 2828 1329 2859 called
1346 2829 1442 2859 forth
1461 2828 1534 2858 this
1550 2828 1701 2859 remark.

292 2881 321 2909 5.
354 2872 396 2901 de
420 2871 509 2911 fera]
544 2872 594 2902 Cf.
621 2874 722 2908 Adczy.
751 2873 852 2910 1561:
885 2872 1008 2911 ‘vulgo
1165 2871 1332 2912 Scripsit]
1352 2871 1402 2902 Cf.
1421 2872 1484 2912 Ep.
1503 2880 1575 2910 525.
1597 2880 1625 2902 1.

250 2915 426 2944 creditum
464 2925 606 2945 carnem
642 2915 795 2945 ferinam
835 2925 1007 2946 comesam
1120 2925 1173 2947 22.
1199 2915 1476 2955 Cancellarium]
1501 2915 1549 2945 Le
1565 2915 1730 2954 Sauvage.

253 2958 390 2988 crebras
405 2959 629 2988 oscitationes
646 2958 824 2989 excitare.'
1121 2969 1172 2998 23.
1196 2958 1343 2998 Regem]
1369 2958 1523 2989 Charles.

300 3010 347 3038 15.
374 3000 589 3039 Caesareque
614 3001 737 3041 digna]
763 3002 814 3032 Cf.
842 3003 903 3041 Ep.
929 3011 1004 3041 525.
1120 3012 1171 3041 27.
1196 3000 1382 3042 Apostolo]
1408 3001 1460 3032 Cf.
1480 3011 1494 3031 1
1516 3004 1580 3033 Cor.
1597 3010 1627 3040 9.
1652 3011 1698 3032 11.
