2010 3417
95 161 193 217 391]
526 165 680 204 FROM
719 163 1010 204 NICHOLAS
1047 163 1266 203 BASELL
1621 163 1699 202 203

95 275 247 315 dixisse
285 275 500 315 arbitreris
536 275 681 325 velim)
718 274 945 313 Erasmicis
981 273 1345 313 lucubrationibus
1383 273 1558 321 dulcius,
1592 272 1699 312 nihil

93 340 257 390 tersius,
280 341 465 391 sapidius
484 341 594 380 nihil
613 355 623 389 ;
653 340 845 391 quodque
863 340 1111 379 memoriam
1130 339 1266 390 ipsam
1286 339 1337 378 de
1356 338 1578 378 transactis
1596 338 1698 378 adeo
1720 352 1763 384 30

94 406 270 453 refricet,
299 407 349 446 de
381 406 668 457 praesentibus
697 407 841 445 autem
869 408 912 444 et
940 419 1044 456 quae
1072 405 1152 445 sub
1183 406 1287 456 ipsis
1316 405 1447 444 oculis
1478 406 1699 444 versantur

95 473 154 511 ita
182 472 350 521 reficiat,
380 473 599 523 ingenium
627 473 792 519 recreet,
823 471 1013 510 animum
1042 471 1255 520 exhilaret,
1286 484 1411 522 quam
1441 485 1521 521 que
1551 473 1623 510 tua
1652 484 1703 509 ex

97 537 259 577 officina
285 540 437 588 tuaque
463 538 611 576 incude
638 549 734 576 cum
760 536 887 585 docte,
909 538 1002 575 tum
1028 537 1351 588 perpolitissime
1371 536 1440 575 vel
1467 536 1702 576 elucubrata

96 603 164 642 vel
184 603 392 643 elaborata
411 603 455 641 in
475 603 612 642 lucem
632 602 830 652 prodiere.
881 601 1026 650 Qualia
1045 605 1142 641 sunt
1163 603 1253 652 ipsa
1271 605 1344 642 tua
1362 602 1503 650 Moria,
1527 601 1698 652 Adagia,

97 669 415 716 Similitudines,
452 668 687 706 Verborum
722 667 850 717 Copia
882 669 924 706 et
957 681 1079 706 omne
1117 668 1223 706 illud
1258 668 1366 719 quod
1400 670 1446 706 tu
1479 667 1618 706 hercle
1651 667 1701 705 de
1722 680 1761 712 35

97 734 264 773 Graecis
294 734 420 773 etiam
450 733 614 782 litteris,
652 746 738 771 non
770 733 1031 783 περιφράστης
1064 733 1133 771 sed
1162 733 1317 771 vindex
1350 746 1395 771 ac
1423 733 1546 771 iudex
1582 732 1702 782 plane

96 800 363 847 iustissimus,
406 800 456 838 ad
495 799 629 838 solem
666 801 789 838 tenus
826 811 870 836 es
908 798 1230 848 interpretatus;
1278 797 1324 837 in
1358 798 1452 848 quis
1492 798 1701 847 Gorgiam,

97 864 436 914 Demosthenem,
462 864 702 912 Isocratem,
726 863 980 902 Aeschinem
999 877 1045 902 ac
1065 863 1245 913 reliquos
1270 864 1425 902 Graece
1445 863 1703 901 litteraturae
1757 873 1760 877 ’

96 931 474 980 praestantissimos
486 930 742 978 monarchas,
762 929 842 968 etsi
860 942 946 968 non
966 942 1168 979 superare,
1185 931 1327 968 tamen
1347 941 1523 978 aequare
1539 928 1701 966 videris.

151 997 186 1035 Ο
199 996 299 1035 felix
310 997 396 1036 iam
408 1010 520 1035 nunc
533 996 776 1035 Germania!
799 1008 901 1045 quae
914 997 955 1034 te
967 1008 1052 1034 vno
1065 997 1189 1045 atque
1203 995 1290 1033 solo
1305 995 1512 1033 Germano
1522 996 1703 1032 veterem
1722 1008 1764 1039 40

98 1062 270 1102 Latinae
301 1062 470 1112 linguae
498 1062 732 1101 barbariem
762 1061 991 1111 explodere,
1023 1061 1266 1111 abstergere,
1299 1060 1501 1101 abradere,
1531 1073 1577 1098 ac
1608 1073 1703 1098 cum

99 1128 230 1177 Italis,
255 1128 499 1167 hominibus
519 1128 676 1178 alioqui
699 1127 873 1177 gloriole
898 1126 1189 1177 cupidissimis,
1214 1127 1298 1164 iam
1317 1139 1470 1165 manus
1489 1138 1704 1164 conserere

100 1193 233 1232 ausit:
266 1194 473 1244 siquidem
493 1206 616 1232 nemo
635 1195 699 1232 est
720 1193 792 1243 qui
814 1192 979 1232 Erasmi
999 1206 1154 1231 nomen
1174 1192 1445 1242 suppeditare,
1469 1191 1702 1229 doctrinam

99 1258 404 1310 floccipendere,
435 1259 703 1309 multiiugam
731 1258 947 1297 scientiam
976 1257 1237 1308 eloquentiae
1267 1257 1422 1296 salibus
1451 1256 1703 1295 nitidissime

101 1324 332 1374 inspersam
355 1324 479 1363 nauci
502 1324 635 1363 facere
656 1324 798 1374 possit,
822 1323 905 1362 nisi
924 1324 959 1362 si
977 1324 1045 1362 vel
1072 1323 1216 1362 Zoilus
1235 1325 1306 1362 aut
1324 1323 1560 1361 litterarum
1579 1322 1706 1359 homo
1725 1338 1764 1369 45

101 1403 256 1429 vacuus
292 1390 494 1429 bonarum
539 1390 628 1428 siet.
710 1390 852 1428 Manet
892 1389 1008 1428 enim
1049 1403 1094 1428 ac
1131 1389 1319 1428 manebit
1358 1391 1453 1439 post
1489 1389 1572 1427 fata
1616 1387 1706 1425 laus

100 1470 257 1507 perpes,
286 1455 417 1506 gloria
436 1456 642 1506 decusque
665 1456 769 1503 tibi;
801 1456 912 1506 quod
937 1456 1013 1494 hac
1037 1468 1120 1494 vna
1145 1455 1314 1505 quidem
1337 1455 1529 1493 omnium
1554 1452 1707 1491 iudicio

101 1522 336 1562 doctiorum
364 1521 694 1561 elaboratissima
720 1521 811 1559 diui
839 1521 1093 1571 Hieronymi
1122 1534 1293 1570 operum
1320 1520 1592 1570 castigatione
1618 1531 1709 1568 par-

102 1588 245 1636 turies,
259 1601 355 1626 cum
367 1600 440 1637 per
452 1586 565 1626 orbis
576 1587 764 1626 vniuersi
775 1587 942 1626 climata
957 1586 1208 1625 bibliothece
1220 1599 1365 1625 omnes
1373 1585 1537 1624 Erasmi
1553 1584 1709 1623 celebre

102 1666 257 1693 nomen
268 1666 487 1704 nunquam
501 1653 863 1692 intermoriturum
877 1652 1070 1700 retinent,
1087 1655 1209 1702 atque
1222 1652 1267 1690 in
1280 1653 1391 1690 astra
1403 1664 1533 1701 vsque
1548 1650 1706 1688 tollent.
1729 1665 1770 1697 50

103 1718 196 1757 Hoc
215 1721 263 1757 tu
281 1718 360 1757 tibi
374 1732 484 1757 vnus
497 1721 620 1769 atque
640 1719 752 1757 solus
772 1720 866 1768 post
881 1718 1036 1756 multos
1055 1717 1146 1755 iure
1166 1717 1347 1768 quodam
1361 1716 1605 1755 memoriale
1623 1728 1710 1765 per-

104 1785 278 1833 petuum
291 1797 378 1822 non
392 1784 545 1823 iniuria
558 1783 809 1832 vendicabis,
827 1783 992 1822 etiamsi
1007 1782 1194 1833 ruperint
1208 1782 1363 1821 aemuli
1381 1784 1428 1820 vt
1446 1781 1517 1820 ilia
1536 1781 1704 1820 Codrus.

105 1849 182 1899 Tu,
196 1848 379 1899 inquam,
395 1851 440 1888 tu
455 1849 705 1888 Germaniae
717 1849 852 1897 decus,
868 1848 1022 1896 oculus,
1040 1847 1113 1897 sol,
1132 1848 1281 1886 ardens
1295 1847 1476 1895 lucerna,
1492 1859 1618 1896 quam
1631 1845 1708 1884 sub

106 1915 246 1953 modio
273 1928 500 1965 prauorum
525 1914 652 1953 etiam
679 1914 838 1953 inuidia
862 1914 899 1952 si
925 1914 1027 1964 poni
1051 1913 1320 1964 contingeret,
1345 1912 1543 1951 occultari
1567 1913 1708 1950 tamen

105 1980 427 2030 haudquaquam
460 1981 628 2030 poteris,
660 1993 790 2030 quum
822 1992 899 2018 nec
927 1979 1116 2029 superbis
1148 1979 1322 2017 herbam
1351 1978 1473 2017 Italis
1501 1976 1708 2027 porrigere
1731 1993 1770 2024 55

107 2058 181 2084 nec
200 2046 391 2095 crispatis
409 2045 571 2097 palmas
592 2046 726 2085 Gallis
746 2046 842 2084 dare
861 2045 1038 2083 noueris.
1082 2044 1226 2083 Velint
1246 2043 1375 2094 igitur
1392 2043 1531 2082 nolint
1550 2042 1707 2081 indocti

107 2110 352 2159 blaterones,
385 2112 534 2160 amusi,
567 2111 716 2159 rabuli,
747 2111 988 2158 nebulones,
1015 2109 1232 2148 bicolorati
1257 2109 1537 2159 theologistae,
1567 2107 1708 2146 laudes

107 2176 274 2216 Erasmi
300 2177 536 2227 praedicare
568 2177 788 2225 debebunt,
824 2176 987 2226 quando
1021 2188 1156 2214 sacras
1183 2175 1401 2225 vtriusque
1430 2173 1711 2212 Instrumenti

108 2242 283 2291 litteras,
301 2255 479 2292 quarum
500 2256 543 2281 se
562 2242 657 2280 ficte
676 2242 816 2292 potius
836 2255 960 2292 quam
980 2254 1076 2281 vere
1096 2240 1350 2291 professores
1369 2241 1619 2287 asseuerant,
1641 2240 1711 2277 tua

109 2321 239 2357 opera,
269 2309 421 2357 studio,
449 2309 598 2356 labore,
620 2308 773 2357 vigilia,
802 2307 981 2359 ingenio,
1013 2307 1162 2346 sudore
1189 2306 1234 2345 in
1260 2307 1473 2356 integrum
1499 2305 1713 2343 restitutas
1731 2309 1773 2341 60

109 2372 317 2422 viderint;
351 2374 460 2424 quod
486 2374 522 2412 si
546 2375 701 2423 minus,
724 2387 799 2412 nec
824 2376 918 2412 tum
947 2373 1116 2423 quidem
1143 2372 1290 2422 dignos
1317 2385 1421 2422 quos
1449 2371 1578 2409 etiam
1602 2371 1713 2408 terra

111 2438 313 2476 sustineat
336 2439 580 2478 iudicauero.
640 2439 866 2478 Discedant
891 2439 1022 2488 igitur
1045 2438 1091 2476 in
1116 2438 1328 2476 infernum
1355 2437 1548 2475 viuentes
1575 2434 1704 2473 omni-

112 2516 314 2553 genarum
343 2517 480 2543 osores
506 2505 750 2552 litterarum,
777 2517 801 2542 a
826 2504 1001 2542 Cerbero
1030 2503 1290 2541 frustulatim
1320 2500 1591 2550 discerpendi,
1616 2512 1711 2549 quo-

113 2568 228 2607 niam
247 2568 364 2618 digni
393 2572 503 2617 sunt,
525 2569 756 2619 abeantque
775 2569 822 2607 in
841 2568 996 2607 malam
1016 2568 1177 2606 horam.

167 2635 249 2674 Sed
269 2635 343 2673 hec
363 2636 491 2673 missa
508 2634 649 2673 velim.
705 2634 758 2671 In
778 2633 995 2683 reliquum,
1019 2646 1094 2682 ego
1114 2632 1223 2682 quod
1244 2630 1478 2681 epistolaris
1497 2628 1711 2679 angustiae
1731 2637 1771 2678 65

156 2732 208 2762 33.
234 2723 369 2760 tuoque
385 2723 474 2752 MS:
500 2730 590 2751 corr.
607 2722 671 2751 LB.
819 2721 873 2758 36.
896 2717 1110 2759 περιφράστης
1124 2720 1238 2754 scripsi
1255 2728 1262 2747 z
1285 2715 1512 2756 παραφράστης
1527 2717 1601 2747 LB:
1626 2713 1711 2755 περί-

112 2773 240 2806 φρασεσ
263 2768 332 2796 MS.
465 2774 518 2804 39.
550 2763 764 2794 monarchas
785 2765 917 2800 scripsi:
949 2762 1159 2792 Hanarchos
1179 2763 1247 2791 MS.
1264 2772 1270 2790 z
1297 2761 1313 2790 ἰ)
1329 2759 1545 2790 nauarchos.
1657 2768 1711 2797 43.

114 2808 343 2850 suppeditare
355 2811 444 2839 Ms.:
469 2809 485 2838 ἰ)
500 2807 742 2847 supplantare.
832 2814 883 2844 45.
911 2806 1018 2836 nauci
1033 2807 1107 2836 LB:
1132 2805 1236 2835 nausi
1247 2805 1318 2834 MS.
1401 2812 1453 2842 49.
1481 2802 1710 2834 climataLB:

114 2853 254 2885 climita
268 2854 335 2883 MS.
425 2851 476 2890 58.
504 2851 649 2890 linguae
664 2852 703 2880 ab
717 2851 906 2880 amanuensi
917 2853 988 2886 post
999 2848 1187 2887 vtriusque
1202 2850 1331 2878 deletum
1346 2849 1470 2877 addidit
1482 2848 1546 2886 LB,
1565 2848 1712 2877 adiuncto

113 2902 140 2929 et
155 2897 211 2936 N„
230 2899 341 2927 scilicet
356 2895 463 2926 Noui.
553 2896 607 2933 63.
634 2902 792 2924 osoreres
808 2895 875 2924 MS.
894 2904 900 2923 :
924 2902 1000 2922 corr.
1021 2894 1086 2923 LB.

158 2995 212 3025 52.
238 2983 390 3025 Codrus]
416 2984 468 3015 Cf.
487 2984 591 3024 Verg.
609 2985 674 3014 Ecl.
693 2992 722 3022 7.
741 2982 791 3012 26.
1039 2980 1106 3011 sub
1122 2979 1259 3019 modio]
1287 2978 1338 3010 Cf.
1358 2978 1459 3009 Matt.
1477 2988 1508 3017 5.
1530 2987 1582 3018 15,
1600 2980 1661 3009 &c.

159 3039 211 3069 53.
238 3028 308 3069 sol]
334 3028 386 3059 Of.
404 3028 467 3068 Ep.
487 3036 561 3067 337.
584 3036 669 3058 1111.
996 3033 1047 3063 57.
1074 3022 1276 3063 bicolorati]
1300 3022 1352 3053 Cf.
1372 3022 1435 3062 Ep.
1454 3032 1529 3061 349.
1549 3030 1590 3061 35
1604 3031 1641 3053 n.
