2010 3464
223 181 276 218 32
686 178 939 218 LETTERS
977 177 1046 216 OF
1083 176 1349 216 ERASMUS
1687 172 1812 228 [1514

225 295 306 326 1517
336 288 387 328 (Β)
415 287 479 317 has
503 295 599 316 some
626 285 736 325 slight
762 285 925 324 changes.
972 284 1018 315 In
1045 282 1216 314 Froben‘s
1242 282 1382 313 edition
1408 282 1446 313 of
1475 282 1599 313 March
1630 292 1714 323 1519
1738 285 1813 315 this

221 331 359 370 preface
385 330 414 360 is
438 328 624 367 removed;
657 329 721 358 but
746 329 775 358 it
800 329 830 358 is
847 337 914 358 one
939 327 977 357 of
1000 327 1101 357 those
1125 325 1299 357 collected
1325 326 1371 365 by
1395 325 1458 357 the
1486 325 1618 357 editors
1638 326 1677 357 of
1700 327 1732 359 N
1760 327 1814 359 for

221 373 401 404 inclusion
417 371 608 410 according
622 373 660 402 to
678 369 856 402 Erasmus’
873 370 964 400 wish
982 369 1040 410 (cf.
1061 379 1086 400 1.
1105 379 1138 409 p.
1156 378 1208 409 39.
1228 367 1362 409 26-8).]

222 459 427 489 ERASMVS
459 458 789 488 ROTERODAMVS
819 456 1057 487 MATTHIAE
1088 455 1345 487 SCHVRERIO
1377 455 1683 487 STLEZESTANO
1712 457 1747 489 S.
1770 458 1813 489 D.

276 540 394 578 BONA
413 552 507 588 pars
527 538 703 576 istorum
723 538 793 588 qui
813 537 1005 576 formulis
1024 537 1232 576 excudunt
1246 537 1385 585 libros,
1410 536 1585 575 Matthia
1605 537 1813 586 Schureri,

221 604 286 642 vel
305 604 468 642 inscitia
486 603 702 641 literarum
720 603 938 653 inopiaque
958 602 1102 641 iudicii
1120 602 1320 652 pessimos
1339 601 1533 641 authores
1550 615 1623 652 pro
1644 602 1817 652 optimis

221 668 462 718 suscipiunt,
484 668 550 706 vel
576 668 774 707 auiditate
794 670 990 718 quaestus
1015 681 1110 706 eum
1130 667 1285 705 librum
1313 666 1521 717 optimum
1544 679 1631 706 esse
1655 667 1813 706 ducunt

221 733 328 772 vnde
348 733 577 783 plurimum
596 733 869 772 emolumenti
887 733 1120 772 rediturum
1139 734 1314 782 sperent.
1375 732 1496 771 Vnde
1517 732 1625 782 quod
1646 733 1818 771 caeteris

186 811 201 841 5
222 799 265 836 in
286 798 407 836 rebus
427 798 510 837 fere
529 797 643 846 solet,
669 798 710 837 id
731 798 776 837 in
796 799 871 837 hac
891 811 1051 848 quoque
1071 799 1156 837 arte
1171 797 1361 836 videmus
1376 810 1455 836 vsu
1470 798 1620 846 venire,
1639 800 1686 836 vt
1704 799 1813 848 quod

164 1137 203 1159 10

165 1788 204 1810 20

165 2112 202 2144 25

221 864 270 902 ad
301 876 510 902 summam
539 863 772 902 studiorum
802 863 1026 902 vtilitatem
1060 862 1115 901 sit
1148 863 1438 913 excogitatum,
1470 862 1514 900 id
1548 863 1813 902 abutentium

222 928 323 967 vitio
344 928 389 966 in
409 941 577 978 grauem
593 930 735 978 vergat
754 928 989 978 perniciem.
1045 928 1134 977 Qua
1153 927 1321 978 quidem
1342 929 1385 966 in
1401 941 1444 966 re
1464 929 1512 966 tu
1531 928 1639 967 mihi
1658 928 1814 979 duplici

223 994 390 1032 nomine
410 993 642 1032 laudandus
661 993 840 1041 videris;
868 993 1053 1043 primum
1073 994 1181 1043 quod
1204 1006 1279 1043 pro
1302 995 1374 1032 tua
1399 1006 1485 1032 non
1504 994 1664 1044 vulgari
1682 993 1815 1033 erudi-

221 1059 334 1098 tione
367 1072 523 1109 proque
560 1059 642 1098 acri
678 1059 830 1097 iudicio
868 1072 915 1098 ea
953 1058 1108 1109 deligas
1146 1072 1248 1109 quae
1279 1060 1330 1098 ad
1364 1072 1505 1098 veram
1539 1059 1814 1099 eruditionem

222 1124 461 1172 conferant;
500 1124 648 1163 deinde
677 1124 786 1174 quod
813 1124 993 1173 ingenuo
1021 1124 1198 1174 quodam
1227 1137 1324 1174 erga
1351 1124 1478 1163 bonas
1506 1123 1650 1164 literas
1677 1137 1815 1164 amore

221 1188 375 1228 nostris
395 1189 547 1228 studiis
566 1189 707 1238 potius
734 1202 858 1239 quam
881 1189 967 1228 tuis
990 1189 1152 1228 scriniis
1172 1189 1381 1228 consulere
1401 1189 1565 1238 gaudes,
1586 1202 1719 1229 vnum
1738 1190 1815 1229 hoc

221 1269 346 1306 agens
365 1258 410 1294 vt
429 1256 557 1294 libros
577 1268 703 1304 quam
723 1255 902 1304 optimos
929 1268 1053 1305 quam
1073 1254 1409 1294 emendatissime
1429 1267 1599 1293 excusos
1617 1254 1661 1293 in
1681 1254 1814 1294 lucem

222 1322 399 1361 emittas.

275 1387 455 1426 Proinde
489 1385 660 1435 Copiam
694 1387 878 1424 nostram
907 1386 957 1424 ad
991 1388 1032 1424 te
1065 1385 1260 1424 misimus
1288 1398 1313 1423 a
1340 1384 1462 1423 nobis
1496 1384 1815 1436 diligentissime

221 1452 474 1501 recognitam
494 1453 534 1489 et
555 1450 838 1496 emaculatam,
858 1452 905 1489 vt
924 1450 1085 1500 pridem
1104 1451 1212 1501 apud
1232 1450 1458 1489 Britannos
1478 1452 1682 1500 concepta,
1704 1450 1811 1500 apud

221 1516 456 1556 Parrhisios
475 1518 686 1566 vtcunque
712 1516 831 1563 edita,
855 1529 966 1554 nune
993 1528 1138 1554 rursus
1156 1515 1271 1555 velut
1299 1515 1469 1555 abiectis
1497 1515 1657 1554 exuuiis
1683 1516 1816 1555 nitida

221 1594 388 1632 prorsus
407 1584 447 1619 et
467 1581 656 1631 expolita,
679 1581 723 1619 in
743 1581 1004 1621 foelicissima
1023 1583 1394 1631 Argentoratorum
1415 1581 1585 1620 ciuitate
1603 1581 1814 1620 foeliciori-

222 1648 297 1685 bus
329 1646 522 1697 auspiciis
549 1648 664 1684 exeat
696 1647 742 1684 in
772 1659 924 1685 manus
957 1646 1188 1685 hominum.
1261 1646 1305 1684 Si
1337 1647 1461 1685 modo
1491 1647 1701 1686 videbitur
1730 1660 1814 1686 non

221 1712 393 1762 indigna
411 1714 483 1750 tue
503 1712 652 1761 praelo,
675 1712 753 1750 erit
773 1712 840 1750 vel
860 1712 911 1750 ob
936 1712 979 1750 id
1004 1712 1143 1762 ipsum
1161 1712 1356 1750 omnibus
1375 1713 1577 1751 bonarum
1599 1712 1814 1751 literarum

221 1776 475 1815 amatoribus
494 1777 832 1825 commendatior,
857 1777 966 1828 quod
986 1790 1007 1815 e
1029 1777 1304 1816 Schureriana
1323 1777 1526 1827 prodierit
1545 1777 1728 1825 officina3
1764 1790 1814 1816 ex

222 1854 301 1891 qua
333 1841 418 1880 iam
450 1855 692 1892 persuasum
731 1845 794 1882 est
831 1843 939 1881 nihil
969 1842 1173 1893 proficisci
1207 1843 1317 1893 quod
1350 1855 1436 1881 non
1469 1842 1524 1880 sit
1554 1844 1596 1881 et
1629 1843 1815 1882 authoris

221 1906 476 1945 elaboratum
515 1908 682 1958 ingenio
719 1910 760 1946 et
798 1910 870 1947 tua
908 1921 1005 1947 cura
1041 1909 1419 1958 castigatissimum.
1495 1908 1737 1947 Adiecimus
1774 1910 1814 1947 et

221 1971 455 2020 Ὁμοιώσεων
478 1972 645 2021 librum,
675 1986 882 2023 nusquam
910 1973 1044 2012 adhuc
1068 1973 1227 2012 editum
1256 1974 1327 2012 sed
1357 1973 1408 2013 ab
1436 1973 1537 2023 ipsis
1565 1973 1673 2024 quod
1698 1973 1815 2012 aiunt

222 2037 391 2075 follibus
410 2037 458 2075 ad
480 2040 520 2076 te
539 2038 780 2088 profectum.

276 2101 599 2141 Lucubrationes
641 2103 849 2153 Rodolphi
888 2103 1118 2153 Agricolae,
1161 2103 1347 2142 hominis
1387 2117 1482 2142 vere
1527 2104 1675 2152 diuini,
1714 2105 1813 2143 iam-

223 2166 382 2206 dudum
414 2169 703 2216 expectamus3
741 2168 857 2207 cuius
889 2181 962 2219 ego
997 2168 1148 2218 scripta
1181 2167 1342 2219 quoties
1375 2168 1479 2217 lego,
1515 2169 1639 2207 toties
1671 2170 1813 2219 pectus

222 2231 326 2270 illud
346 2245 507 2270 sacrum
529 2245 573 2270 ac
594 2232 767 2272 coeleste
787 2246 950 2271 mecum
970 2233 1093 2271 adoro
1113 2234 1234 2283 atque
1253 2233 1477 2272 exosculor.
1540 2233 1654 2272 Bene
1673 2233 1774 2272 vale.

276 2297 471 2335 Basileae.
531 2298 643 2337 Ann.
668 2310 876 2337 11.1>.Χ1111.
900 2297 951 2336 ad
971 2298 1073 2336 Idus
1093 2298 1233 2337 Octob.

712 2455 808 2495 312.
870 2453 933 2495 To
964 2453 1114 2495 PETER
1145 2454 1323 2494 GILLEs.

270 2543 473 2579 Parabolae
492 2543 616 2589 (1514)
634 2543 693 2579 tit.
714 2548 764 2579 v0.
1528 2543 1649 2579 Basle.

270 2603 385 2637 Lond.
405 2601 503 2637 xxix.
528 2612 569 2647 17
586 2615 593 2637 ι
621 2602 693 2636 LB.
713 2602 736 2637 i.
760 2610 834 2647 559.
1424 2609 1464 2646 15
1485 2600 1646 2637 October
1665 2610 1763 2648 1514,

269 2682 356 2722 [The
372 2682 509 2721 preface
525 2683 562 2713 to
578 2682 640 2713 the
657 2684 824 2713 Parabolae
840 2685 905 2712 siue
922 2684 1059 2722 Similia,
1074 2681 1265 2720 published
1281 2681 1371 2712 with
1394 2682 1456 2712 the
1473 2684 1516 2712 De
1528 2684 1621 2720 Copia
1637 2682 1718 2723 (Ep.
1731 2682 1810 2723 311)
1871 2697 1874 2699 ·

224 2726 269 2764 by
292 2726 454 2763 Schiirer,
474 2726 554 2757 Dec.
583 2735 662 2765 1514
688 2726 751 2765 (a).
800 2725 836 2756 It
862 2735 932 2756 was
955 2725 1093 2756 revised
1120 2725 1175 2756 for
1202 2725 1371 2765 Martens,
1399 2726 1481 2756 who
1509 2725 1696 2765 reprinted
1721 2725 1749 2756 it
1774 2727 1811 2756 at

225 2768 383 2799 Louvain
407 2771 444 2799 in
471 2769 565 2800 June
592 2778 673 2809 1515
692 2771 772 2810 (β);
795 2769 839 2800 cf.
855 2770 916 2808 Ep.
935 2771 1010 2809 369.
1026 2779 1093 2808 911.
1142 2769 1297 2800 Schiirer
1319 2769 1395 2799 also
1420 2769 1566 2808 printed
1594 2770 1624 2800 it
1644 2768 1747 2809 again
1771 2770 1810 2799 in

502 2861 565 2883 Trr.
612 2861 800 2883 snmssuno
816 2853 838 2886 β
855 2863 861 2882 :
883 2861 1058 2883 suanno
1075 2854 1114 2883 N.
1256 2862 1287 2891 9.
1313 2851 1441 2892 deligis
1456 2853 1479 2886 β
1490 2854 1529 2882 N.

267 2945 319 2975 25.
345 2938 543 2978 Agricolae]
569 2939 605 2969 It
629 2940 660 2970 is
682 2940 789 2970 much
812 2941 848 2970 to
869 2940 909 2970 be
934 2950 984 2970 re·
1045 2949 1101 2970 see
1135 2939 1238 2970 BRE.
1275 2940 1340 2978 363
1382 2938 1445 2979 Ep.
1483 2948 1556 2977 342.
1593 2947 1656 2976 43;
1695 2937 1806 2969 Lond.

223 2980 360 3020 gretted
378 2980 456 3010 that
472 2980 625 3012 Schiirer
648 2992 755 3013 never
771 2983 907 3014 carried
924 2984 985 3013 out
1045 2984 1093 3014 vi.
1122 2993 1173 3022 24,
1202 2983 1270 3014 LB.
1299 2983 1391 3022 App.
1418 2991 1493 3021 242,
1522 2990 1592 3020 154,
1627 2982 1706 3019 1673
1737 2981 1809 3012 and

223 3024 298 3054 this
319 3022 500 3063 projected
519 3025 761 3063 publication:
788 3026 843 3057 for
865 3026 985 3057 which
1046 3026 1153 3058 ΕΗΒ.
1172 3027 1245 3057 xxi.
1263 3036 1321 3065 pp.
1340 3026 1451 3065 305,6.

1992 3352 1996 3358 v
1991 3180 2001 3345 ——c-w—‚qu-J-
