2010 3417
163 179 262 234 583]
508 181 660 221 FROM
697 182 970 222 BUDAEUS
1007 183 1077 222 ΤΟ
1116 183 1414 223 TUNSTALL
1678 185 1758 222 575

159 293 330 332 veritati
352 292 492 343 potius
520 292 760 338 tribuentes,
780 305 905 343 quam
933 293 1091 332 sensim
1119 295 1159 332 et
1188 293 1270 344 ipsi
1292 307 1510 344 agnoscere
1537 297 1758 345 coeperunt
1779 304 1842 335 5¹0

165 358 347 398 —simul
373 371 468 396 cum
488 360 535 396 tu
554 357 688 396 eiusce
714 357 772 396 rei
791 358 897 396 mihi
916 360 1034 396 autor
1054 359 1112 397 sis
1131 360 1172 397 et
1192 359 1444 408 adhortator,
1467 359 1588 410 idque
1607 359 1759 410 grauis-

167 425 264 464 simi
289 423 459 474 quidam
478 422 558 461 viri
583 436 668 461 non
693 423 888 470 nesciant,
911 423 982 473 qui
1005 424 1224 473 epistolam
1251 426 1367 463 tuam
1395 424 1512 475 quasi
1535 424 1757 464 visendum

162 487 370 537 quoddam
398 485 717 524 mercimonium
745 487 1035 536 exoticumque
1062 487 1333 534 admirantur,
1356 487 1498 536 facere,
1521 489 1569 526 vt
1597 487 1755 537 opinor,

164 565 249 591 non
283 553 425 601 potero
463 551 563 601 quin
601 551 651 589 ad
689 549 849 600 aliquot
884 564 1048 590 menses
1084 551 1130 590 in
1168 552 1209 591 id
1248 551 1475 601 pistrinum
1509 566 1652 592 rursus
1690 566 1758 591 me

162 617 325 661 dedam,
365 616 605 666 aliquidque
646 615 773 666 priori
810 615 1007 655 aeditioni
1043 617 1361 656 annotationum
1403 618 1552 657 addam
1595 618 1836 667 perfun-515

164 682 301 730 ctorie,
333 681 416 719 nisi
445 681 550 719 forte
577 680 708 720 alium
737 693 972 731 comperero
999 682 1271 721 anteuertisse
1299 682 1407 721 mihi
1423 697 1432 731 ;
1473 683 1514 721 id
1546 684 1655 733 quod
1685 683 1757 723 diu

161 746 366 798 exoptaui.

218 812 360 853 Sentio
407 825 473 850 me
520 811 690 850 modum
738 811 934 862 epistolae
971 826 1193 862 superasse,
1234 813 1387 863 quippe
1427 814 1497 864 qui
1535 816 1582 852 τὰ
1619 818 1757 865 προτοῦ

162 878 363 929 πράγματά
390 894 461 926 μου

462 943 530 979 Ἐκ
549 943 621 980 τῶν
640 941 761 980 ποδῶν
781 945 830 982 εἷς
848 942 915 991 τὴν
935 943 1105 992 κεφαλήν
1123 940 1221 995 (σοι)
1239 941 1346 982 πάντ’
1367 945 1471 993 ἔφην,
1778 977 1840 1007 520

161 1033 207 1069 vt
227 1030 366 1080 inquit
386 1029 698 1079 Aristophanes.
759 1029 838 1069 Sed
858 1031 899 1068 te
915 1029 1109 1068 oblectari
1128 1030 1313 1080 epistolis
1325 1031 1429 1070 meis
1449 1031 1602 1080 dixisti,
1621 1033 1662 1070 et
1682 1044 1757 1081 ego

163 1095 315 1134 lubens
335 1097 472 1133 tecum
491 1094 617 1132 verba
635 1094 741 1133 facio
758 1109 768 1142 3
796 1095 836 1133 et
856 1108 983 1144 quum
1003 1097 1049 1133 tu
1067 1109 1136 1134 me
1161 1096 1333 1134 honesto
1360 1096 1488 1135 officio
1508 1097 1754 1146 prouocaris,

161 1161 298 1200 decuit
317 1173 383 1198 me
403 1158 598 1198 nonnihil
617 1159 810 1197 admetiri
828 1159 999 1198 auctarii
1018 1161 1197 1209 nomine,
1215 1163 1261 1199 vt
1281 1160 1484 1200 debitores
1502 1160 1757 1200 liberaliores

163 1227 345 1265 faciunt:
394 1238 467 1263 nec
506 1238 603 1263 vero
642 1225 817 1263 totidem
855 1225 993 1264 verbis
1030 1226 1251 1275 rependere
1299 1226 1409 1264 vices
1452 1229 1538 1265 tam
1575 1227 1756 1276 eleganti

162 1294 333 1341 tamque
354 1291 557 1340 benignae
578 1289 772 1339 epistolae
791 1290 1032 1339 potuissem.
1090 1291 1276 1341 Denique
1295 1291 1370 1329 hac
1390 1291 1563 1341 epistola
1581 1291 1753 1330 alteram
1772 1300 1836 1332 525

162 1370 186 1395 a
216 1359 257 1395 te
289 1355 481 1406 paciscor,
513 1357 635 1404 atque
673 1354 798 1393 etiam
835 1355 936 1394 alias
977 1355 1142 1402 multas,
1179 1369 1274 1394 cum
1317 1370 1389 1406 per
1427 1356 1563 1395 ocium
1600 1356 1753 1405 licebit,

163 1421 369 1472 siquidem
396 1420 541 1459 eodem
570 1420 640 1459 filo
669 1433 737 1458 eas
763 1422 1029 1459 contextui-us
1052 1433 1107 1459 es.
1168 1422 1362 1460 Sanctius
1386 1424 1527 1461 autem
1553 1421 1755 1460 scrinium

163 1499 306 1526 meum
326 1485 410 1524 tuis
429 1487 470 1524 et
489 1485 665 1534 Erasmi,
687 1487 735 1525 vt
755 1499 883 1535 spero,
906 1485 1040 1524 literis
1068 1486 1282 1535 dicabitur,
1303 1486 1542 1536 habeboque
1560 1487 1755 1537 epistolas

161 1554 322 1591 vestras
360 1550 405 1589 in
445 1550 608 1598 delitiis,
649 1550 781 1589 veluti
818 1552 992 1589 tesseras
1035 1551 1233 1600 quasdam
1278 1552 1484 1590 amicitiae
1522 1566 1618 1591 cum
1654 1552 1757 1591 viris

162 1616 342 1656 summis
367 1615 582 1654 literarum
609 1616 968 1654 commendatione
986 1618 1218 1655 contractae
1238 1616 1588 1668 honestorumque
1612 1618 1756 1657 officio·
1773 1628 1836 1660 530

163 1696 260 1721 rum
287 1680 575 1720 vicissitudine
608 1679 742 1719 cultae
758 1696 767 1728 ;
805 1693 906 1730 quas
934 1681 1247 1731 praecipuorum
1276 1681 1504 1731 legatorum
1533 1682 1677 1729 instar,
1710 1685 1757 1722 vt

164 1760 294 1798 spero,
319 1745 563 1784 charissimo
592 1745 738 1795 cuique
766 1745 991 1784 liberorum
1021 1759 1207 1785 meorum
1236 1747 1482 1797 relinquam.

218 1809 332 1856 Vale,
355 1807 529 1846 Parisiis
553 1820 612 1854 14.
645 1807 846 1846 Calendas
868 1807 1023 1847 Iunias.

216 1874 391 1912 Τουτοισὶ
415 1876 490 1913 τοῖς
512 1874 730 1925 γράμμασιν
750 1873 830 1911 οἶδα
851 1875 919 1923 μὲν
938 1875 1138 1926 πράγματά
1158 1892 1221 1912 σοι
1240 1875 1415 1925 παρέξων,
1435 1879 1510 1916 τοῖς
1537 1875 1756 1926 ἀκαθάρτοις

161 1957 201 1978 τε
224 1940 283 1977 καὶ
303 1942 420 1979 κακῶς
444 1939 721 1991 γεγραμμένοις.
772 1942 880 1977 Δοκῶ
900 1938 941 1976 δέ
961 1957 1025 1988 μοι
1044 1939 1180 1980 δίκαιος
1207 1939 1296 1978 εἶναι
1315 1942 1538 1992 συγγνώμης
1560 1942 1660 1991 παρά
1684 1959 1754 1980 σου
1772 1954 1835 1986 535

162 2006 357 2057 τυγχάνειν
393 2003 508 2052 τῆσδε
544 2005 609 2052 τῆς
647 2004 834 2053 ἁμαρτίας,
873 2004 966 2056 ὅσγε
1009 2005 1081 2042 ὑπὸ
1124 2007 1190 2043 τοῦ
1226 2005 1332 2044 πάντ’
1370 2007 1523 2055 ἀρίστου
1561 2005 1755 2056 Ἐράσμου

161 2069 405 2122 συγγνωστὸς
434 2069 526 2107 εἶναί
551 2067 635 2107 ποτ’
663 2068 833 2118 ἠξιώθην·
873 2071 915 2107 οὐ
943 2070 1015 2121 γὰρ
1043 2069 1088 2108 ἂν
1117 2070 1218 2120 οἶμαι
1247 2071 1313 2108 ἴσα
1342 2072 1401 2109 καὶ
1431 2073 1564 2112 ἐκεῖνος
1593 2072 1754 2121 ἐπιεικής

160 2152 201 2173 τε
231 2135 291 2173 καὶ
319 2134 512 2186 εὐγνώμων
541 2133 631 2172 εἶναι
659 2134 708 2171 σὺ
736 2133 861 2180 δοκῶν,
892 2133 1003 2183 ἧττον
1035 2136 1146 2173 αὐτοῦ
1174 2136 1474 2187 συγγνωμονικὸς
1507 2136 1626 2174 δοκεῖν
1663 2137 1755 2176 εἶναι

161 2201 373 2250 ὑπομείναις
402 2200 456 2237 ἅν.
506 2197 679 2249 ’Έρρωσο
707 2199 831 2247 πάλιν,
863 2199 889 2236 ὦ
917 2200 1098 2238 πλείστου
1128 2201 1205 2246 ἄξιε
1232 2203 1279 2251 τῇ
1306 2201 1462 2250 πατρίδι,
1486 2201 1545 2239 καὶ
1573 2203 1756 2251 πρόσειπέ

159 2283 225 2315 μοι
244 2266 308 2303 τὸν
329 2265 450 2303 κοινὸν
469 2265 572 2314 ἡμῶν
592 2265 717 2312 φίλον,
738 2265 801 2302 τὸν
821 2264 975 2315 ἔναγχος
995 2265 1067 2302 ἀπὸ
1087 2267 1152 2314 τῆς
1175 2267 1394 2315 Βρεταννίας
1414 2268 1649 2316 ἀφικόμενον.
1772 2279 1836 2310 540

206 2395 280 2423 510.
307 2384 428 2424 potius
444 2387 517 2414 add.
532 2384 565 2417 β.
700 2392 773 2421 511.
798 2383 906 2413 simul
922 2386 950 2413 D
965 2394 971 2414 :
995 2383 1085 2414 Tum
1103 2385 1135 2423 (ἱ)
1146 2383 1241 2424 cum)
1259 2385 1370 2424 igitur
1384 2385 1427 2415 ab
1445 2385 1518 2415 illis
1535 2385 1749 2417 consultatio

162 2429 255 2459 mihi
272 2428 411 2466 integra
424 2436 496 2457 non
513 2428 561 2457 sit
577 2427 610 2460 β.
687 2427 760 2464 518.
780 2427 912 2466 quippe
925 2451 932 2458 .
946 2450 954 2458 .
971 2450 979 2458 .
998 2436 1072 2465 521.
1091 2427 1352 2468 Aristophanes
1367 2431 1440 2459 add.
1457 2430 1490 2462 β.
1574 2438 1648 2467 524.
1667 2439 1751 2460 vero

164 2474 236 2502 add.
257 2472 290 2505 β.
458 2470 532 2509 528.
557 2471 597 2500 vt
613 2479 713 2507 spero
730 2471 803 2501 add.
822 2471 855 2504 β.
1021 2479 1094 2510 532.
1120 2471 1324 2510 relinquam
1340 2474 1368 2501 D
1382 2483 1389 2502 :
1413 2471 1606 2502 relicturus
1621 2482 1700 2504 sum
1715 2475 1750 2508 β.

162 2525 237 2554 534.
261 2512 442 2553 ἀκαθάρτως
456 2515 489 2547 β.
621 2522 693 2551 537.
720 2512 790 2543 ποτ’
807 2515 881 2544 add.
898 2514 932 2547 β.
1049 2514 1122 2553 538.
1149 2513 1189 2544 σὺ
1206 2517 1281 2546 add.
1297 2516 1330 2549 β.
1469 2524 1543 2554 539.
1567 2513 1606 2545 ἅν
1624 2518 1697 2548 add.
1712 2517 1748 2551 β.

163 2569 239 2598 540.
265 2557 337 2589 τοὺς
352 2555 472 2587 κοινοὺς
486 2555 574 2595 ἡμῶν
590 2554 703 2596 φίλους
718 2557 751 2590 β.
841 2555 898 2587 τὸν
914 2555 1054 2597 ἔναγχος
1070 2581 1078 2589 .
1099 2581 1108 2590 .
1127 2581 1135 2589 .
1152 2556 1344 2598 ἀφικόμενον
1360 2569 1419 2590 om.
1435 2559 1469 2592 β.

207 2686 281 2716 521.
306 2673 582 2715 Aristophanes]
606 2676 654 2706 Pl.
673 2675 746 2714 649,
765 2675 840 2714 651.
1028 2685 1103 2714 540.
1127 2673 1239 2716 φίλον]
1264 2675 1405 2716 Clearly
1422 2675 1601 2707 Erasmus.
