2010 3417
128 191 224 246 582]
662 195 818 233 FROM
856 195 1027 235 LOU1s
1065 195 1178 234 BER
1638 199 1716 235 559

125 304 256 353 possit
292 316 361 342 me
388 304 651 353 oblectantes,
682 305 727 343 in
757 318 824 344 me
858 307 1119 345 concitarunt
1152 305 1399 345 incredibile
1426 308 1468 345 et
1500 306 1724 357 impatiens

125 368 391 419 desyderium
410 369 498 418 tui;
531 371 579 409 vt
608 369 681 420 qui
710 371 761 418 te,
784 370 923 409 virum
950 371 994 409 in
1027 370 1150 409 bonis
1179 371 1333 410 litteris
1351 371 1720 420 absolutissimum,

124 437 426 485 praeceptorem
457 448 608 484 meum,
641 438 912 486 praesentem,
947 437 1052 486 proh
1086 437 1227 486 pudor,
1251 437 1393 476 minus
1423 437 1539 485 colui,
1563 437 1645 476 iam
1674 451 1722 476 ex

123 500 209 538 imo
233 500 411 549 pectoris
429 500 643 540 absentem
676 501 958 551 ingemiscam.
1020 501 1074 540 In
1105 516 1184 552 quo
1210 504 1351 541 tamen
1374 516 1467 541 meo
1490 502 1721 542 infortunio

124 565 232 614 (vere
247 566 455 605 amiciciae
469 566 629 604 ratione
648 565 804 615 habita)
826 579 911 605 non
931 580 1080 616 parum
1096 567 1284 606 consolor
1302 567 1413 606 felici
1432 570 1503 606 tuo
1518 580 1717 616 successu,

124 630 196 680 qui
215 631 410 670 maximis
435 631 634 681 pollicitis
651 631 845 670 innitaris
864 645 888 670 a
907 645 1000 682 rege
1030 632 1294 681 Francorum,
1318 646 1343 671 a
1366 632 1561 683 plurimis
1591 634 1722 684 ponti-

124 695 280 742 ficibus,
312 708 336 734 a
364 696 575 735 Cardinali
609 696 817 744 Toletano,
850 696 901 735 ab
934 697 1085 747 Anglis
1119 700 1160 736 et
1189 698 1281 736 aliis
1312 698 1579 748 principibus.
1643 699 1720 738 Sed

124 761 284 799 vtinam
322 760 406 798 illis
437 761 632 800 omnibus
662 761 818 800 relictis
854 763 992 811 (modo
1020 763 1061 800 id
1092 764 1163 801 tuo
1196 762 1411 801 commodo
1441 763 1527 813 fiat)
1565 764 1615 802 ad
1647 777 1723 803 1105

125 825 332 864 Basileam
349 827 569 865 1000113115
584 829 593 866 2
613 826 685 865 vbi
703 827 800 866 licet
817 841 901 866 non
917 827 1018 866 satis
1038 828 1165 877 digna
1183 841 1257 878 pro
1272 828 1434 867 meritis
1454 829 1537 867 tuis
1556 829 1722 868 fortuna

124 890 210 929 iam
238 891 443 940 offeratur,
468 905 552 930 non
583 892 711 931 deerit
739 894 894 941 tamen,
916 895 963 931 vt
995 893 1082 942 ipse
1117 894 1238 941 nosti,
1270 907 1345 943 pro
1378 895 1473 932 tuae
1505 894 1722 944 dignitatis

123 957 234 995 statu
255 955 440 994 condicio
469 957 514 995 in
547 956 636 995 loco
661 957 820 996 salubri
848 960 889 996 et
916 958 1212 997 amoenissimo
1240 959 1423 1006 honesta,
1446 960 1546 1006 tuta,
1568 972 1718 1007 5001113,

123 1021 274 1071 quieta,
304 1021 520 1069 letissima,
553 1022 719 1072 qualem
748 1023 890 1062 Musae
920 1023 1197 1073 maximopere
1226 1025 1433 1073 exoptant.
1493 1024 1627 1063 Tanto
1658 1026 1721 1062 tui

122 1086 337 1136 desyderio
374 1087 552 1125 afficitur
598 1088 778 1126 Ioannes
827 1087 1067 1135 Frobenius,
1106 1089 1253 1138 hospes
1303 1090 1410 1137 tuus,
1452 1090 1516 1128 vir
1558 1102 1722 1128 summa

121 1151 369 1202 integritate,
391 1153 438 1190 vt
466 1152 726 1202 frequentius
751 1153 801 1191 ad
830 1166 898 1191 me
929 1153 1080 1192 dixerit
1108 1167 1152 1192 se
1177 1154 1229 1192 ad
1259 1154 1392 1192 vitam
1419 1167 1538 1192 suam
1566 1154 1647 1193 tibi
1677 1155 1720 1193 in

121 1230 252 1256 annos
269 1217 458 1267 singulos
488 1219 683 1256 daturum
704 1220 874 1256 centum
893 1231 1051 1267 aureos,
1074 1219 1110 1257 si
1140 1219 1222 1258 huc
1244 1219 1467 1258 reuertaris
1484 1220 1593 1270 apud
1624 1234 1720 1259 eum

122 1295 354 1321 mansurus.
401 1282 456 1321 Et
477 1283 587 1332 quod
607 1283 656 1321 ad
677 1296 744 1321 me
758 1283 920 1331 attinet,
937 1297 1103 1322 omnem
1120 1297 1255 1323 meam
1275 1284 1487 1323 fortunam
1507 1286 1721 1335 quantula-

121 1360 282 1398 cunque
311 1350 373 1386 est
403 1349 444 1386 et
471 1348 680 1398 meipsum
713 1350 808 1387 tuae
839 1348 1102 1387 excellentiae
1134 1349 1275 1397 offero,
1305 1349 1485 1388 deuoueo
1516 1364 1561 1389 ac
1600 1352 1715 1390 dedo.

122 1412 259 1451 Erunt
286 1415 327 1451 et
355 1412 428 1451 alii
462 1413 534 1462 qui
567 1413 701 1452 multa
733 1415 774 1451 te
803 1416 844 1452 et
881 1413 1172 1452 beneuolentia
1205 1417 1247 1452 et
1283 1414 1554 1454 beneficentia
1589 1430 1721 1466 prose—
1742 1439 1755 1458 ,ι

120 1480 302 1528 quantur
319 1492 327 1525 ;
357 1479 403 1516 vt
423 1477 531 1516 nihil
543 1478 612 1516 hic
634 1477 876 1516 defuturum
897 1491 1056 1528 sperem
1078 1479 1185 1528 quod
1205 1480 1254 1517 ad
1274 1479 1508 1518 litterarum
1523 1481 1661 1520 studia
1680 1485 1720 1520 et

120 1543 253 1582 vitam
282 1543 326 1581 in
355 1544 530 1593 vtroque
562 1543 734 1581 homine
767 1543 929 1582 beatam
962 1543 1020 1582 sis
1054 1544 1380 1595 desyderaturus.
1453 1545 1564 1584 Tuae
1595 1546 1720 1596 igitur

119 1608 248 1647 fuerit
267 1608 542 1647 humanitatis
557 1610 604 1647 vt
625 1608 745 1647 nobis
763 1609 933 1647 tandem
954 1609 1162 1659 significes
1182 1623 1235 1648 an
1257 1610 1305 1648 de
1326 1611 1398 1648 tuo
1418 1610 1468 1649 ad
1488 1623 1566 1650 nos
1584 1613 1718 1651 reditu

121 1674 213 1725 spei
235 1673 449 1724 quippiam
469 1673 526 1712 sit
546 1673 755 1723 reliquum
772 1687 781 1720 3
815 1676 857 1712 et
876 1674 912 1712 si
931 1688 1011 1724 qua
1031 1674 1075 1712 in
1095 1687 1138 1713 re
1157 1676 1251 1713 tuae
1272 1675 1545 1714 dominationi
1563 1677 1718 1726 gratifi-

122 1739 206 1778 cari
222 1739 395 1789 possim,
418 1738 544 1777 modo
564 1739 605 1777 id
625 1739 840 1786 resciuero,
865 1739 1021 1777 factum
1041 1741 1150 1789 puta.

175 1804 291 1853 Quod
310 1805 452 1841 autem
472 1802 523 1842 ad
544 1803 791 1842 Germaniae
811 1804 1033 1852 superioris
1048 1807 1206 1842 statum
1220 1805 1381 1852 attinet,
1398 1805 1497 1843 belli
1516 1807 1718 1855 grauioris

120 1868 375 1919 principium
394 1868 546 1906 exoriri
566 1868 731 1906 videtur
750 1868 860 1906 inter
878 1868 1144 1907 Franciscum
1164 1869 1213 1907 de
1234 1869 1489 1920 Sickinghen
1509 1872 1716 1920 quendam

122 1937 164 1973 et
183 1934 371 1973 ciuitates
390 1932 637 1982 imperiales,
656 1933 739 1971 nisi
759 1934 944 1972 Caesaris
959 1933 1200 1972 interuentu
1212 1947 1276 1972 res
1289 1935 1484 1984 sopiatur.
1526 1936 1716 1975 Ceterum

121 2012 273 2049 magna
292 2000 334 2037 et
351 1998 491 2048 grauis
509 1999 618 2048 apud
638 2011 714 2036 nos
733 2001 796 2037 est
815 1998 915 2047 vini,
938 1998 1141 2037 frumenti
1162 2000 1204 2037 et
1228 1999 1415 2038 omnium
1434 2014 1559 2051 prope
1578 2015 1716 2041 rerum

121 2065 171 2104 ad
190 2064 349 2104 victum
377 2063 611 2102 humanum
631 2063 903 2102 attinentium
927 2063 1086 2110 caritas,
1109 2066 1151 2102 et
1172 2065 1237 2114 (ad
1266 2064 1488 2103 hominum
1507 2066 1717 2106 maliciam

121 2128 444 2180 reprimendam)
474 2128 596 2178 longe
615 2128 747 2167 adhuc
770 2128 903 2167 maior
929 2129 1150 2167 imminere
1170 2129 1335 2168 videtur
1355 2143 1451 2169 cum
1473 2131 1554 2171 alio
1579 2133 1717 2171 multi-

121 2195 218 2245 plici
236 2194 380 2234 diuino
398 2193 572 2244 flagello,
594 2193 675 2232 nisi
702 2194 831 2232 oculis
850 2194 1132 2233 misericordie
1158 2208 1235 2233 nos
1261 2195 1450 2245 respiciat
1480 2197 1594 2236 Deus
1620 2199 1713 2248 Opt.

165 2293 195 2321 4.
211 2282 275 2321 qui
290 2283 399 2355 sczizgi
412 2292 421 2311 ι
444 2286 513 2320 que
528 2283 596 2312 MS.
706 2291 741 2320 9.
765 2281 938 2312 Toletano
953 2284 1006 2312 LB
1022 2293 1030 2311 τ
1052 2281 1222 2313 Tolesano
1237 2284 1304 2313 MS.
1413 2294 1465 2315 20.
1492 2287 1716 2325 1150903111οι-

123 2329 191 2357 MS.
206 2337 215 2355 ε
238 2335 310 2355 corr.
382 2347 390 2355 .

165 2407 196 2436 9.
221 2394 403 2435 Toletano]
427 2395 616 2433 Ximene&
646 2405 704 2426 see
726 2395 789 2435 Ep.
811 2406 886 2435 541.
955 2395 1162 2436 Ebernburg
1207 2397 1314 2428 above
1353 2397 1595 2437 Kreuznach;
1644 2401 1716 2430 and

122 2450 163 2479 37
186 2449 222 2470 11.
245 2439 314 2470 LB.
339 2440 430 2479 App.
457 2448 517 2477 241
538 2438 590 2479 (c.
610 2422 652 2469 y10
675 2439 763 2478 July
786 2438 889 2481 1517)
953 2439 1089 2471 Luther
1118 2440 1305 2471 dedicated
1332 2443 1368 2471 to
1394 2441 1472 2471 him
1503 2451 1524 2472 a
1549 2442 1639 2473 book
1670 2453 1715 2474 on

125 2484 242 2514 shows
283 2482 363 2513 that
404 2483 450 2513 he
490 2482 562 2512 had
609 2483 749 2513 invited
788 2482 890 2513 Eras-
952 2483 1149 2514 confession
1197 2484 1280 2523 (LE.
1328 2484 1419 2523 323).
1490 2484 1714 2517 Maximilian

124 2536 205 2557 mus
234 2524 373 2564 before3
411 2525 454 2556 cf.
487 2525 560 2556 also
595 2525 665 2556 LB.
692 2525 783 2565 App.
818 2527 887 2564 164.
952 2527 1098 2557 courted
1115 2526 1173 2557 his
1189 2529 1337 2567 support
1359 2527 1430 2558 and
1452 2528 1597 2559 Charles
1614 2529 1716 2560 made

125 2571 184 2602 Dr.
214 2569 245 2601 Ι.
275 2569 436 2608 Bernays
462 2568 501 2599 of
524 2569 712 2608 Strasburg
738 2570 888 2600 informs
951 2569 1027 2600 him
1055 2580 1101 2600 an
1129 2570 1300 2610 Imperial
1328 2571 1542 2611 Councillor,
1571 2582 1612 2611 25
1639 2573 1713 2604 001.

124 2623 180 2644 1110
201 2612 281 2643 that
302 2612 347 2642 he
369 2612 434 2643 has
450 2621 532 2642 seen
554 2613 592 2642 in
610 2612 792 2642 Ximenes’
815 2623 888 2644 cor·
953 2622 1045 2652 1519.
1093 2613 1165 2643 But
1193 2623 1238 2644 an
1266 2614 1383 2645 attack
1411 2624 1457 2645 on
1485 2614 1611 2646 Treves
1637 2626 1715 2656 pro-

124 2655 362 2696 respondence
396 2655 528 2696 (either
562 2658 598 2686 at
629 2655 812 2686 Simancas
849 2666 888 2687 or
951 2657 1064 2687 duced
1108 2667 1128 2688 a
1165 2657 1335 2688 coalition
1373 2657 1412 2688 of
1449 2658 1507 2688 his
1548 2659 1713 2699 enemies,

125 2698 278 2737 Madrid)
310 2708 331 2729 a
362 2698 469 2730 letter
500 2699 591 2729 from
629 2708 725 2730 some
760 2699 888 2740 bishop
949 2699 1069 2730 which
1094 2700 1152 2730 led
1176 2703 1213 2730 to
1239 2700 1297 2731 his
1324 2701 1434 2731 death
1458 2701 1498 2732 in
1522 2701 1580 2732 his
1607 2703 1715 2734 eastle

124 2742 328 2783 suggesting
363 2744 398 2772 to
433 2742 495 2772 the
532 2741 701 2772 Cardinal
730 2742 810 2773 that
840 2743 887 2773 he
949 2745 985 2774 at
1010 2743 1211 2774 Landstuhl
1234 2753 1320 2774 near
1344 2744 1605 2777 Zweibriicken.

123 2785 251 2818 should
272 2785 388 2816 invite
409 2785 578 2816 Erasmus
599 2786 635 2815 to
658 2786 778 2825 Spain.
992 2787 1047 2817 011
1065 2796 1106 2825 25
1124 2786 1246 2818 March
1266 2797 1346 2826 1517
1363 2788 1408 2818 he
1430 2787 1501 2819 had
1517 2789 1715 2828 plundered

167 2839 219 2868 27.
237 2828 474 2869 Sickinghen]
493 2829 528 2868 (2
537 2828 623 2859 Mar.
635 2830 791 2867 1481—-7
805 2829 887 2868 May
950 2839 1036 2860 near
1058 2829 1173 2860 Mainz
1195 2841 1214 2861 a
1230 2832 1328 2861 train
1349 2831 1387 2861 of
1402 2831 1608 2863 merchants
1623 2833 1714 2864 from

127 2873 234 2912 1523),
254 2871 317 2902 the
338 2871 552 2911 marauding
573 2872 727 2902 German
744 2872 884 2912 knight,
949 2873 981 2904 S.
1016 2873 1218 2912 Germany;
1263 2874 1335 2904 and
1373 2874 1628 2915 subsequently
1665 2879 1715 2908 at-

124 2917 205 2947 who
231 2925 304 2946 was
330 2915 577 2946 nevertheless
603 2915 774 2955 regarded
800 2926 838 2946 as
867 2927 886 2947 a
948 2915 1074 2946 tacked
1094 2916 1253 2956 Landau,
1273 2917 1392 2948 where
1414 2928 1460 2948 an
1483 2918 1605 2958 Upper
1625 2920 1712 2951 Rhe-

125 2959 315 2998 champion
347 2958 384 2989 of
407 2958 539 2998 liberty
566 2958 637 2989 and
665 2958 807 2990 Church
834 2969 886 2990 10-
949 2959 1032 2990 111511
1076 2959 1305 2999 confederaey
1342 2960 1484 3002 against
1524 2962 1602 2993 him
1641 2963 1713 2994 had

124 3004 226 3034 form.
258 3002 315 3033 He
328 3011 400 3032 was
415 3011 435 3032 3
451 3001 623 3032 defender
639 3002 676 3032 of
689 3002 885 3040 Renchlin3
947 3002 1131 3042 gathered.
1179 3003 1241 3034 See
1265 3004 1372 3035 ADB.
1398 3004 1468 3035 and
1493 3005 1638 3038 NAKG.
1662 3008 1713 3038 iii.

125 3046 195 3077 and
223 3045 261 3077 of
284 3045 437 3085 Hutten,
464 3046 503 3076 in
530 3046 588 3076 his
616 3045 724 3076 castle
752 3055 797 3076 on
824 3046 885 3076 the
953 3055 1046 3085 1905,
1064 3055 1122 3086 pp.
1140 3056 1236 3086 93—5.

1744 784 1782 805 10

1737 2091 1777 2119 30
