2010 3417
80 171 176 226 405]
596 172 667 212 'ro
705 171 979 211 FRIDOLIN
1017 169 1153 209 EGLI
1591 162 1671 202 235

121 272 155 304 A
176 272 310 313 precise
333 272 415 303 date
437 271 492 302 for
512 271 599 302 such
622 282 642 302 a
664 272 748 302 note
770 271 802 301 is
823 268 1053 309 impossible3
1080 268 1145 298 but
1166 267 1195 297 it
1218 274 1301 305 may
1317 274 1414 296 come
1436 264 1472 294 at
1493 272 1566 303 any
1581 262 1672 293 time

79 316 212 356 during
228 316 337 356 Egli’s
352 316 530 356 pupillage
547 315 637 346 with
655 314 865 352 Glareanus,
881 312 1083 352 preferably
1100 310 1229 349 during
1247 309 1308 339 the
1324 307 1445 348 period
1460 307 1568 337 when
1583 305 1671 336 both

81 360 170 399 they
192 359 265 390 and
289 359 458 390 Erasmus
480 368 572 389 were
600 360 636 389 at
661 358 774 389 Basle.
825 357 843 387 1
867 356 966 396 place
989 357 1019 386 it
1045 352 1303 393 conjecturally
1325 351 1416 382 with
1442 351 1506 390 Ep.
1531 359 1606 389 404,
1632 349 1672 378 in

81 403 201 435 which
218 404 386 434 Erasmus
402 411 549 443 appears
564 411 602 433 as
618 402 768 441 writing
787 410 805 431 a
823 400 930 431 letter
945 400 982 430 at
997 395 1204 430 Glareanus’
1220 393 1456 436 suggestion]

540 500 746 531 ERASMVS
778 498 1027 529 FRIDOLINO
1058 497 1140 528 SVO
1172 496 1205 527 S.

135 571 355 620 Φθείρουσιν
382 572 456 621 ἤθη
483 570 619 622 χρήσθ’
646 571 787 620 ὁμιλίαι
818 570 935 607 κακαί.
993 569 1056 606 Tu
1087 579 1195 613 vero,
1229 565 1288 603 nli
1318 563 1539 610 Hil'udaee,
1570 561 1606 600 Si
1630 561 1676 599 in

82 635 202 675 bonis
231 636 384 675 fabulis
411 636 514 675 bene
543 636 783 683 versaberis,
816 648 901 672 non
934 633 1058 672 modo
1093 645 1178 670 non
1214 628 1500 678 corrumperis,
1529 639 1676 665 verum

82 700 209 739 etiam
243 714 293 740 ex
327 702 435 740 bono
469 702 617 740 melior
644 700 818 746 euades;
856 698 1047 748 precipue
1079 695 1262 735 Henrico
1295 694 1499 733 Glareano
1536 703 1676 729 rerum

84 765 338 815 optimarum
358 766 515 816 optimo
535 767 769 815 interprete.
828 764 944 802 Bene
962 763 1065 802 vale.

521 923 618 964 406.
681 921 812 962 FROM
843 920 1031 961 ULRICH
1062 917 1239 958 ZAsms.

133 1010 301 1057 Epistole
319 1013 366 1048 ad
383 1012 581 1048 Erasmum
598 1013 643 1047 f0.
661 1012 686 1047 h
704 1016 753 1047 v0.
1411 1004 1605 1049 Freiburg·

133 1069 185 1105 02.
205 1082 239 1115 p.
260 1081 348 1116 253:
376 1070 412 1106 F.
435 1083 470 1116 p.
489 1081 557 1116 92:
585 1071 677 1106 HN:
706 1070 823 1105 Lond.
841 1069 881 1104 ii.
903 1079 962 1111 14:
993 1067 1066 1102 LB.
1086 1076 1165 1111 213.
1383 1074 1405 1108 9
1423 1063 1512 1108 May
1531 1061 1632 1107 1516.

85 1150 234 1224 ¹:h[1{-16
258 1152 293 1236 isl
315 1152 377 1182 the
401 1153 488 1192 only
511 1152 695 1192 year-date
719 1150 884 1191 possible,
904 1150 958 1180 for
974 1149 1013 1179 in
1033 1157 1115 1188 1515
1131 1147 1300 1178 Erasmus
1316 1154 1389 1176 was
1405 1145 1443 1175 in
1461 1141 1627 1183 England
1642 1143 1681 1172 at

131 1203 162 1225 is
194 1203 275 1226 ime.

87 1291 381 1324 VDALRICHVS
403 1294 571 1335 ZASIVS,
593 1293 811 1325 PVBLICVS
836 1293 958 1323 APVD
984 1286 1249 1322 FRIBVRGVM
1275 1288 1399 1320 IVRIS
1419 1286 1683 1327 PROFESSOR,

594 1364 774 1395 ERASMO
803 1362 1112 1394 ROTERODAMO
1144 1362 1177 1392 S·

141 1443 290 1493 Vnmo,
315 1458 466 1496 magne
495 1446 628 1495 heros,
657 1444 946 1495 splendissime
965 1444 1041 1492 vir,
1063 1456 1144 1493 quo
1172 1441 1330 1489 tendas,
1352 1440 1423 1491 qui
1451 1437 1686 1478 inhumani·

88 1509 188 1548 tatis
224 1510 364 1549 nescio
396 1525 520 1562 quam
558 1512 788 1551 labeculam
824 1510 870 1549 in
907 1511 948 1548 te
984 1522 1158 1560 purgare
1194 1507 1342 1557 pergis.
1411 1506 1500 1553 Cui,
1536 1516 1687 1553 magne

88 1573 269 1625 Erasme,
300 1577 564 1627 persuaderes
594 1577 731 1627 aliqua
761 1579 803 1615 te
833 1589 980 1626 parum
1013 1573 1168 1613 seruati
1195 1572 1317 1611 officii
1346 1574 1444 1611 nota
1471 1570 1688 1609 laborare?

89 1640 171 1690 qui,
202 1641 238 1679 si
268 1641 489 1692 quisquam
518 1643 564 1681 in
593 1643 700 1690 orbe,
731 1644 780 1681 tu
808 1654 917 1680 vnus
944 1641 1013 1680 vel
1042 1638 1232 1679 omnium
1259 1651 1361 1688 quae
1390 1637 1546 1686 optima
1573 1636 1685 1682 sunt,

90 1705 245 1744 nedum
274 1706 554 1746 humanitatis
580 1708 776 1758 egregiae,
808 1708 965 1746 honore
992 1719 1087 1756 prae
1120 1704 1290 1743 caeteris
1318 1701 1553 1741 decoraris?
1609 1699 1687 1739 Sed
1707 1714 1724 1746 5

91 1770 282 1821 colligere
295 1772 438 1811 videor
452 1773 550 1823 quid
571 1773 645 1812 hac
660 1776 748 1811 tam
764 1773 941 1811 officiosa
958 1771 1220 1810 excusatione
1239 1769 1365 1807 ductu
1379 1768 1495 1806 velut
1513 1766 1690 1816 figurato

91 1837 323 1885 pei-tendas.
382 1838 472 1876 Mea
500 1839 613 1877 enim
641 1838 925 1876 inhumanitas
952 1835 1201 1887 percellitur,
1234 1834 1339 1872 mihi
1367 1833 1456 1871 dica
1483 1831 1687 1876 scribitur,

94 1902 164 1950 qui
183 1903 246 1940 tot
264 1902 348 1941 iam
367 1905 552 1953 tempora
572 1905 612 1942 te
632 1903 820 1942 cominus
837 1903 1024 1941 vicinum
1043 1913 1260 1950 nunquam
1279 1898 1464 1945 adierim,
1489 1899 1530 1935 te
1549 1896 1691 1935 virum

95 1965 141 2004 in
169 1965 304 2005 literis
331 1968 563 2018 principem
591 1982 677 2007 non
705 1968 980 2007 conuenerim.
1041 1967 1097 2005 Et
1124 1967 1232 2004 esset
1260 1977 1359 2003 sane
1386 1976 1433 2002 ea
1457 1975 1523 2001 res
1549 1960 1691 2011 culpae

95 2032 265 2071 nomine
299 2046 393 2072 cum
424 2033 574 2083 primis
611 2034 803 2082 notanda,
838 2033 873 2072 si
906 2031 1046 2071 nullae
1076 2031 1183 2069 mihi
1215 2030 1259 2068 in
1293 2030 1404 2068 statu
1432 2027 1691 2076 assumptiuo
1712 2040 1749 2061 10

94 2097 306 2146 suppetiae
342 2099 560 2138 ferrentur.
628 2099 786 2138 Verum
830 2098 1080 2137 inofficiosus
1116 2109 1168 2134 ne
1205 2096 1347 2146 culper
1382 2096 1494 2135 aetas
1535 2092 1693 2131 defecta

94 2165 272 2211 excusat,
305 2164 375 2214 qui
404 2177 497 2214 egre
525 2177 666 2203 meum
694 2164 894 2215 oppidum
921 2162 1148 2209 inambulo,
1179 2162 1336 2200 nedum
1364 2161 1415 2199 ad
1443 2160 1578 2198 aliena
1604 2158 1694 2196 loca
1720 2164 1726 2169 “

95 2227 382 2277 proficiscerer.
440 2229 614 2268 Accedit
637 2229 825 2268 lectionis
849 2229 985 2268 ciuilis
1010 2227 1238 2278 ponderosa
1264 2230 1304 2265 et
1330 2226 1513 2275 grauitas
1536 2226 1578 2263 et
1596 2222 1693 2262 assi-

95 2292 259 2332 duitas:
289 2294 324 2332 si
352 2295 522 2333 interim
551 2295 719 2345 negocia
745 2297 914 2343 taceam,
937 2307 1040 2344 quae
1066 2295 1207 2332 tamen
1234 2306 1301 2330 me
1324 2292 1391 2331 vel
1419 2291 1625 2337 diuidunt,
1647 2288 1695 2326 vt

97 2358 216 2398 facile
234 2360 402 2399 veniam
422 2352 583 2400 homini
608 2361 774 2400 noxiam
795 2360 1002 2410 deprecari
1030 2358 1212 2409 cupienti
1236 2358 1294 2396 sis
1313 2358 1484 2396 daturus
1502 2372 1510 2405 ;
1540 2359 1582 2395 et
1602 2359 1694 2395 tum
1718 2366 1752 2398 ¹5

98 2425 271 2473 facilius,
295 2427 404 2475 quod
423 2426 489 2465 vir
506 2427 730 2476 placabilis,
753 2426 918 2465 amoeni
943 2424 1112 2476 ingenii,
1137 2423 1263 2462 comis
1283 2424 1323 2461 et
1342 2425 1456 2461 totus
1476 2423 1694 2470 humanus,

100 2504 124 2528 a
143 2492 284 2528 nostro
303 2491 606 2531 Amorbacchio
629 2492 674 2530 in
699 2492 822 2531 horas
847 2490 1105 2541 praedicaris,
1129 2489 1201 2539 qui
1219 2488 1264 2526 in
1284 2487 1455 2526 meliora
1474 2488 1610 2525 vertas
1629 2486 1697 2525 vel

102 2568 204 2605 quae
222 2556 341 2604 nigra
359 2558 468 2604 sunt,
491 2557 647 2595 nedum
667 2570 772 2606 quae
798 2557 934 2595 lucem
960 2555 1047 2606 pati
1071 2554 1231 2604 possint
1257 2553 1475 2602 improbes,
1498 2551 1542 2589 in
1566 2551 1697 2590 amico

102 2620 343 2670 praesertim
361 2634 455 2670 erga
469 2635 592 2671 quem
608 2634 691 2659 non
710 2623 844 2671 potest
863 2621 952 2660 sine
971 2620 1133 2670 piaculo
1148 2619 1364 2657 sinistrum
1380 2630 1468 2656 esse
1483 2616 1694 2655 iudicium.

157 2685 264 2724 Vide
289 2699 370 2735 quo
397 2698 464 2723 me
492 2686 579 2724 tuis
609 2686 695 2724 illis
722 2685 1013 2735 pulcherrimis
1041 2683 1235 2722 rhetoriis
1263 2683 1495 2720 contrudas.
1553 2681 1699 2720 Prima
1717 2691 1757 2713 ²0

104 2752 274 2789 tuarum
293 2750 510 2789 literarum
525 2751 639 2789 frons
659 2763 898 2800 permouere
918 2763 985 2788 me
1005 2751 1173 2798 poterat,
1190 2750 1238 2786 vt
1258 2748 1308 2786 de
1326 2746 1632 2785 inhumanitate
1648 2746 1699 2796 (si

112 2816 192 2854 diis
220 2815 413 2866 placeret)
441 2818 482 2854 te
514 2828 761 2854 excusarem.
821 2815 901 2854 Sed
934 2814 1058 2852 altius
1088 2813 1362 2863 consyderans
1390 2824 1585 2862 magnam
1617 2811 1700 2850 mei

294 2914 368 2945 406.
395 2923 426 2952 5.
453 2915 507 2944 H:
530 2913 775 2944 humanitates
791 2914 828 2943 Β.
965 2921 1014 2949 17.
1037 2913 1066 2941 F
1081 2912 1214 2949 Com-iffi:
1238 2909 1452 2949 praediceris
1467 2912 1505 2940 B.

504 3013 579 3044 405.
611 3023 638 3043 1.
663 3010 862 3052 φθείρουσιν]
880 3011 972 3042 Men.
991 3021 1042 3047 ap.
1063 3019 1077 3040 1
1097 3011 1162 3040 Cor.
1183 3018 1230 3047 15.
1250 3019 1301 3048 33.
