2010 3417
143 114 242 169 522]
557 118 711 158 FROM
749 119 1016 159 WILLIAM
1056 120 1330 160 BUDAEUS
1657 121 1738 159 445

139 226 264 275 atque
289 226 561 278 inuestigator
583 228 873 278 sagacissimus
901 242 947 267 ac
973 229 1319 269 bibliothecarum
1346 243 1451 280 pene
1480 229 1738 280 compilator.

140 290 221 329 Sed
250 292 409 331 nescias
436 294 576 331 vtrum
610 294 749 332 omnia
776 293 993 332 volumina
1021 295 1186 333 auidius
1215 298 1401 346 corroget
1434 308 1487 334 an
1516 295 1738 344 benignius

139 356 285 395 amicis
312 358 526 407 impartiat
554 360 596 396 et
625 359 866 397 commodet.
926 360 994 398 Ad
1023 373 1243 407 summam,
1274 374 1370 399 cum
1399 374 1495 399 eum
1524 360 1737 399 hominem

139 421 286 461 multis
313 422 362 461 de
386 423 509 461 rebus
535 435 580 460 ac
606 423 793 461 moribus
818 437 965 471 amem,
988 438 1070 463 vno
1093 427 1259 464 tantum
1288 426 1455 464 nomine
1481 425 1615 464 odisse
1642 439 1737 464 eum

138 500 308 537 possum
329 487 478 537 (dicam
506 487 621 525 enim
645 487 799 536 libere),
822 488 1012 538 nihilque
1032 490 1144 527 aliud
1166 490 1203 527 ei
1223 503 1463 529 succensere
1483 504 1608 541 quam
1628 491 1737 540 quod
1759 499 1799 529 30

139 552 314 591 Erasmo
337 552 518 590 nimium
543 552 667 599 fauet,
690 552 854 591 homini
877 554 1047 592 externo
1068 569 1076 601 3
1103 555 1169 592 cui
1196 567 1269 604 ego
1298 555 1380 594 iam
1410 556 1596 594 inuidere
1626 556 1740 604 coepi

139 617 191 656 ob
222 617 396 655 nimiam
426 617 551 656 istam
582 616 768 666 gloriam,
800 631 881 667 qua
910 631 995 656 non
1024 619 1147 657 modo
1177 620 1443 658 Germaniam
1473 621 1538 670 (de
1568 620 1738 671 reliquis

137 682 362 732 prouinciis
397 695 509 720 nunc
547 682 689 730 silebo)
718 682 786 721 sed
820 682 1000 721 Galliam
1030 683 1157 722 etiam
1188 687 1374 723 nostram
1405 685 1462 723 ita
1492 686 1664 724 irradiat
1691 687 1737 724 vt

138 747 355 797 gloriolam
384 749 568 786 nostram
596 747 837 797 praeradiet,
870 750 911 785 et
940 748 1025 786 iam
1055 748 1176 787 nobis
1204 762 1292 787 esse
1321 749 1506 788 obscuris
1534 764 1579 789 ac
1604 751 1737 789 videri

137 825 301 852 necesse
329 812 409 852 sit:
446 813 522 851 etsi
550 812 744 851 Budaeus
771 825 889 862 agere
920 826 1015 851 cum
1049 826 1095 851 eo
1126 813 1326 852 obstructi
1355 813 1530 853 luminis
1559 816 1737 865 speciose
1758 825 1796 856 35

137 891 223 917 non
241 878 384 929 possit,
407 878 475 916 cui
498 891 548 916 ex
567 878 655 916 eius
675 877 838 927 scriptis
858 878 1032 916 luminis
1051 878 1146 928 plus
1165 879 1348 917 accessit.

191 944 249 983 Vt
268 943 319 981 ad
339 956 428 981 rem
447 943 621 991 redeam,
639 942 874 982 Gulielmus
894 944 1056 982 Paruus
1074 944 1280 982 eiusmodi
1300 957 1465 983 mecum
1480 944 1607 983 verba
1625 945 1733 993 fecit,

136 1010 184 1047 vt
222 1008 445 1047 affirmaret
482 1008 636 1047 nudius
667 1008 728 1056 (vt
763 1008 956 1057 arbitror)
989 1009 1141 1048 tertius
1172 1022 1405 1048 sermonem
1437 1010 1546 1060 apud
1581 1010 1736 1060 Regem

136 1074 360 1112 excitatum
379 1087 468 1113 esse
488 1074 537 1112 de
555 1074 659 1112 viris
677 1073 865 1113 literatis.
926 1074 992 1112 Ibi
1012 1087 1107 1112 cum
1128 1075 1263 1113 multa
1282 1075 1332 1113 de
1351 1075 1537 1122 Erasmo,
1561 1075 1612 1113 de
1631 1075 1735 1114 aliis.

138 1139 188 1178 de
224 1139 393 1178 Budaeo
429 1139 603 1178 fortasse
640 1139 886 1187 dicerentur,
922 1140 1010 1178 Rex
1047 1140 1271 1189 Mineruae,
1307 1141 1354 1178 vt
1390 1153 1520 1190 spero,
1561 1141 1737 1179 numine
1756 1153 1797 1184 40

137 1203 298 1243 afflatus
316 1204 374 1243 ita
391 1205 507 1243 infit:
536 1204 581 1242 in
600 1204 741 1243 animo
761 1204 841 1243 sibi
860 1217 947 1243 esse
966 1205 1215 1244 lectissimos
1229 1206 1341 1244 viros
1359 1205 1403 1244 in
1422 1218 1598 1256 regnum
1612 1218 1737 1244 suum

136 1269 334 1320 praemiis
362 1269 512 1320 opimis
540 1269 745 1317 asciscere,
771 1282 818 1308 ac
846 1269 1126 1317 seminarium,
1149 1272 1196 1309 vt
1224 1271 1282 1308 ita
1310 1270 1454 1317 dicam,
1477 1271 1736 1309 eruditorum

135 1335 183 1374 in
213 1334 386 1373 Francia
413 1334 644 1374 instituere.
719 1335 833 1383 Quae
862 1335 988 1373 verba
1019 1348 1114 1374 cum
1147 1335 1312 1374 Pal-uus
1342 1335 1501 1374 iamdiu
1533 1336 1737 1374 occasioni

135 1400 365 1439 imminens
392 1400 731 1450 excepisset—-est
759 1401 873 1438 enim
896 1402 942 1439 vt
971 1400 1232 1439 literatorum
1262 1401 1451 1439 omnium
1478 1401 1734 1450 suffragator,

137 1465 196 1504 sic
226 1465 438 1504 doctrinae
471 1465 782 1516 industriaeque
813 1468 909 1504 tuae
939 1465 1165 1504 admirator
1199 1468 1241 1504 et
1272 1465 1737 1505 commendator—asci—
1756 1481 1794 1512 45

137 1530 417 1581 scendumque
455 1530 679 1569 Erasmum
725 1531 920 1580 inprimis
963 1544 1127 1570 censere
1160 1544 1203 1570 se
1247 1531 1447 1579 dixisset3
1504 1531 1629 1581 idque
1666 1545 1737 1581 per

136 1596 354 1635 Budaeum
380 1596 536 1646 optime
561 1595 736 1645 transigi
759 1609 888 1645 posse,
913 1596 985 1646 qui
1009 1596 1062 1634 ob
1085 1609 1308 1635 commune
1329 1596 1543 1646 vtriusque
1571 1597 1737 1646 linguae

137 1662 328 1701 studium
343 1663 384 1700 et
398 1662 500 1700 alias
519 1674 685 1699 summa
705 1674 800 1699 cum
820 1661 895 1699 illo
914 1661 1095 1700 amicitia
1115 1661 1334 1700 deuinctus
1353 1664 1482 1700 esset:
1510 1662 1562 1700 ad
1581 1664 1735 1711 postre-

138 1740 257 1766 mum
277 1727 432 1776 Regem
452 1727 610 1776 impetu
630 1727 762 1765 animi
786 1726 947 1776 egregio
973 1740 1019 1765 eo
1046 1740 1134 1765 esse
1153 1727 1402 1777 productum
1421 1727 1605 1776 (aderant
1624 1727 1735 1765 enim

138 1795 180 1831 et
198 1791 270 1830 alii
288 1791 507 1830 literarum
533 1791 677 1841 tuique
694 1791 890 1840 fautores)
909 1794 956 1830 vt
977 1791 1130 1830 diceret
1149 1805 1241 1830 eam
1268 1805 1341 1842 per
1365 1805 1433 1830 me
1458 1792 1736 1831 conditionem
1755 1804 1796 1835 50

137 1857 217 1898 tibi
237 1856 376 1895 offerri
389 1857 527 1896 verbis
546 1857 635 1895 suis
648 1856 766 1904 velle,
781 1858 828 1896 vt
848 1857 884 1894 si
905 1857 1030 1895 istinc
1050 1857 1280 1907 demigrare
1300 1857 1343 1895 in
1364 1857 1552 1896 animum
1572 1858 1735 1896 induce-

138 1936 203 1962 res
230 1935 478 1972 operamque
502 1921 635 1961 literis
659 1921 728 1960 hic
753 1935 905 1960 nauare
931 1935 1055 1972 quam
1074 1921 1168 1960 istic
1188 1935 1439 1970 consuesseS,
1462 1923 1735 1962 sacerdotium

139 1988 226 2038 ipse
245 1987 324 2026 tibi
343 1987 394 2026 ad
414 1987 532 2025 mille
550 1987 751 2026 francicos
771 1988 812 2025 et
831 2000 880 2026 eo
900 1987 1078 2036 amplius
1097 1987 1346 2027 collaturum
1366 2001 1408 2026 se
1428 1988 1659 2037 sponderet.

193 2053 278 2092 Hic
306 2053 434 2091 fidem
462 2066 600 2091 meam
628 2053 830 2091 hactenus
863 2053 1119 2091 intercedere
1147 2053 1359 2103 intelligis,
1390 2056 1438 2092 vt
1466 2054 1732 2102 internuncii,

139 2132 224 2158 non
250 2119 378 2157 etiam
403 2117 624 2168 sponsoris,
650 2119 790 2167 partes
816 2131 948 2167 agam,
977 2120 1019 2156 et
1045 2131 1148 2168 quae
1174 2118 1225 2156 ab
1250 2118 1324 2156 illo
1352 2119 1501 2168 accepi,
1520 2119 1628 2158 bona
1654 2119 1734 2158 fide
1755 2131 1792 2162 55

138 2185 333 2224 deferam.
403 2184 549 2233 Neque
568 2183 683 2221 enim
706 2183 751 2221 in
778 2196 865 2221 rem
885 2186 1142 2233 praesentem
1162 2184 1259 2222 veni
1279 2197 1413 2234 neque
1433 2185 1508 2224 hac
1529 2184 1735 2235 Principis

139 2251 352 2289 voluntate
371 2249 479 2288 mihi
499 2248 656 2298 aliquid
676 2248 846 2287 accessit
865 2263 874 2296 3
903 2261 948 2287 ac
975 2262 1026 2287 ne
1050 2262 1308 2288 accessurum
1331 2250 1499 2299 quidem
1518 2250 1625 2288 mihi
1650 2264 1735 2300 per-

139 2315 300 2364 suadeo,
333 2314 405 2365 qui
437 2314 616 2353 rationes
649 2326 761 2351 meas
794 2313 977 2352 diuersas
1010 2317 1133 2364 atque
1163 2315 1264 2353 adeo
1297 2315 1460 2353 auersas
1489 2315 1540 2353 ab
1572 2315 1666 2353 aula
1694 2319 1733 2353 et

140 2379 426 2419 huiuscemodi
445 2379 707 2429 processibus
722 2379 910 2428 sentiam,
928 2392 973 2418 ac
987 2379 1093 2417 mihi
1107 2393 1204 2418 eum
1223 2393 1310 2418 esse
1330 2381 1500 2430 genium
1514 2380 1730 2426 diuinitus,

139 2447 186 2484 vt
210 2445 468 2495 interpretor,
492 2445 647 2489 datum,
669 2444 740 2494 qui
765 2457 839 2482 nec
864 2445 980 2482 aulae
1007 2458 1082 2483 nec
1109 2445 1191 2483 sibi
1217 2445 1261 2483 in
1285 2445 1380 2483 aula
1406 2445 1565 2495 placere
1589 2445 1730 2494 possit.
1752 2452 1793 2484 60

140 2509 272 2560 Atqui
301 2510 399 2548 huic
429 2523 522 2548 meo
556 2509 678 2559 genio
712 2522 758 2547 ac
788 2509 911 2559 plane
941 2509 1110 2559 ingenio
1140 2510 1227 2548 vim
1256 2510 1426 2548 afferam
1458 2522 1624 2548 necesse
1655 2513 1730 2558 est,

140 2575 176 2614 si
201 2588 378 2614 crescere
403 2574 662 2614 ornamentis
682 2574 819 2612 Fortis
840 2575 1048 2613 Fortunae
1075 2575 1279 2613 mediter:
1310 2575 1478 2613 tametsi
1500 2574 1598 2613 haec
1623 2575 1729 2613 mihi

141 2640 372 2679 multorum
400 2640 510 2679 votis
539 2641 737 2689 optantur
765 2639 984 2690 deberique
1012 2640 1313 2687 existimantur,
1346 2653 1440 2678 cum
1470 2639 1621 2689 quibus
1648 2654 1732 2679 non

140 2705 285 2753 sentio,
307 2707 354 2743 vt
383 2706 454 2755 qui
481 2719 550 2743 me
578 2704 728 2742 melius
755 2706 796 2742 et
826 2704 1078 2755 exploratius
1105 2705 1155 2743 ad
1184 2718 1437 2754 manumque
1464 2705 1732 2744 aestimarim.

141 2771 229 2809 Tua
250 2771 418 2813 omnino
436 2770 517 2809 fert
536 2770 647 2808 aliud
668 2770 782 2817 ratio,
805 2783 829 2807 a
848 2783 928 2819 quo
948 2769 1056 2808 nihil
1075 2770 1260 2819 exigetur
1279 2770 1392 2807 aliud
1414 2783 1536 2819 quam
1556 2771 1664 2820 quod
1685 2772 1731 2809 tu
1750 2778 1790 2819 65

141 2835 261 2874 facile
285 2836 491 2886 praestare
517 2837 637 2885 atque
666 2834 856 2873 hilariter
880 2834 1020 2883 possis.
1079 2834 1195 2882 Quod
1220 2834 1256 2872 si
1281 2835 1486 2873 donorum
1513 2835 1729 2874 liberalita-

185 2938 236 2968 35.
262 2929 330 2959 etsi
363 2932 403 2959 O:
440 2930 549 2960 etiam
578 2929 609 2960 si
640 2930 675 2963 β.
868 2939 919 2966 40.
957 2927 1000 2958 de
1031 2938 1090 2959 om.
1119 2928 1153 2962 β.
1340 2938 1392 2966 42.
1428 2931 1482 2959 II:
1520 2930 1668 2969 optimis
1699 2934 1729 2961 C.

142 2984 194 3012 49.
219 2972 433 3013 productum
451 2975 490 3004 C:
515 2973 727 3012 perductum
745 2974 778 3006 β.
912 2981 964 3011 52.
991 2971 1048 3002 0²:
1072 2980 1278 3002 consuesces
1296 2971 1371 3005 0¹13.
