2010 3417
186 472 242 503 ¹35

183 1126 240 1156 14⁵

181 1451 242 1482 150

264 154 345 193 442
732 153 981 192 LETTERS
1019 153 1089 192 or
1127 153 1392 193 ERASMus
1733 149 1858 206 [1517

264 264 440 302 totidem
468 265 541 301 aut
570 263 696 300 etiam
725 263 883 312 plureis
910 275 1043 301 annos
1070 263 1149 301 sub
1176 261 1324 300 iisdem
1352 262 1685 313 praeceptoribus
1704 262 1860 312 impen-

264 329 383 367 disse.
443 328 551 366 Nam
571 328 621 366 de
642 329 801 377 meipso
821 328 929 366 m‘hil
948 328 1093 376 dicam,
1119 341 1243 378 quem
1262 329 1355 377 post
1380 330 1545 366 sextum
1565 330 1607 367 et
1632 327 1860 380 septimum

264 406 422 432 annum
451 393 559 431 nihil
588 393 715 442 pudet
743 393 877 431 multa
902 393 1101 443 ignorare.
1162 393 1431 432 Tunstallum
1457 394 1585 432 etiam
1614 396 1657 432 et
1676 393 1859 431 Paceum

262 460 484 508 praetereo,
518 471 619 508 quos
657 459 818 497 diutius
849 459 1037 498 fortassis
1074 471 1201 508 quam
1239 471 1383 497 eorum
1420 458 1589 508 ingenia
1625 458 1856 508 exigebant,

261 524 535 574 praeceptoris
567 523 749 562 detinuit
781 523 849 562 vel
886 524 1122 574 ignorantia
1152 524 1220 563 vel
1251 524 1518 575 negligentia.
1576 525 1741 564 Morum
1772 524 1861 576 ipse

263 588 376 627 nosti
402 602 526 639 quam
554 591 700 628 acutus
727 590 794 637 sit,
826 602 952 640 quam
988 589 1227 628 vehementi
1251 589 1430 639 ingenio,
1463 590 1629 640 quantis
1654 590 1791 635 etiam,
1823 589 1860 626 si

262 654 451 704 coeperit,
477 654 637 693 viribus
661 655 901 703 incumbat3
930 656 976 694 in
1002 668 1177 701 summa,
1202 668 1329 705 quam
1354 656 1412 694 sit
1439 655 1503 693 tui
1531 655 1694 694 similis.
1753 654 1861 693 Nolo

261 720 346 758 iam
375 720 545 770 propius
568 721 786 768 accedere;
814 734 913 759 nam
943 721 993 759 de
1025 721 1158 771 teipso
1188 723 1230 759 et
1259 721 1477 759 excellenti
1513 723 1584 759 tuo
1617 720 1785 770 ingenio
1819 722 1861 758 te

262 784 486 824 admonere
505 800 602 825 cum
625 799 931 836 superuacuum
954 787 1092 835 fuerit,
1115 788 1208 825 tum
1226 787 1497 825 assentationi
1515 787 1702 826 fortassis
1721 784 1858 835 proxi-

262 863 391 889 mum.
454 851 533 890 Sed
560 854 702 890 tamen
728 854 886 900 neuter,
909 852 1066 902 opinor,
1088 855 1279 891 vestrum
1301 854 1364 890 est
1387 853 1459 902 qui
1484 865 1528 890 se
1551 855 1640 891 tam
1659 853 1741 891 cito
1760 851 1860 889 haec

261 916 468 956 salebrosa
504 918 612 956 dicet
649 918 906 967 percurrisse,
946 920 992 957 vt
1036 920 1130 968 post
1170 932 1305 957 vnum
1349 920 1421 957 aut
1459 918 1637 957 alterum
1674 929 1859 956 mensem

258 982 439 1030 potuerit
468 996 549 1032 quo
578 982 701 1022 vellet
729 984 818 1022 sine
847 984 949 1022 duce
978 984 1199 1034 progredi3
1227 983 1472 1034 praesertim
1498 997 1599 1034 qum
1628 985 1689 1022 tot
1714 983 1859 1027 flexus,

258 1048 321 1085 tot
350 1047 596 1087 diuerticula
626 1048 780 1098 vbique
810 1051 1034 1096 occurrant,
1062 1051 1108 1088 vt
1136 1050 1296 1100 possint
1324 1049 1392 1087 vel
1420 1051 1611 1099 expertos
1638 1048 1784 1087 ducere
1812 1047 1856 1084 in

260 1125 453 1151 errorem.
513 1114 770 1163 Quapropter
795 1114 832 1152 si
857 1115 921 1153 vis
943 1117 989 1154 vt
1017 1116 1211 1165 procedat
1228 1115 1459 1165 Episcopus
1478 1116 1520 1153 et
1539 1115 1589 1154 ad
1609 1114 1794 1163 aliquam
1813 1114 1858 1151 in

260 1177 327 1216 his
355 1178 488 1217 literis
518 1180 682 1229 frugem
706 1181 932 1229 perueniat,
953 1181 1016 1219 fac
1039 1181 1224 1230 peritum
1252 1181 1435 1231 aliquem
1464 1181 1614 1219 harum
1640 1192 1780 1217 rerum
1808 1191 1859 1216 ex

261 1242 386 1282 Italia
408 1247 598 1292 accersat,
620 1245 692 1295 qui
717 1247 758 1283 et
786 1259 955 1284 manere
982 1245 1186 1296 tantisper
1212 1259 1308 1284 cum
1340 1260 1387 1285 eo
1415 1246 1528 1294 velit,
1551 1246 1680 1284 donec
1702 1257 1746 1283 se
1771 1245 1858 1282 tam

260 1310 431 1348 firmum
450 1323 496 1349 ac
515 1311 703 1350 validum
728 1311 904 1350 senserit
927 1313 975 1351 vt
1003 1325 1087 1350 non
1108 1325 1247 1362 repere
1273 1311 1411 1350 solum
1436 1312 1507 1351 sed
1536 1314 1577 1350 et
1597 1311 1751 1361 erigere
1771 1322 1861 1348 sese

260 1387 306 1413 ac
335 1377 444 1414 stare
472 1379 593 1426 atque
621 1377 747 1415 etiam
781 1377 943 1427 ingredi
974 1377 1118 1426 possit.
1194 1377 1302 1416 Nam
1331 1378 1409 1416 hoc
1437 1379 1557 1428 pacto
1585 1377 1736 1416 melius
1766 1389 1858 1414 mea

261 1441 471 1480 sententia
500 1442 661 1480 futurae
695 1442 783 1480 eius
815 1442 1072 1492 eloquentiae
1102 1443 1293 1481 consules
1320 1456 1444 1493 quam
1481 1443 1518 1481 si
1550 1442 1856 1481 balbutientem

260 1506 395 1545 adhuc
413 1509 455 1544 et
474 1520 578 1557 pene
597 1508 834 1557 vagientem
854 1508 987 1547 veluti
1006 1508 1052 1546 in
1072 1508 1191 1546 cunis
1210 1508 1431 1559 relinquas.
1488 1508 1604 1547 Vale.

314 1593 467 1643 Habes,
490 1595 551 1633 mi
570 1595 753 1644 Erasme,
769 1595 988 1645 epistolam
1008 1596 1112 1634 bene
1130 1597 1315 1645 longam,
1331 1609 1411 1646 qua
1429 1596 1642 1646 praeteriti
1659 1595 1859 1646 temporis

259 1658 474 1697 silentium
495 1659 624 1698 nimia
649 1659 895 1710 loquacitate
919 1661 1210 1711 compensaui;
1243 1662 1311 1700 sed
1339 1664 1479 1700 tamen
1506 1661 1584 1700 hoc
1612 1661 1752 1711 ipsum
1778 1659 1856 1698 tibi

258 1723 347 1773 ipse
372 1724 607 1774 imputabis,
631 1726 702 1775 qui
727 1726 851 1764 toties
879 1726 930 1764 ad
954 1739 1022 1764 me
1052 1727 1100 1765 de
1129 1726 1197 1765 his
1225 1727 1347 1765 rebus
1376 1727 1588 1776 scripseris
1617 1729 1662 1765 vt
1692 1738 1860 1764 necesse

202 1789 689 1840 55l1aberem‘plurilms
726 1791 863 1830 verbis
901 1792 1158 1842 respondere.
1218 1793 1383 1831 Iterum
1421 1793 1525 1832 vale.

314 1867 467 1906 Oxonii
500 1867 546 1905 iii
576 1868 659 1906 Cal.
684 1868 907 1906 Februarii.

657 2024 793 2078 5521567
854 2023 987 2065 FROM
1019 2022 1285 2064 SYLVEsTER
1317 2023 1465 2065 GIGLI.

307 2127 477 2173 Epistole
495 2130 690 2175 elegantes
710 2131 753 2165 f0.
773 2131 812 2165 n‘¹
832 2136 879 2166 v0.
1567 2131 1691 2166 Rome.

308 2185 360 2221 0².
379 2199 413 2231 p.
438 2197 525 2230 147:
554 2188 592 2223 F.
611 2200 646 2233 p.
668 2198 734 2232 50:
763 2189 877 2224 Lond.
896 2189 919 2223 i.
939 2199 1003 2234 29:
1031 2189 1104 2225 LB.
1126 2199 1201 2234 195.
1459 2199 1499 2233 31
1520 2189 1687 2234 January
1707 2189 1807 2234 1513.

305 2290 603 2332 [contemporary
620 2293 712 2323 with
730 2293 816 2332 Epp.
830 2302 972 2332 517—19.
1005 2292 1109 2324 From
1121 2293 1183 2334 Ep.
1200 2302 1272 2332 552.
1288 2302 1318 2333 2,
1333 2303 1354 2332 3
1369 2293 1443 2324 this
1460 2292 1569 2324 letter
1584 2302 1697 2323 seems
1713 2296 1749 2324 to
1765 2293 1856 2326 have

260 2335 349 2365 been
365 2335 489 2365 edited
505 2337 541 2365 at
558 2336 595 2366 ll.
618 2346 658 2366 10
674 2346 744 2375 seq.
767 2337 883 2367 before
900 2336 1133 2376 publication.

305 2378 487 2418 Sylvester
503 2379 600 2418 Gigli
618 2380 807 2419 (1463--18
823 2380 909 2420 Apr.
928 2381 1026 2420 1521)
1045 2380 1083 2410 of
1094 2381 1210 2411 Lucca
1226 2379 1298 2411 had
1315 2380 1377 2411 the
1393 2379 1482 2419 good
1498 2380 1642 2411 fortune
1657 2382 1694 2411 to
1711 2380 1855 2411 succeed

259 2422 317 2452 his
340 2421 447 2452 uncle
470 2431 507 2453 as
532 2424 595 2462 Bp.
617 2423 654 2453 of
674 2424 875 2455 Worcester
898 2424 970 2454 and
993 2424 1146 2463 English
1169 2427 1275 2463 agent
1299 2426 1335 2454 at
1359 2424 1422 2454 the
1444 2423 1554 2464 Papal
1577 2426 1677 2455 court
1700 2425 1742 2454 in
1760 2425 1853 2463 1498.

261 2466 306 2496 In
322 2466 385 2496 the
403 2467 555 2497 autumn
572 2466 610 2496 of
625 2476 707 2505 1504
725 2467 771 2497 he
794 2477 867 2498 was
883 2469 963 2498 sent
979 2469 1016 2498 to
1032 2467 1199 2507 England
1221 2478 1264 2499 on
1290 2477 1310 2498 a
1326 2467 1436 2507 Papal
1453 2468 1605 2498 mission
1622 2467 1693 2509 (see
1710 2468 1772 2507 Ep.
1792 2469 1856 2498 218

260 2509 423 2549 introd.).
453 2509 524 2540 and
552 2510 737 2541 remained
764 2511 870 2541 about
897 2511 960 2541 the
990 2511 1097 2542 Court
1124 2512 1222 2542 until
1250 2511 1312 2542 the
1339 2511 1461 2551 spring
1487 2512 1525 2542 of
1550 2521 1644 2551 1512,
1674 2511 1782 2542 when
1811 2511 1856 2541 he

260 2553 431 2583 returned
457 2556 493 2584 to
511 2554 621 2584 Rome
645 2563 682 2585 as
707 2563 773 2585 one
799 2555 837 2585 of
856 2555 918 2586 the
934 2554 1087 2595 English
1111 2555 1357 2586 ambassadors
1381 2557 1417 2586 to
1440 2555 1503 2585 the
1520 2555 1673 2586 Lateran
1697 2555 1857 2586 Council.

260 2597 310 2626 As
333 2606 352 2626 a
375 2596 553 2636 colleague
578 2598 650 2628 and
672 2599 774 2636 rival,
793 2599 838 2629 he
862 2608 934 2628 was
958 2598 1105 2629 accused
1127 2599 1166 2629 of
1185 2598 1393 2638 complicity
1414 2599 1452 2628 in
1476 2598 1725 2639 Bainbridge’s
1747 2599 1857 2630 death

261 2640 300 2670 in
333 2649 426 2679 1514,
455 2641 520 2671 but
550 2651 622 2672 was
652 2642 844 2681 acquitted.
900 2642 957 2673 He
989 2652 1062 2672 was
1093 2642 1233 2682 helpful
1264 2646 1301 2673 to
1330 2641 1475 2682 Wolsey
1506 2643 1546 2672 in
1577 2642 1763 2682 obtaining
1793 2642 1857 2673 the

261 2683 491 2723 cardinalate,
521 2685 592 2715 and
618 2694 692 2716 was
718 2685 1003 2717 thenceforward
1031 2685 1203 2725 Wolsey’s
1229 2685 1327 2716 chief
1351 2688 1457 2725 agent
1484 2686 1525 2716 in
1554 2686 1685 2725 Rome3
1719 2686 1783 2717 but
1809 2686 1856 2717 he

263 2727 370 2757 failed
395 2730 431 2758 to
455 2737 575 2758 secure
599 2728 661 2759 the
686 2729 904 2760 cardinalate
928 2729 982 2760 for
1003 2729 1161 2760 himself.
1217 2730 1280 2760 See
1306 2728 1509 2768 Creighton,
1536 2731 1707 2761 Historical
1727 2733 1854 2770 Essays,

261 2779 318 2808 pp.
335 2781 476 2811 202-20‚
495 2771 569 2802 and
585 2772 622 2801 in
641 2772 768 2813 DNB.]

462 2880 532 2910 133.
559 2870 586 2901 &
602 2874 671 2902 MS.
689 2884 695 2901 ε
720 2874 780 2903 aut
799 2876 832 2902 F.
1011 2874 1083 2911 156.
1106 2876 1174 2904 MS.
1192 2884 1198 2903 :
1222 2873 1303 2903 Feb.
1321 2875 1371 2904 E:
1393 2872 1608 2904 Februarias
1622 2875 1658 2904 F.

310 2978 379 3006 147.
406 2971 527 3010 Italia]
559 2971 645 3001 This
661 2980 744 3009 may
761 2972 800 3001 be
816 2971 1021 3003 contrasted
1038 2972 1129 3002 with
1146 2972 1324 3003 Erasmus’
1342 2972 1489 3011 opinion
1507 2972 1546 3002 in
1563 2972 1626 3011 Ep.
1649 2982 1722 3011 457.
1741 2973 1793 3012 58,
1811 2983 1831 3012 9
1849 2983 1856 3010 ;

266 3011 458 3042 reiterated
475 3013 514 3043 in
531 3013 594 3052 Ep.
611 3023 684 3051 540.
703 3015 744 3044 28
760 3023 830 3053 seq.
