<?xml version="1.0" encoding="UTF-8"?>
<!DOCTYPE html PUBLIC "-//W3C//DTD XHTML 1.0 Transitional//EN"
    "http://www.w3.org/TR/xhtml1/DTD/xhtml1-transitional.dtd">
<html xmlns="http://www.w3.org/1999/xhtml" xml:lang="en" lang="en">
 <head>
  <title>
</title>
<meta http-equiv="Content-Type" content="text/html;charset=utf-8" />
  <meta name='ocr-system' content='tesseract 3.04.00' />
  <meta name='ocr-capabilities' content='ocr_page ocr_carea ocr_par ocr_line ocrx_word'/>
</head>
<body>
  <div class='ocr_page' id='page_1' title='image "./opusepistolarumd02erasuoft/opusepistolarumd02erasuoft_0252.png"; bbox 0 0 2010 3417; ppageno 0'>
   <div class='ocr_carea' id='block_1_1' title="bbox 276 518 315 540">
    <p class='ocr_par' dir='ltr' id='par_1_1' title="bbox 276 518 315 540">
     <span class='ocr_line' id='line_1_1' title="bbox 276 518 315 540; baseline -0.026 0"><span class='ocrx_word' id='word_1_1' title='bbox 276 518 315 540; x_wconf 78' lang='lat'>20</span> 
     </span>
    </p>
   </div>
   <div class='ocr_carea' id='block_1_2' title="bbox 276 1170 317 1200">
    <p class='ocr_par' dir='ltr' id='par_1_2' title="bbox 276 1170 317 1200">
     <span class='ocr_line' id='line_1_2' title="bbox 276 1170 317 1200; baseline 0 -9"><span class='ocrx_word' id='word_1_2' title='bbox 276 1170 317 1200; x_wconf 76' lang='lat'>30</span> 
     </span>
    </p>
   </div>
   <div class='ocr_carea' id='block_1_3' title="bbox 277 1495 316 1527">
    <p class='ocr_par' dir='ltr' id='par_1_3' title="bbox 277 1495 316 1527">
     <span class='ocr_line' id='line_1_3' title="bbox 277 1495 316 1527; baseline 0 0"><span class='ocrx_word' id='word_1_3' title='bbox 277 1495 316 1527; x_wconf 79' lang='lat'>35</span> 
     </span>
    </p>
   </div>
   <div class='ocr_carea' id='block_1_4' title="bbox 275 1818 317 1848">
    <p class='ocr_par' dir='ltr' id='par_1_4' title="bbox 275 1818 317 1848">
     <span class='ocr_line' id='line_1_4' title="bbox 275 1818 317 1848; baseline 0 -9"><span class='ocrx_word' id='word_1_4' title='bbox 275 1818 317 1848; x_wconf 90' lang='lat'>40</span> 
     </span>
    </p>
   </div>
   <div class='ocr_carea' id='block_1_5' title="bbox 302 2613 318 2644">
    <p class='ocr_par' dir='ltr' id='par_1_5' title="bbox 302 2613 318 2644">
     <span class='ocr_line' id='line_1_5' title="bbox 302 2613 318 2644; baseline 0 0"><span class='ocrx_word' id='word_1_5' title='bbox 302 2613 318 2644; x_wconf 80' lang='lat'>5</span> 
     </span>
    </p>
   </div>
   <div class='ocr_carea' id='block_1_6' title="bbox 334 131 1922 186">
    <p class='ocr_par' dir='ltr' id='par_1_6' title="bbox 334 131 1922 186">
     <span class='ocr_line' id='line_1_6' title="bbox 334 131 1922 186; baseline -0.003 -12"><span class='ocrx_word' id='word_1_6' title='bbox 334 135 414 174; x_wconf 83' lang='lat'>226</span> <span class='ocrx_word' id='word_1_7' title='bbox 797 133 1048 172; x_wconf 86' lang='lat' dir='ltr'><strong>LETTERS</strong></span> <span class='ocrx_word' id='word_1_8' title='bbox 1085 133 1154 171; x_wconf 85' lang='lat' dir='ltr'>OF</span> <span class='ocrx_word' id='word_1_9' title='bbox 1190 132 1458 171; x_wconf 79' lang='lat' dir='ltr'><strong>ERASMUS</strong></span> <span class='ocrx_word' id='word_1_10' title='bbox 1794 131 1835 186; x_wconf 91' lang='lat'>[1</span> <span class='ocrx_word' id='word_1_11' title='bbox 1845 144 1866 182; x_wconf 90' lang='lat'>5</span> <span class='ocrx_word' id='word_1_12' title='bbox 1875 146 1890 170; x_wconf 91' lang='lat'>1</span> <span class='ocrx_word' id='word_1_13' title='bbox 1900 135 1922 170; x_wconf 92' lang='lat'><strong>6</strong></span> 
     </span>
    </p>
   </div>
   <div class='ocr_carea' id='block_1_7' title="bbox 332 239 1930 812">
    <p class='ocr_par' dir='ltr' id='par_1_7' title="bbox 333 239 1927 419">
     <span class='ocr_line' id='line_1_7' title="bbox 334 239 1926 292; baseline -0.001 -11"><span class='ocrx_word' id='word_1_14' title='bbox 334 246 374 282; x_wconf 90' lang='lat' dir='ltr'>et</span> <span class='ocrx_word' id='word_1_15' title='bbox 395 242 632 292; x_wconf 89' lang='lat' dir='ltr'>corpusculo</span> <span class='ocrx_word' id='word_1_16' title='bbox 653 242 729 280; x_wconf 90' lang='lat' dir='ltr'>hoc</span> <span class='ocrx_word' id='word_1_17' title='bbox 744 243 816 280; x_wconf 91' lang='lat' dir='ltr'>tuo</span> <span class='ocrx_word' id='word_1_18' title='bbox 831 241 1008 288; x_wconf 89' lang='lat' dir='ltr'>minuto,</span> <span class='ocrx_word' id='word_1_19' title='bbox 1022 254 1169 279; x_wconf 88' lang='lat' dir='ltr'>verum</span> <span class='ocrx_word' id='word_1_20' title='bbox 1185 239 1357 278; x_wconf 90' lang='lat' dir='ltr'>minime</span> <span class='ocrx_word' id='word_1_21' title='bbox 1375 240 1633 287; x_wconf 90' lang='lat' dir='ltr'>inconcinno‚</span> <span class='ocrx_word' id='word_1_22' title='bbox 1652 240 1926 280; x_wconf 86' lang='lat' dir='ltr'>vrbanissime</span> 
     </span>
     <span class='ocr_line' id='line_1_8' title="bbox 333 304 1927 358; baseline -0.001 -13"><span class='ocrx_word' id='word_1_23' title='bbox 333 308 577 358; x_wconf 76' lang='lat' dir='ltr'>gestientem</span> <span class='ocrx_word' id='word_1_24' title='bbox 612 307 750 345; x_wconf 89' lang='lat' dir='ltr'>videre</span> <span class='ocrx_word' id='word_1_25' title='bbox 779 306 931 344; x_wconf 87' lang='lat' dir='ltr'>videar.</span> <span class='ocrx_word' id='word_1_26' title='bbox 990 306 1096 344; x_wconf 89' lang='lat' dir='ltr'>Nam</span> <span class='ocrx_word' id='word_1_27' title='bbox 1127 305 1186 353; x_wconf 89' lang='lat' dir='ltr'>(vt</span> <span class='ocrx_word' id='word_1_28' title='bbox 1220 304 1347 343; x_wconf 83' lang='lat' dir='ltr'>verbo</span> <span class='ocrx_word' id='word_1_29' title='bbox 1380 304 1488 343; x_wconf 86' lang='lat' dir='ltr'>absit</span> <span class='ocrx_word' id='word_1_30' title='bbox 1520 304 1693 353; x_wconf 85' lang='lat' dir='ltr'>inuidia)</span> <span class='ocrx_word' id='word_1_31' title='bbox 1726 306 1773 343; x_wconf 90' lang='lat' dir='ltr'>tu</span> <span class='ocrx_word' id='word_1_32' title='bbox 1806 305 1927 344; x_wconf 86' lang='lat' dir='ltr'>nobis</span> 
     </span>
     <span class='ocr_line' id='line_1_9' title="bbox 334 369 1808 419; baseline -0.001 -9"><span class='ocrx_word' id='word_1_33' title='bbox 334 372 513 410; x_wconf 86' lang='lat' dir='ltr'>amasius</span> <span class='ocrx_word' id='word_1_34' title='bbox 532 371 602 409; x_wconf 91' lang='lat' dir='ltr'>ille</span> <span class='ocrx_word' id='word_1_35' title='bbox 621 385 675 419; x_wconf 86' lang='lat' dir='ltr'>es,</span> <span class='ocrx_word' id='word_1_36' title='bbox 698 371 763 409; x_wconf 87' lang='lat' dir='ltr'>cui</span> <span class='ocrx_word' id='word_1_37' title='bbox 783 371 828 410; x_wconf 92' lang='lat' dir='ltr'>ni</span> <span class='ocrx_word' id='word_1_38' title='bbox 848 370 1103 409; x_wconf 75' lang='lat' dir='ltr'>confabulati</span> <span class='ocrx_word' id='word_1_39' title='bbox 1123 369 1264 417; x_wconf 78' lang='lat' dir='ltr'>simus,</span> <span class='ocrx_word' id='word_1_40' title='bbox 1287 382 1484 408; x_wconf 88' lang='lat' dir='ltr'>somnum</span> <span class='ocrx_word' id='word_1_41' title='bbox 1505 382 1589 408; x_wconf 91' lang='lat' dir='ltr'>non</span> <span class='ocrx_word' id='word_1_42' title='bbox 1611 369 1808 418; x_wconf 84' lang='lat' dir='ltr'>capimus.</span> 
     </span>
    </p>

    <p class='ocr_par' dir='ltr' id='par_1_8' title="bbox 332 433 1930 812">
     <span class='ocr_line' id='line_1_10' title="bbox 389 433 1923 486; baseline 0.001 -12"><span class='ocrx_word' id='word_1_43' title='bbox 389 436 467 474; x_wconf 81' lang='lat' dir='ltr'>Sed</span> <span class='ocrx_word' id='word_1_44' title='bbox 502 449 699 486; x_wconf 83' lang='lat' dir='ltr'>quorsum</span> <span class='ocrx_word' id='word_1_45' title='bbox 732 436 903 474; x_wconf 87' lang='lat' dir='ltr'>tandem</span> <span class='ocrx_word' id='word_1_46' title='bbox 935 435 1121 474; x_wconf 81' lang='lat' dir='ltr'><strong>stridulis</strong></span> <span class='ocrx_word' id='word_1_47' title='bbox 1154 434 1266 473; x_wconf 89' lang='lat' dir='ltr'>hisce</span> <span class='ocrx_word' id='word_1_48' title='bbox 1299 447 1418 473; x_wconf 87' lang='lat' dir='ltr'>aures</span> <span class='ocrx_word' id='word_1_49' title='bbox 1450 433 1757 472; x_wconf 87' lang='lat' dir='ltr'>eruditissimas</span> <span class='ocrx_word' id='word_1_50' title='bbox 1785 435 1923 485; x_wconf 87' lang='lat' dir='ltr'>fatigo,</span> 
     </span>
     <span class='ocr_line' id='line_1_11' title="bbox 334 498 1927 551; baseline 0 -12"><span class='ocrx_word' id='word_1_51' title='bbox 334 514 433 551; x_wconf 88' lang='lat' dir='ltr'>qum</span> <span class='ocrx_word' id='word_1_52' title='bbox 462 501 649 550; x_wconf 81' lang='lat' dir='ltr'>graculos</span> <span class='ocrx_word' id='word_1_53' title='bbox 676 501 797 539; x_wconf 88' lang='lat' dir='ltr'>humi</span> <span class='ocrx_word' id='word_1_54' title='bbox 824 501 934 539; x_wconf 83' lang='lat' dir='ltr'>vesci</span> <span class='ocrx_word' id='word_1_55' title='bbox 963 500 1108 539; x_wconf 89' lang='lat' dir='ltr'>debere</span> <span class='ocrx_word' id='word_1_56' title='bbox 1134 513 1218 538; x_wconf 92' lang='lat' dir='ltr'>non</span> <span class='ocrx_word' id='word_1_57' title='bbox 1247 499 1463 538; x_wconf 78' lang='lat' dir='ltr'>nesciam?</span> <span class='ocrx_word' id='word_1_58' title='bbox 1519 498 1724 537; x_wconf 89' lang='lat' dir='ltr'>Istorsum</span> <span class='ocrx_word' id='word_1_59' title='bbox 1750 501 1860 538; x_wconf 88' lang='lat' dir='ltr'>certe</span> <span class='ocrx_word' id='word_1_60' title='bbox 1882 503 1927 539; x_wconf 79' lang='lat' dir='ltr'>vt</span> 
     </span>
     <span class='ocr_line' id='line_1_12' title="bbox 334 563 1928 615; baseline 0 -11"><span class='ocrx_word' id='word_1_61' title='bbox 334 579 410 605; x_wconf 91' lang='lat' dir='ltr'>nos</span> <span class='ocrx_word' id='word_1_62' title='bbox 431 566 587 615; x_wconf 88' lang='lat' dir='ltr'>peracti</span> <span class='ocrx_word' id='word_1_63' title='bbox 612 567 662 604; x_wconf 90' lang='lat' dir='ltr'>ad</span> <span class='ocrx_word' id='word_1_64' title='bbox 691 568 731 604; x_wconf 91' lang='lat' dir='ltr'>te</span> <span class='ocrx_word' id='word_1_65' title='bbox 757 565 921 604; x_wconf 88' lang='lat' dir='ltr'>itineris</span> <span class='ocrx_word' id='word_1_66' title='bbox 946 566 1069 615; x_wconf 81' lang='lat' dir='ltr'>(quod</span> <span class='ocrx_word' id='word_1_67' title='bbox 1095 565 1276 615; x_wconf 82' lang='lat' dir='ltr'>Hispani</span> <span class='ocrx_word' id='word_1_68' title='bbox 1302 564 1494 614; x_wconf 86' lang='lat' dir='ltr'>Gallique</span> <span class='ocrx_word' id='word_1_69' title='bbox 1518 564 1602 602; x_wconf 86' lang='lat' dir='ltr'>iam</span> <span class='ocrx_word' id='word_1_70' title='bbox 1626 563 1726 603; x_wconf 92' lang='lat' dir='ltr'>olim</span> <span class='ocrx_word' id='word_1_71' title='bbox 1751 563 1928 604; x_wconf 87' lang='lat' dir='ltr'>Romam</span> 
     </span>
     <span class='ocr_line' id='line_1_13' title="bbox 332 628 1930 680; baseline -0.001 -11"><span class='ocrx_word' id='word_1_72' title='bbox 332 633 476 670; x_wconf 91' lang='lat' dir='ltr'>euntes</span> <span class='ocrx_word' id='word_1_73' title='bbox 495 631 663 669; x_wconf 86' lang='lat' dir='ltr'>videndi</span> <span class='ocrx_word' id='word_1_74' title='bbox 683 631 794 669; x_wconf 87' lang='lat' dir='ltr'>Liuii</span> <span class='ocrx_word' id='word_1_75' title='bbox 814 644 945 680; x_wconf 86' lang='lat' dir='ltr'>causa,</span> <span class='ocrx_word' id='word_1_76' title='bbox 966 631 1168 669; x_wconf 78' lang='lat' dir='ltr'>referente</span> <span class='ocrx_word' id='word_1_77' title='bbox 1187 629 1284 668; x_wconf 93' lang='lat' dir='ltr'>diuo</span> <span class='ocrx_word' id='word_1_78' title='bbox 1304 629 1576 679; x_wconf 83' lang='lat' dir='ltr'>Hieronymo,</span> <span class='ocrx_word' id='word_1_79' title='bbox 1600 629 1801 680; x_wconf 85' lang='lat' dir='ltr'>fecerunt)</span> <span class='ocrx_word' id='word_1_80' title='bbox 1825 628 1930 669; x_wconf 81' lang='lat' dir='ltr'>scias</span> 
     </span>
     <span class='ocr_line' id='line_1_14' title="bbox 332 693 1924 746; baseline -0.001 -12"><span class='ocrx_word' id='word_1_81' title='bbox 332 699 421 736; x_wconf 90' lang='lat' dir='ltr'>tam</span> <span class='ocrx_word' id='word_1_82' title='bbox 435 696 573 734; x_wconf 89' lang='lat' dir='ltr'>abesse</span> <span class='ocrx_word' id='word_1_83' title='bbox 587 699 633 734; x_wconf 90' lang='lat' dir='ltr'>vt</span> <span class='ocrx_word' id='word_1_84' title='bbox 647 696 865 746; x_wconf 87' lang='lat' dir='ltr'>poeniteat,</span> <span class='ocrx_word' id='word_1_85' title='bbox 884 698 931 734; x_wconf 87' lang='lat' dir='ltr'>vt</span> <span class='ocrx_word' id='word_1_86' title='bbox 946 709 1147 745; x_wconf 83' lang='lat' dir='ltr'>magnum</span> <span class='ocrx_word' id='word_1_87' title='bbox 1162 695 1286 734; x_wconf 91' lang='lat' dir='ltr'>etiam</span> <span class='ocrx_word' id='word_1_88' title='bbox 1301 694 1443 733; x_wconf 88' lang='lat' dir='ltr'>fecisse</span> <span class='ocrx_word' id='word_1_89' title='bbox 1458 707 1610 732; x_wconf 91' lang='lat' dir='ltr'>nomen</span> <span class='ocrx_word' id='word_1_90' title='bbox 1626 693 1924 742; x_wconf 80' lang='lat' dir='ltr'>existimemus,</span> 
     </span>
     <span class='ocr_line' id='line_1_15' title="bbox 334 758 1930 812; baseline -0.001 -13"><span class='ocrx_word' id='word_1_91' title='bbox 334 775 418 800; x_wconf 90' lang='lat' dir='ltr'>non</span> <span class='ocrx_word' id='word_1_92' title='bbox 434 761 514 799; x_wconf 87' lang='lat' dir='ltr'>alia</span> <span class='ocrx_word' id='word_1_93' title='bbox 533 775 576 800; x_wconf 90' lang='lat' dir='ltr'>re</span> <span class='ocrx_word' id='word_1_94' title='bbox 591 763 724 812; x_wconf 86' lang='lat' dir='ltr'>magis</span> <span class='ocrx_word' id='word_1_95' title='bbox 738 761 965 811; x_wconf 84' lang='lat' dir='ltr'>gloriantes</span> <span class='ocrx_word' id='word_1_96' title='bbox 979 774 1103 811; x_wconf 89' lang='lat' dir='ltr'>quam</span> <span class='ocrx_word' id='word_1_97' title='bbox 1119 761 1342 799; x_wconf 84' lang='lat' dir='ltr'>Erasmum</span> <span class='ocrx_word' id='word_1_98' title='bbox 1361 758 1524 808; x_wconf 88' lang='lat' dir='ltr'>vidisse,</span> <span class='ocrx_word' id='word_1_99' title='bbox 1544 760 1685 798; x_wconf 85' lang='lat' dir='ltr'>virum</span> <span class='ocrx_word' id='word_1_100' title='bbox 1706 759 1756 798; x_wconf 89' lang='lat' dir='ltr'>de</span> <span class='ocrx_word' id='word_1_101' title='bbox 1775 759 1930 798; x_wconf 85' lang='lat' dir='ltr'>litteris</span> 
     </span>
    </p>
   </div>
   <div class='ocr_carea' id='block_1_8' title="bbox 298 824 1929 876">
    <p class='ocr_par' dir='ltr' id='par_1_9' title="bbox 298 824 1929 876">
     <span class='ocr_line' id='line_1_16' title="bbox 298 824 1929 876; baseline -0.001 -12"><span class='ocrx_word' id='word_1_102' title='bbox 298 844 313 873; x_wconf 73' lang='lat'><strong>5</strong></span> <span class='ocrx_word' id='word_1_103' title='bbox 334 826 650 876; x_wconf 87' lang='lat' dir='ltr'>Scripturaeque</span> <span class='ocrx_word' id='word_1_104' title='bbox 666 839 800 864; x_wconf 90' lang='lat' dir='ltr'>sacrae</span> <span class='ocrx_word' id='word_1_105' title='bbox 820 826 980 865; x_wconf 89' lang='lat' dir='ltr'>arcanis</span> <span class='ocrx_word' id='word_1_106' title='bbox 996 825 1313 864; x_wconf 85' lang='lat' dir='ltr'>meritissimum</span> <span class='ocrx_word' id='word_1_107' title='bbox 1329 839 1338 872; x_wconf 90' lang='lat'>;</span> <span class='ocrx_word' id='word_1_108' title='bbox 1363 824 1517 874; x_wconf 83' lang='lat' dir='ltr'>quique</span> <span class='ocrx_word' id='word_1_109' title='bbox 1533 824 1611 863; x_wconf 89' lang='lat' dir='ltr'>Dei</span> <span class='ocrx_word' id='word_1_110' title='bbox 1625 824 1929 874; x_wconf 89' lang='lat' dir='ltr'>hominumque</span> 
     </span>
    </p>
   </div>
   <div class='ocr_carea' id='block_1_9' title="bbox 334 889 1931 1854">
    <p class='ocr_par' dir='ltr' id='par_1_10' title="bbox 334 889 1931 1854">
     <span class='ocr_line' id='line_1_17' title="bbox 334 889 1929 941; baseline -0.001 -11"><span class='ocrx_word' id='word_1_111' title='bbox 334 891 392 930; x_wconf 88' lang='lat' dir='ltr'>ita</span> <span class='ocrx_word' id='word_1_112' title='bbox 424 891 623 930; x_wconf 83' lang='lat' dir='ltr'>charitate</span> <span class='ocrx_word' id='word_1_113' title='bbox 652 891 798 940; x_wconf 87' lang='lat' dir='ltr'>flagret</span> <span class='ocrx_word' id='word_1_114' title='bbox 834 893 880 929; x_wconf 87' lang='lat' dir='ltr'>vt</span> <span class='ocrx_word' id='word_1_115' title='bbox 912 890 1106 941; x_wconf 84' lang='lat' dir='ltr'>quiequid</span> <span class='ocrx_word' id='word_1_116' title='bbox 1140 890 1293 929; x_wconf 89' lang='lat' dir='ltr'>litteris</span> <span class='ocrx_word' id='word_1_117' title='bbox 1323 889 1592 939; x_wconf 86' lang='lat' dir='ltr'>impenditur,</span> <span class='ocrx_word' id='word_1_118' title='bbox 1627 889 1708 928; x_wconf 87' lang='lat' dir='ltr'>sibi</span> <span class='ocrx_word' id='word_1_119' title='bbox 1740 890 1929 940; x_wconf 89' lang='lat' dir='ltr'>impendi</span> 
     </span>
     <span class='ocr_line' id='line_1_18' title="bbox 334 953 1925 1007; baseline -0.001 -13"><span class='ocrx_word' id='word_1_120' title='bbox 334 958 476 1006; x_wconf 89' lang='lat' dir='ltr'>putet:</span> <span class='ocrx_word' id='word_1_121' title='bbox 510 970 583 1007; x_wconf 90' lang='lat' dir='ltr'>pro</span> <span class='ocrx_word' id='word_1_122' title='bbox 612 970 692 1007; x_wconf 92' lang='lat' dir='ltr'>quo</span> <span class='ocrx_word' id='word_1_123' title='bbox 718 956 819 995; x_wconf 89' lang='lat' dir='ltr'>item</span> <span class='ocrx_word' id='word_1_124' title='bbox 846 969 989 995; x_wconf 88' lang='lat' dir='ltr'>omnes</span> <span class='ocrx_word' id='word_1_125' title='bbox 1014 956 1117 994; x_wconf 91' lang='lat' dir='ltr'>bene</span> <span class='ocrx_word' id='word_1_126' title='bbox 1145 955 1301 1006; x_wconf 85' lang='lat' dir='ltr'>precari</span> <span class='ocrx_word' id='word_1_127' title='bbox 1324 956 1521 1005; x_wconf 83' lang='lat' dir='ltr'>oporteat,</span> <span class='ocrx_word' id='word_1_128' title='bbox 1545 956 1591 993; x_wconf 86' lang='lat' dir='ltr'>vt</span> <span class='ocrx_word' id='word_1_129' title='bbox 1616 968 1713 993; x_wconf 89' lang='lat' dir='ltr'>eum</span> <span class='ocrx_word' id='word_1_130' title='bbox 1741 954 1790 994; x_wconf 91' lang='lat' dir='ltr'>D.</span> <span class='ocrx_word' id='word_1_131' title='bbox 1810 954 1856 993; x_wconf 89' lang='grc' dir='ltr'>Ο.</span> <span class='ocrx_word' id='word_1_132' title='bbox 1871 953 1925 992; x_wconf 87' lang='grc' dir='ltr'>Μ.</span> 
     </span>
     <span class='ocr_line' id='line_1_19' title="bbox 334 1019 1930 1070; baseline -0.002 -10"><span class='ocrx_word' id='word_1_133' title='bbox 334 1021 588 1060; x_wconf 90' lang='lat' dir='ltr'>incolumem</span> <span class='ocrx_word' id='word_1_134' title='bbox 613 1023 759 1068; x_wconf 83' lang='lat' dir='ltr'>seruet,</span> <span class='ocrx_word' id='word_1_135' title='bbox 783 1024 829 1060; x_wconf 88' lang='lat' dir='ltr'>vt</span> <span class='ocrx_word' id='word_1_136' title='bbox 855 1023 1018 1060; x_wconf 86' lang='lat' dir='ltr'>sanctae</span> <span class='ocrx_word' id='word_1_137' title='bbox 1041 1020 1202 1059; x_wconf 88' lang='lat' dir='ltr'>litterae</span> <span class='ocrx_word' id='word_1_138' title='bbox 1227 1034 1251 1059; x_wconf 91' lang='lat' dir='ltr'>a</span> <span class='ocrx_word' id='word_1_139' title='bbox 1275 1019 1460 1058; x_wconf 87' lang='lat' dir='ltr'>barbarie</span> <span class='ocrx_word' id='word_1_140' title='bbox 1486 1019 1833 1070; x_wconf 87' lang='lat' dir='ltr'>sophismatisque</span> <span class='ocrx_word' id='word_1_141' title='bbox 1858 1032 1930 1070; x_wconf 89' lang='lat' dir='ltr'>per</span> 
     </span>
     <span class='ocr_line' id='line_1_20' title="bbox 335 1083 1929 1135; baseline -0.001 -12"><span class='ocrx_word' id='word_1_142' title='bbox 335 1099 430 1125; x_wconf 91' lang='lat' dir='ltr'>eum</span> <span class='ocrx_word' id='word_1_143' title='bbox 444 1086 675 1125; x_wconf 87' lang='lat' dir='ltr'>vindicatae</span> <span class='ocrx_word' id='word_1_144' title='bbox 690 1086 734 1124; x_wconf 90' lang='lat' dir='ltr'>in</span> <span class='ocrx_word' id='word_1_145' title='bbox 750 1086 1033 1135; x_wconf 86' lang='lat' dir='ltr'>perfectiorem</span> <span class='ocrx_word' id='word_1_146' title='bbox 1048 1088 1226 1124; x_wconf 87' lang='lat' dir='ltr'>aetatem</span> <span class='ocrx_word' id='word_1_147' title='bbox 1241 1085 1524 1134; x_wconf 87' lang='lat' dir='ltr'>grandescant,</span> <span class='ocrx_word' id='word_1_148' title='bbox 1540 1097 1593 1123; x_wconf 89' lang='lat' dir='ltr'>ne</span> <span class='ocrx_word' id='word_1_149' title='bbox 1607 1085 1783 1123; x_wconf 85' lang='lat' dir='ltr'>tenellae</span> <span class='ocrx_word' id='word_1_150' title='bbox 1795 1083 1929 1123; x_wconf 88' lang='lat' dir='ltr'>adhuc</span> 
     </span>
     <span class='ocr_line' id='line_1_21' title="bbox 336 1150 1931 1201; baseline -0.001 -12"><span class='ocrx_word' id='word_1_151' title='bbox 336 1152 450 1189; x_wconf 89' lang='lat' dir='ltr'>tanto</span> <span class='ocrx_word' id='word_1_152' title='bbox 487 1153 602 1201; x_wconf 86' lang='lat' dir='ltr'>patre</span> <span class='ocrx_word' id='word_1_153' title='bbox 636 1151 757 1189; x_wconf 88' lang='lat' dir='ltr'>orbae</span> <span class='ocrx_word' id='word_1_154' title='bbox 791 1151 996 1201; x_wconf 84' lang='lat' dir='ltr'>ingratius</span> <span class='ocrx_word' id='word_1_155' title='bbox 1032 1151 1258 1201; x_wconf 88' lang='lat' dir='ltr'>duriusque</span> <span class='ocrx_word' id='word_1_156' title='bbox 1294 1150 1535 1190; x_wconf 82' lang='lat' dir='ltr'>educentur.</span> <span class='ocrx_word' id='word_1_157' title='bbox 1603 1150 1691 1201; x_wconf 88' lang='lat' dir='ltr'>Ego</span> <span class='ocrx_word' id='word_1_158' title='bbox 1724 1151 1850 1198; x_wconf 88' lang='lat' dir='ltr'>enim,</span> <span class='ocrx_word' id='word_1_159' title='bbox 1884 1151 1931 1188; x_wconf 85' lang='lat' dir='ltr'>vt</span> 
     </span>
     <span class='ocr_line' id='line_1_22' title="bbox 334 1214 1930 1266; baseline -0.001 -12"><span class='ocrx_word' id='word_1_160' title='bbox 334 1216 501 1255; x_wconf 85' lang='lat' dir='ltr'>tandem</span> <span class='ocrx_word' id='word_1_161' title='bbox 522 1216 629 1254; x_wconf 88' lang='lat' dir='ltr'>hanc</span> <span class='ocrx_word' id='word_1_162' title='bbox 648 1215 903 1266; x_wconf 84' lang='lat' dir='ltr'>tragoediam</span> <span class='ocrx_word' id='word_1_163' title='bbox 923 1216 1138 1265; x_wconf 87' lang='lat' dir='ltr'>exeiulem,</span> <span class='ocrx_word' id='word_1_164' title='bbox 1159 1229 1234 1266; x_wconf 90' lang='lat' dir='ltr'>pro</span> <span class='ocrx_word' id='word_1_165' title='bbox 1253 1215 1298 1253; x_wconf 91' lang='lat' dir='ltr'>in</span> <span class='ocrx_word' id='word_1_166' title='bbox 1323 1216 1540 1254; x_wconf 87' lang='lat' dir='ltr'>vniuersos</span> <span class='ocrx_word' id='word_1_167' title='bbox 1566 1217 1640 1253; x_wconf 87' lang='lat' dir='ltr'>tua</span> <span class='ocrx_word' id='word_1_168' title='bbox 1659 1214 1792 1254; x_wconf 86' lang='lat' dir='ltr'>isthac</span> <span class='ocrx_word' id='word_1_169' title='bbox 1810 1214 1930 1252; x_wconf 88' lang='lat' dir='ltr'>bene-</span> 
     </span>
     <span class='ocr_line' id='line_1_23' title="bbox 335 1280 1930 1331; baseline -0.001 -12"><span class='ocrx_word' id='word_1_170' title='bbox 335 1281 512 1330; x_wconf 86' lang='lat' dir='ltr'>ficentia,</span> <span class='ocrx_word' id='word_1_171' title='bbox 543 1295 631 1320; x_wconf 90' lang='lat' dir='ltr'>sero</span> <span class='ocrx_word' id='word_1_172' title='bbox 660 1281 766 1329; x_wconf 89' lang='lat' dir='ltr'>licet,</span> <span class='ocrx_word' id='word_1_173' title='bbox 798 1281 875 1320; x_wconf 90' lang='lat' dir='ltr'>tibi</span> <span class='ocrx_word' id='word_1_174' title='bbox 905 1282 1063 1321; x_wconf 92' lang='lat' dir='ltr'>dudum</span> <span class='ocrx_word' id='word_1_175' title='bbox 1096 1282 1204 1331; x_wconf 90' lang='lat' dir='ltr'>quod</span> <span class='ocrx_word' id='word_1_176' title='bbox 1233 1281 1392 1320; x_wconf 84' lang='lat' dir='ltr'>Socrati</span> <span class='ocrx_word' id='word_1_177' title='bbox 1421 1280 1650 1319; x_wconf 84' lang='lat' dir='ltr'>Aeschines</span> <span class='ocrx_word' id='word_1_178' title='bbox 1680 1282 1930 1330; x_wconf 83' lang='lat' dir='ltr'>(quanquam</span> 
     </span>
     <span class='ocr_line' id='line_1_24' title="bbox 336 1345 1925 1397; baseline -0.001 -13"><span class='ocrx_word' id='word_1_179' title='bbox 336 1347 552 1396; x_wconf 88' lang='lat' dir='ltr'>imparem)</span> <span class='ocrx_word' id='word_1_180' title='bbox 567 1347 729 1385; x_wconf 88' lang='lat' dir='ltr'>donaui.</span> <span class='ocrx_word' id='word_1_181' title='bbox 779 1348 839 1385; x_wconf 89' lang='lat' dir='ltr'>At</span> <span class='ocrx_word' id='word_1_182' title='bbox 862 1347 949 1396; x_wconf 83' lang='lat' dir='ltr'>(si)</span> <span class='ocrx_word' id='word_1_183' title='bbox 968 1361 1052 1385; x_wconf 92' lang='grc'>11011</span> <span class='ocrx_word' id='word_1_184' title='bbox 1065 1347 1214 1397; x_wconf 86' lang='lat' dir='ltr'>accipis</span> <span class='ocrx_word' id='word_1_185' title='bbox 1228 1347 1306 1385; x_wconf 89' lang='lat' dir='ltr'>hoc</span> <span class='ocrx_word' id='word_1_186' title='bbox 1321 1348 1362 1384; x_wconf 90' lang='lat' dir='ltr'>te</span> <span class='ocrx_word' id='word_1_187' title='bbox 1378 1346 1536 1384; x_wconf 91' lang='lat' dir='ltr'>donum</span> <span class='ocrx_word' id='word_1_188' title='bbox 1551 1345 1727 1384; x_wconf 89' lang='lat' dir='ltr'>minime</span> <span class='ocrx_word' id='word_1_189' title='bbox 1740 1345 1925 1394; x_wconf 88' lang='lat' dir='ltr'>dignum,</span> 
     </span>
     <span class='ocr_line' id='line_1_25' title="bbox 335 1410 1930 1462; baseline -0.001 -12"><span class='ocrx_word' id='word_1_190' title='bbox 335 1412 523 1450; x_wconf 84' lang='lat' dir='ltr'>adiiciam</span> <span class='ocrx_word' id='word_1_191' title='bbox 544 1411 639 1462; x_wconf 92' lang='lat' dir='ltr'>plus</span> <span class='ocrx_word' id='word_1_192' title='bbox 659 1425 783 1461; x_wconf 88' lang='lat' dir='ltr'>quam</span> <span class='ocrx_word' id='word_1_193' title='bbox 804 1412 1008 1450; x_wconf 87' lang='lat' dir='ltr'>Corinthii</span> <span class='ocrx_word' id='word_1_194' title='bbox 1027 1412 1077 1451; x_wconf 88' lang='lat' dir='ltr'>ab</span> <span class='ocrx_word' id='word_1_195' title='bbox 1097 1412 1336 1451; x_wconf 84' lang='lat' dir='ltr'>Alexandro</span> <span class='ocrx_word' id='word_1_196' title='bbox 1361 1411 1502 1460; x_wconf 86' lang='lat' dir='ltr'>spreti,</span> <span class='ocrx_word' id='word_1_197' title='bbox 1525 1424 1591 1449; x_wconf 90' lang='lat' dir='ltr'>me</span> <span class='ocrx_word' id='word_1_198' title='bbox 1618 1423 1750 1461; x_wconf 88' lang='lat' dir='ltr'>neque</span> <span class='ocrx_word' id='word_1_199' title='bbox 1770 1410 1930 1449; x_wconf 84' lang='lat' dir='ltr'>dedisse</span> 
     </span>
     <span class='ocr_line' id='line_1_26' title="bbox 335 1474 1929 1527; baseline -0.001 -12"><span class='ocrx_word' id='word_1_200' title='bbox 335 1489 521 1526; x_wconf 89' lang='lat' dir='ltr'>vnquam</span> <span class='ocrx_word' id='word_1_201' title='bbox 549 1490 623 1514; x_wconf 88' lang='lat' dir='ltr'>nec</span> <span class='ocrx_word' id='word_1_202' title='bbox 650 1477 845 1515; x_wconf 89' lang='lat' dir='ltr'>daturum</span> <span class='ocrx_word' id='word_1_203' title='bbox 873 1477 967 1516; x_wconf 87' lang='lat' dir='ltr'>alii:</span> <span class='ocrx_word' id='word_1_204' title='bbox 998 1477 1106 1527; x_wconf 88' lang='lat' dir='ltr'>quod</span> <span class='ocrx_word' id='word_1_205' title='bbox 1134 1477 1170 1515; x_wconf 91' lang='lat' dir='ltr'>si</span> <span class='ocrx_word' id='word_1_206' title='bbox 1198 1490 1272 1515; x_wconf 88' lang='lat' dir='ltr'>nec</span> <span class='ocrx_word' id='word_1_207' title='bbox 1299 1477 1358 1515; x_wconf 91' lang='lat' dir='ltr'>sic</span> <span class='ocrx_word' id='word_1_208' title='bbox 1385 1476 1554 1525; x_wconf 90' lang='lat' dir='ltr'>quidem</span> <span class='ocrx_word' id='word_1_209' title='bbox 1580 1475 1738 1526; x_wconf 84' lang='lat' dir='ltr'>accipis,</span> <span class='ocrx_word' id='word_1_210' title='bbox 1761 1477 1826 1514; x_wconf 87' lang='lat' dir='ltr'>sat</span> <span class='ocrx_word' id='word_1_211' title='bbox 1851 1474 1929 1514; x_wconf 87' lang='lat' dir='ltr'>erit</span> 
     </span>
     <span class='ocr_line' id='line_1_27' title="bbox 335 1541 1930 1591; baseline -0.001 -11"><span class='ocrx_word' id='word_1_212' title='bbox 335 1555 357 1580; x_wconf 89' lang='lat' dir='ltr'>a</span> <span class='ocrx_word' id='word_1_213' title='bbox 372 1544 414 1580; x_wconf 91' lang='lat' dir='ltr'>te</span> <span class='ocrx_word' id='word_1_214' title='bbox 429 1542 637 1591; x_wconf 87' lang='lat' dir='ltr'>repulsam</span> <span class='ocrx_word' id='word_1_215' title='bbox 653 1554 821 1591; x_wconf 84' lang='lat' dir='ltr'>passum</span> <span class='ocrx_word' id='word_1_216' title='bbox 837 1555 924 1580; x_wconf 90' lang='lat' dir='ltr'>esse</span> <span class='ocrx_word' id='word_1_217' title='bbox 934 1557 942 1589; x_wconf 89' lang='lat'>;</span> <span class='ocrx_word' id='word_1_218' title='bbox 970 1555 1066 1580; x_wconf 86' lang='lat' dir='ltr'>nam</span> <span class='ocrx_word' id='word_1_219' title='bbox 1082 1542 1187 1580; x_wconf 92' lang='lat' dir='ltr'>nihil</span> <span class='ocrx_word' id='word_1_220' title='bbox 1204 1541 1462 1580; x_wconf 87' lang='lat' dir='ltr'>emendatius</span> <span class='ocrx_word' id='word_1_221' title='bbox 1473 1541 1605 1580; x_wconf 87' lang='lat' dir='ltr'>vitam</span> <span class='ocrx_word' id='word_1_222' title='bbox 1621 1541 1789 1591; x_wconf 88' lang='lat' dir='ltr'>corrigit</span> <span class='ocrx_word' id='word_1_223' title='bbox 1804 1553 1930 1591; x_wconf 89' lang='lat' dir='ltr'>quam</span> 
     </span>
     <span class='ocr_line' id='line_1_28' title="bbox 334 1605 1930 1656; baseline -0.001 -11"><span class='ocrx_word' id='word_1_224' title='bbox 334 1606 487 1645; x_wconf 89' lang='lat' dir='ltr'>talibus</span> <span class='ocrx_word' id='word_1_225' title='bbox 507 1605 764 1655; x_wconf 81' lang='lat' dir='ltr'>displicuisse</span> <span class='ocrx_word' id='word_1_226' title='bbox 783 1607 895 1646; x_wconf 85' lang='lat' dir='ltr'>viris.</span> <span class='ocrx_word' id='word_1_227' title='bbox 956 1607 1064 1646; x_wconf 89' lang='lat' dir='ltr'>Nam</span> <span class='ocrx_word' id='word_1_228' title='bbox 1083 1609 1124 1645; x_wconf 90' lang='lat' dir='ltr'>et</span> <span class='ocrx_word' id='word_1_229' title='bbox 1150 1606 1253 1645; x_wconf 87' lang='lat' dir='ltr'>velis</span> <span class='ocrx_word' id='word_1_230' title='bbox 1279 1606 1388 1645; x_wconf 89' lang='lat' dir='ltr'>nolis</span> <span class='ocrx_word' id='word_1_231' title='bbox 1408 1606 1624 1645; x_wconf 87' lang='lat' dir='ltr'>meliorem</span> <span class='ocrx_word' id='word_1_232' title='bbox 1652 1619 1718 1645; x_wconf 89' lang='lat' dir='ltr'>me</span> <span class='ocrx_word' id='word_1_233' title='bbox 1743 1605 1850 1645; x_wconf 85' lang='lat' dir='ltr'>mihi</span> <span class='ocrx_word' id='word_1_234' title='bbox 1869 1606 1930 1656; x_wconf 87' lang='lat' dir='ltr'>(vt</span> 
     </span>
     <span class='ocr_line' id='line_1_29' title="bbox 335 1671 1930 1722; baseline 0 -13"><span class='ocrx_word' id='word_1_235' title='bbox 335 1672 469 1721; x_wconf 90' lang='lat' dir='ltr'>spero)</span> <span class='ocrx_word' id='word_1_236' title='bbox 496 1672 688 1710; x_wconf 88' lang='lat' dir='ltr'>restitues</span> <span class='ocrx_word' id='word_1_237' title='bbox 714 1672 894 1720; x_wconf 85' lang='lat' dir='ltr'>tandem,</span> <span class='ocrx_word' id='word_1_238' title='bbox 925 1671 996 1710; x_wconf 85' lang='lat' dir='ltr'>vbi</span> <span class='ocrx_word' id='word_1_239' title='bbox 1029 1673 1101 1709; x_wconf 88' lang='lat' dir='ltr'>tuo</span> <span class='ocrx_word' id='word_1_240' title='bbox 1133 1671 1217 1709; x_wconf 88' lang='lat' dir='ltr'>iam</span> <span class='ocrx_word' id='word_1_241' title='bbox 1252 1671 1458 1721; x_wconf 81' lang='lat' dir='ltr'>mancipio</span> <span class='ocrx_word' id='word_1_242' title='bbox 1489 1671 1802 1722; x_wconf 84' lang='lat' dir='ltr'>quomodolibet</span> <span class='ocrx_word' id='word_1_243' title='bbox 1830 1683 1930 1710; x_wconf 79' lang='lat' dir='ltr'>vsus</span> 
     </span>
     <span class='ocr_line' id='line_1_30' title="bbox 335 1735 848 1774; baseline 0 0"><span class='ocrx_word' id='word_1_244' title='bbox 335 1736 473 1774; x_wconf 85' lang='lat' dir='ltr'>fueris.</span> <span class='ocrx_word' id='word_1_245' title='bbox 533 1735 727 1774; x_wconf 88' lang='lat' dir='ltr'>Feliciter</span> <span class='ocrx_word' id='word_1_246' title='bbox 745 1736 848 1774; x_wconf 84' lang='lat' dir='ltr'>vale.</span> 
     </span>
     <span class='ocr_line' id='line_1_31' title="bbox 390 1799 1259 1854; baseline 0.001 -15"><span class='ocrx_word' id='word_1_247' title='bbox 390 1801 453 1840; x_wconf 85' lang='lat' dir='ltr'>Ex</span> <span class='ocrx_word' id='word_1_248' title='bbox 472 1802 645 1841; x_wconf 84' lang='lat' dir='ltr'>Clarona</span> <span class='ocrx_word' id='word_1_249' title='bbox 663 1801 710 1840; x_wconf 91' lang='lat' dir='ltr'>iii</span> <span class='ocrx_word' id='word_1_250' title='bbox 731 1801 813 1840; x_wconf 89' lang='lat' dir='ltr'>Cal.</span> <span class='ocrx_word' id='word_1_251' title='bbox 837 1801 937 1840; x_wconf 76' lang='lat' dir='ltr'>Maii</span> <span class='ocrx_word' id='word_1_252' title='bbox 957 1803 1082 1840; x_wconf 93' lang='lat' dir='ltr'>Anno</span> <span class='ocrx_word' id='word_1_253' title='bbox 1103 1799 1259 1854; x_wconf 63' lang='lat'><strong>[1515]</strong></span> 
     </span>
    </p>
   </div>
   <div class='ocr_carea' id='block_1_10' title="bbox 715 1947 1548 1990">
    <p class='ocr_par' dir='ltr' id='par_1_11' title="bbox 715 1947 1548 1990">
     <span class='ocr_line' id='line_1_32' title="bbox 715 1947 1548 1990; baseline 0.001 -2"><span class='ocrx_word' id='word_1_254' title='bbox 715 1947 867 1988; x_wconf 69' lang='grc'>395402.</span> <span class='ocrx_word' id='word_1_255' title='bbox 930 1947 994 1988; x_wconf 86' lang='lat' dir='ltr'>To</span> <span class='ocrx_word' id='word_1_256' title='bbox 1023 1947 1265 1990; x_wconf 79' lang='lat' dir='ltr'>NioHoLAs</span> <span class='ocrx_word' id='word_1_257' title='bbox 1296 1947 1548 1990; x_wconf 85' lang='lat' dir='ltr'>ELLENBOG.</span> 
     </span>
    </p>
   </div>
   <div class='ocr_carea' id='block_1_11' title="bbox 384 2036 1881 2142">
    <p class='ocr_par' dir='ltr' id='par_1_12' title="bbox 384 2036 1881 2142">
     <span class='ocr_line' id='line_1_33' title="bbox 384 2036 1826 2085; baseline 0.001 -14"><span class='ocrx_word' id='word_1_258' title='bbox 384 2036 574 2082; x_wconf 86' lang='lat' dir='ltr'>Stuttgart</span> <span class='ocrx_word' id='word_1_259' title='bbox 593 2037 668 2073; x_wconf 87' lang='lat' dir='ltr'>Ms.</span> <span class='ocrx_word' id='word_1_260' title='bbox 690 2037 787 2073; x_wconf 87' lang='lat' dir='ltr'>Hist.</span> <span class='ocrx_word' id='word_1_261' title='bbox 810 2037 849 2080; x_wconf 85' lang='lat' dir='ltr'>Q.</span> <span class='ocrx_word' id='word_1_262' title='bbox 868 2048 924 2083; x_wconf 87' lang='lat'>99,</span> <span class='ocrx_word' id='word_1_263' title='bbox 944 2037 969 2073; x_wconf 88' lang='lat' dir='ltr'>f.</span> <span class='ocrx_word' id='word_1_264' title='bbox 987 2048 1068 2083; x_wconf 86' lang='lat'>213.</span> <span class='ocrx_word' id='word_1_265' title='bbox 1656 2036 1826 2085; x_wconf 84' lang='lat' dir='ltr'>&lt;Basle.&gt;</span> 
     </span>
     <span class='ocr_line' id='line_1_34' title="bbox 384 2093 1881 2142; baseline 0.001 -13"><span class='ocrx_word' id='word_1_266' title='bbox 384 2094 586 2139; x_wconf 80' lang='lat' dir='ltr'>H01awitz,</span> <span class='ocrx_word' id='word_1_267' title='bbox 605 2094 826 2130; x_wconf 84' lang='lat' dir='ltr'>Erasmiana</span> <span class='ocrx_word' id='word_1_268' title='bbox 842 2095 865 2131; x_wconf 90' lang='lat' dir='ltr'>i.</span> <span class='ocrx_word' id='word_1_269' title='bbox 885 2106 938 2131; x_wconf 87' lang='lat'>22.</span> <span class='ocrx_word' id='word_1_270' title='bbox 1605 2093 1733 2142; x_wconf 87' lang='lat' dir='ltr'>(April</span> <span class='ocrx_word' id='word_1_271' title='bbox 1754 2093 1881 2142; x_wconf 83' lang='lat'>1516.)</span> 
     </span>
    </p>
   </div>
   <div class='ocr_carea' id='block_1_12' title="bbox 411 2191 1855 2293">
    <p class='ocr_par' dir='ltr' id='par_1_13' title="bbox 411 2191 1855 2293">
     <span class='ocr_line' id='line_1_35' title="bbox 411 2191 1855 2224; baseline 0 -2"><span class='ocrx_word' id='word_1_272' title='bbox 411 2191 616 2222; x_wconf 81' lang='lat' dir='ltr'><strong>ERASMVS</strong></span> <span class='ocrx_word' id='word_1_273' title='bbox 645 2192 978 2223; x_wconf 86' lang='lat' dir='ltr'><strong>ROTERODAMVS</strong></span> <span class='ocrx_word' id='word_1_274' title='bbox 1008 2192 1204 2224; x_wconf 85' lang='lat' dir='ltr'>NICOLAO</span> <span class='ocrx_word' id='word_1_275' title='bbox 1235 2192 1518 2223; x_wconf 87' lang='lat' dir='ltr'>ELLENBOGIO</span> <span class='ocrx_word' id='word_1_276' title='bbox 1550 2192 1632 2223; x_wconf 92' lang='lat' dir='ltr'>SVO</span> <span class='ocrx_word' id='word_1_277' title='bbox 1663 2192 1855 2223; x_wconf 87' lang='lat' dir='ltr'><strong>FRATRIS</strong></span> 
     </span>
     <span class='ocr_line' id='line_1_36' title="bbox 901 2260 1367 2293; baseline 0.002 -2"><span class='ocrx_word' id='word_1_278' title='bbox 901 2261 1008 2292; x_wconf 89' lang='lat' dir='ltr'>VICE</span> <span class='ocrx_word' id='word_1_279' title='bbox 1038 2261 1232 2293; x_wconf 86' lang='lat' dir='ltr'><strong>DILECTO</strong></span> <span class='ocrx_word' id='word_1_280' title='bbox 1263 2260 1295 2291; x_wconf 86' lang='lat' dir='ltr'>S.</span> <span class='ocrx_word' id='word_1_281' title='bbox 1324 2261 1367 2292; x_wconf 90' lang='lat' dir='ltr'>D.</span> 
     </span>
    </p>
   </div>
   <div class='ocr_carea' id='block_1_13' title="bbox 336 2336 1947 2712">
    <p class='ocr_par' dir='ltr' id='par_1_14' title="bbox 336 2336 1947 2712">
     <span class='ocr_line' id='line_1_37' title="bbox 392 2336 1931 2386; baseline 0.001 -12"><span class='ocrx_word' id='word_1_282' title='bbox 392 2336 676 2375; x_wconf 74' lang='lat' dir='ltr'>HmnoNYmvs</span> <span class='ocrx_word' id='word_1_283' title='bbox 695 2336 746 2374; x_wconf 88' lang='lat' dir='ltr'>ad</span> <span class='ocrx_word' id='word_1_284' title='bbox 766 2336 1005 2386; x_wconf 82' lang='lat' dir='ltr'>proximum</span> <span class='ocrx_word' id='word_1_285' title='bbox 1025 2339 1277 2375; x_wconf 90' lang='lat' dir='ltr'>autumnum</span> <span class='ocrx_word' id='word_1_286' title='bbox 1295 2336 1545 2375; x_wconf 88' lang='lat' dir='ltr'>absoluetur.</span> <span class='ocrx_word' id='word_1_287' title='bbox 1604 2336 1774 2376; x_wconf 89' lang='lat' dir='ltr'>Nouum</span> <span class='ocrx_word' id='word_1_288' title='bbox 1795 2338 1931 2376; x_wconf 87' lang='lat' dir='ltr'>Testa-</span> 
     </span>
     <span class='ocr_line' id='line_1_38' title="bbox 336 2401 1932 2452; baseline 0.001 -12"><span class='ocrx_word' id='word_1_289' title='bbox 336 2403 527 2440; x_wconf 89' lang='lat' dir='ltr'>mentum</span> <span class='ocrx_word' id='word_1_290' title='bbox 547 2401 860 2451; x_wconf 84' lang='lat' dir='ltr'>praecipitatum</span> <span class='ocrx_word' id='word_1_291' title='bbox 880 2403 942 2440; x_wconf 89' lang='lat' dir='ltr'>est</span> <span class='ocrx_word' id='word_1_292' title='bbox 957 2401 1096 2440; x_wconf 88' lang='lat' dir='ltr'>verius</span> <span class='ocrx_word' id='word_1_293' title='bbox 1116 2415 1240 2452; x_wconf 88' lang='lat' dir='ltr'>quam</span> <span class='ocrx_word' id='word_1_294' title='bbox 1261 2401 1458 2450; x_wconf 88' lang='lat' dir='ltr'>aeditum‚</span> <span class='ocrx_word' id='word_1_295' title='bbox 1478 2404 1519 2440; x_wconf 87' lang='lat' dir='ltr'>et</span> <span class='ocrx_word' id='word_1_296' title='bbox 1538 2403 1681 2440; x_wconf 90' lang='lat' dir='ltr'>tamen</span> <span class='ocrx_word' id='word_1_297' title='bbox 1696 2403 1754 2441; x_wconf 90' lang='lat' dir='ltr'>sic</span> <span class='ocrx_word' id='word_1_298' title='bbox 1773 2402 1932 2441; x_wconf 92' lang='lat' dir='ltr'>editum</span> 
     </span>
     <span class='ocr_line' id='line_1_39' title="bbox 336 2466 1932 2516; baseline 0.001 -11"><span class='ocrx_word' id='word_1_299' title='bbox 336 2469 383 2505; x_wconf 90' lang='lat' dir='ltr'>vt</span> <span class='ocrx_word' id='word_1_300' title='bbox 410 2466 454 2505; x_wconf 91' lang='lat' dir='ltr'>in</span> <span class='ocrx_word' id='word_1_301' title='bbox 483 2466 561 2505; x_wconf 90' lang='lat' dir='ltr'>hoc</span> <span class='ocrx_word' id='word_1_302' title='bbox 590 2479 686 2505; x_wconf 88' lang='lat' dir='ltr'>sane</span> <span class='ocrx_word' id='word_1_303' title='bbox 712 2479 858 2516; x_wconf 89' lang='lat' dir='ltr'>genere</span> <span class='ocrx_word' id='word_1_304' title='bbox 888 2467 1119 2516; x_wconf 88' lang='lat' dir='ltr'>superiores</span> <span class='ocrx_word' id='word_1_305' title='bbox 1149 2467 1307 2505; x_wconf 88' lang='lat' dir='ltr'>omneis</span> <span class='ocrx_word' id='word_1_306' title='bbox 1336 2466 1569 2506; x_wconf 89' lang='lat' dir='ltr'>vicerimus.</span> <span class='ocrx_word' id='word_1_307' title='bbox 1630 2468 1748 2516; x_wconf 83' lang='lat' dir='ltr'>Quod</span> <span class='ocrx_word' id='word_1_308' title='bbox 1778 2468 1932 2506; x_wconf 88' lang='lat' dir='ltr'>nostris</span> 
     </span>
     <span class='ocr_line' id='line_1_40' title="bbox 337 2531 1931 2583; baseline 0.001 -14"><span class='ocrx_word' id='word_1_309' title='bbox 337 2532 460 2582; x_wconf 86' lang='lat' dir='ltr'>nugis</span> <span class='ocrx_word' id='word_1_310' title='bbox 493 2531 717 2579; x_wconf 87' lang='lat' dir='ltr'>delectaris,</span> <span class='ocrx_word' id='word_1_311' title='bbox 755 2545 849 2570; x_wconf 89' lang='lat' dir='ltr'>amo</span> <span class='ocrx_word' id='word_1_312' title='bbox 881 2533 1002 2570; x_wconf 90' lang='lat' dir='ltr'>tuum</span> <span class='ocrx_word' id='word_1_313' title='bbox 1037 2532 1257 2570; x_wconf 87' lang='lat' dir='ltr'>candorem</span> <span class='ocrx_word' id='word_1_314' title='bbox 1287 2534 1328 2570; x_wconf 91' lang='lat' dir='ltr'>et</span> <span class='ocrx_word' id='word_1_315' title='bbox 1361 2533 1548 2570; x_wconf 91' lang='lat' dir='ltr'>studium</span> <span class='ocrx_word' id='word_1_316' title='bbox 1583 2546 1680 2583; x_wconf 87' lang='lat' dir='ltr'>erga</span> <span class='ocrx_word' id='word_1_317' title='bbox 1713 2546 1780 2571; x_wconf 91' lang='lat' dir='ltr'>me</span> <span class='ocrx_word' id='word_1_318' title='bbox 1809 2535 1931 2572; x_wconf 87' lang='lat' dir='ltr'>tuum</span> 
     </span>
     <span class='ocr_line' id='line_1_41' title="bbox 337 2596 1932 2647; baseline 0.001 -13"><span class='ocrx_word' id='word_1_319' title='bbox 337 2597 587 2647; x_wconf 82' lang='lat' dir='ltr'>amplector3</span> <span class='ocrx_word' id='word_1_320' title='bbox 631 2596 797 2635; x_wconf 89' lang='lat' dir='ltr'>laudem</span> <span class='ocrx_word' id='word_1_321' title='bbox 836 2596 944 2635; x_wconf 91' lang='lat' dir='ltr'>nihil</span> <span class='ocrx_word' id='word_1_322' title='bbox 982 2609 1131 2635; x_wconf 90' lang='lat' dir='ltr'>moror.</span> <span class='ocrx_word' id='word_1_323' title='bbox 1203 2596 1295 2635; x_wconf 89' lang='lat' dir='ltr'>Hoc</span> <span class='ocrx_word' id='word_1_324' title='bbox 1332 2597 1488 2647; x_wconf 89' lang='lat' dir='ltr'>gratius</span> <span class='ocrx_word' id='word_1_325' title='bbox 1526 2597 1661 2645; x_wconf 88' lang='lat' dir='ltr'>fuerit,</span> <span class='ocrx_word' id='word_1_326' title='bbox 1698 2598 1734 2636; x_wconf 88' lang='lat' dir='ltr'>si</span> <span class='ocrx_word' id='word_1_327' title='bbox 1767 2597 1932 2638; x_wconf 85' lang='lat' dir='ltr'>Christo</span> 
     </span>
     <span class='ocr_line' id='line_1_42' title="bbox 339 2662 1947 2712; baseline -0.001 -11"><span class='ocrx_word' id='word_1_328' title='bbox 339 2675 406 2701; x_wconf 91' lang='lat' dir='ltr'>me</span> <span class='ocrx_word' id='word_1_329' title='bbox 444 2662 717 2710; x_wconf 89' lang='lat' dir='ltr'>commendas,</span> <span class='ocrx_word' id='word_1_330' title='bbox 757 2675 780 2700; x_wconf 89' lang='lat' dir='ltr'>a</span> <span class='ocrx_word' id='word_1_331' title='bbox 819 2675 899 2711; x_wconf 92' lang='lat' dir='ltr'>quo</span> <span class='ocrx_word' id='word_1_332' title='bbox 936 2662 1100 2712; x_wconf 88' lang='lat' dir='ltr'>probari</span> <span class='ocrx_word' id='word_1_333' title='bbox 1132 2675 1228 2702; x_wconf 86' lang='lat' dir='ltr'>vera</span> <span class='ocrx_word' id='word_1_334' title='bbox 1265 2662 1470 2701; x_wconf 87' lang='lat' dir='ltr'>foelicitas</span> <span class='ocrx_word' id='word_1_335' title='bbox 1506 2664 1580 2701; x_wconf 89' lang='lat' dir='ltr'>est.</span> <span class='ocrx_word' id='word_1_336' title='bbox 1652 2663 1741 2701; x_wconf 88' lang='lat' dir='ltr'>Tua</span> <span class='ocrx_word' id='word_1_337' title='bbox 1771 2662 1947 2712; x_wconf 85' lang='lat' dir='ltr'>phrasis·</span> 
     </span>
    </p>
   </div>
   <div class='ocr_carea' id='block_1_14' title="bbox 341 2753 1930 2879">
    <p class='ocr_par' dir='ltr' id='par_1_15' title="bbox 341 2753 1930 2879">
     <span class='ocr_line' id='line_1_43' title="bbox 384 2753 1930 2793; baseline 0 -10"><span class='ocrx_word' id='word_1_338' title='bbox 384 2754 458 2784; x_wconf 90' lang='grc'>401.</span> <span class='ocrx_word' id='word_1_339' title='bbox 487 2763 535 2792; x_wconf 86' lang='lat'>17.</span> <span class='ocrx_word' id='word_1_340' title='bbox 565 2753 619 2792; x_wconf 86' lang='lat' dir='ltr'>(vt</span> <span class='ocrx_word' id='word_1_341' title='bbox 636 2755 764 2791; x_wconf 74' lang='lat' dir='ltr'>scripsi:</span> <span class='ocrx_word' id='word_1_342' title='bbox 790 2753 843 2793; x_wconf 87' lang='lat' dir='ltr'>(et</span> <span class='ocrx_word' id='word_1_343' title='bbox 860 2756 927 2784; x_wconf 90' lang='lat' dir='ltr'>MS.</span> <span class='ocrx_word' id='word_1_344' title='bbox 975 2755 1017 2790; x_wconf 73' lang='lat' dir='ltr'>Os.</span> <span class='ocrx_word' id='word_1_345' title='bbox 1037 2755 1095 2791; x_wconf 78' lang='lat' dir='ltr'>Ep.</span> <span class='ocrx_word' id='word_1_346' title='bbox 1114 2754 1186 2792; x_wconf 85' lang='lat'>328.</span> <span class='ocrx_word' id='word_1_347' title='bbox 1204 2764 1256 2792; x_wconf 87' lang='lat'>40.</span> <span class='ocrx_word' id='word_1_348' title='bbox 1415 2764 1466 2792; x_wconf 87' lang='lat'>23.</span> <span class='ocrx_word' id='word_1_349' title='bbox 1493 2756 1568 2785; x_wconf 84' lang='lat' dir='ltr'>tam</span> <span class='ocrx_word' id='word_1_350' title='bbox 1584 2757 1651 2785; x_wconf 79' lang='lat' dir='ltr'>MS.</span> <span class='ocrx_word' id='word_1_351' title='bbox 1675 2753 1764 2791; x_wconf 41' lang='lat' dir='ltr'>(tafit</span> <span class='ocrx_word' id='word_1_352' title='bbox 1788 2754 1930 2785; x_wconf 83' lang='lat' dir='ltr'>tantum</span> 
     </span>
     <span class='ocr_line' id='line_1_44' title="bbox 341 2797 1927 2836; baseline 0.001 -11"><span class='ocrx_word' id='word_1_353' title='bbox 341 2799 403 2826; x_wconf 81' lang='lat' dir='ltr'>Zw.</span> <span class='ocrx_word' id='word_1_354' title='bbox 431 2799 468 2827; x_wconf 87' lang='grc' dir='ltr'>Ε.</span> <span class='ocrx_word' id='word_1_355' title='bbox 494 2797 590 2836; x_wconf 68' lang='lat' dir='ltr'>(tm).</span> <span class='ocrx_word' id='word_1_356' title='bbox 724 2806 788 2826; x_wconf 88' lang='lat' dir='ltr'>nos</span> <span class='ocrx_word' id='word_1_357' title='bbox 811 2800 880 2833; x_wconf 73' lang='lat' dir='ltr'>post</span> <span class='ocrx_word' id='word_1_358' title='bbox 906 2806 1038 2827; x_wconf 90' lang='lat' dir='ltr'>nomen</span> <span class='ocrx_word' id='word_1_359' title='bbox 1066 2800 1138 2828; x_wconf 75' lang='lat' dir='ltr'>adol.</span> <span class='ocrx_word' id='word_1_360' title='bbox 1165 2800 1227 2828; x_wconf 84' lang='lat' dir='ltr'>Zw.</span> <span class='ocrx_word' id='word_1_361' title='bbox 1252 2800 1289 2828; x_wconf 88' lang='lat' dir='ltr'>E.</span> <span class='ocrx_word' id='word_1_362' title='bbox 1447 2808 1497 2836; x_wconf 89' lang='lat'>27.</span> <span class='ocrx_word' id='word_1_363' title='bbox 1535 2807 1616 2828; x_wconf 89' lang='lat' dir='ltr'>eum</span> <span class='ocrx_word' id='word_1_364' title='bbox 1644 2800 1718 2828; x_wconf 91' lang='lat' dir='ltr'>LB:</span> <span class='ocrx_word' id='word_1_365' title='bbox 1754 2798 1832 2828; x_wconf 90' lang='lat' dir='ltr'>tum</span> <span class='ocrx_word' id='word_1_366' title='bbox 1860 2798 1927 2827; x_wconf 82' lang='lat' dir='ltr'>MS.</span> 
     </span>
     <span class='ocr_line' id='line_1_45' title="bbox 342 2839 1675 2879; baseline 0.002 -10"><span class='ocrx_word' id='word_1_367' title='bbox 342 2848 393 2876; x_wconf 75' lang='grc'>34.</span> <span class='ocrx_word' id='word_1_368' title='bbox 419 2839 595 2870; x_wconf 75' lang='lat' dir='ltr'>Corinthu</span> <span class='ocrx_word' id='word_1_369' title='bbox 613 2863 619 2870; x_wconf 93' lang='lat'>.</span> <span class='ocrx_word' id='word_1_370' title='bbox 643 2863 649 2870; x_wconf 95' lang='lat'>.</span> <span class='ocrx_word' id='word_1_371' title='bbox 668 2864 675 2871; x_wconf 88' lang='lat'>.</span> <span class='ocrx_word' id='word_1_372' title='bbox 693 2840 801 2870; x_wconf 88' lang='lat' dir='ltr'>soreti</span> <span class='ocrx_word' id='word_1_373' title='bbox 817 2843 888 2870; x_wconf 84' lang='lat' dir='ltr'>MS.</span> <span class='ocrx_word' id='word_1_374' title='bbox 909 2852 915 2870; x_wconf 92' lang='lat'>:</span> <span class='ocrx_word' id='word_1_375' title='bbox 939 2851 1013 2872; x_wconf 89' lang='lat' dir='ltr'>corr.</span> <span class='ocrx_word' id='word_1_376' title='bbox 1032 2843 1095 2871; x_wconf 83' lang='lat' dir='ltr'>Zw.</span> <span class='ocrx_word' id='word_1_377' title='bbox 1116 2844 1152 2872; x_wconf 89' lang='lat' dir='ltr'>E.</span> <span class='ocrx_word' id='word_1_378' title='bbox 1286 2842 1337 2879; x_wconf 88' lang='grc'>36.</span> <span class='ocrx_word' id='word_1_379' title='bbox 1364 2841 1592 2871; x_wconf 86' lang='lat' dir='ltr'>emandatius</span> <span class='ocrx_word' id='word_1_380' title='bbox 1609 2843 1675 2871; x_wconf 88' lang='lat' dir='ltr'>MS.</span> 
     </span>
    </p>
   </div>
   <div class='ocr_carea' id='block_1_15' title="bbox 429 2926 1847 3013">
    <p class='ocr_par' dir='ltr' id='par_1_16' title="bbox 429 2926 1847 3013">
     <span class='ocr_line' id='line_1_46' title="bbox 429 2926 1847 2968; baseline 0.001 -12"><span class='ocrx_word' id='word_1_381' title='bbox 429 2927 502 2958; x_wconf 75' lang='grc'>401.</span> <span class='ocrx_word' id='word_1_382' title='bbox 531 2939 580 2959; x_wconf 87' lang='lat'>22.</span> <span class='ocrx_word' id='word_1_383' title='bbox 610 2928 848 2968; x_wconf 79' lang='lat' dir='ltr'>Hieronymo]</span> <span class='ocrx_word' id='word_1_384' title='bbox 866 2931 924 2965; x_wconf 77' lang='lat' dir='ltr'>Ep.</span> <span class='ocrx_word' id='word_1_385' title='bbox 945 2939 999 2968; x_wconf 78' lang='lat'>53.</span> <span class='ocrx_word' id='word_1_386' title='bbox 1019 2938 1031 2957; x_wconf 90' lang='lat'>1</span> <span class='ocrx_word' id='word_1_387' title='bbox 1051 2929 1212 2968; x_wconf 78' lang='lat' dir='ltr'>(Migne).</span> <span class='ocrx_word' id='word_1_388' title='bbox 1259 2928 1327 2960; x_wconf 80' lang='lat' dir='ltr'>His</span> <span class='ocrx_word' id='word_1_389' title='bbox 1343 2938 1465 2959; x_wconf 84' lang='lat' dir='ltr'>source</span> <span class='ocrx_word' id='word_1_390' title='bbox 1482 2929 1512 2959; x_wconf 87' lang='lat' dir='ltr'>is</span> <span class='ocrx_word' id='word_1_391' title='bbox 1529 2927 1622 2959; x_wconf 88' lang='lat' dir='ltr'>Plin.</span> <span class='ocrx_word' id='word_1_392' title='bbox 1641 2930 1700 2964; x_wconf 79' lang='lat' dir='ltr'>Ep.</span> <span class='ocrx_word' id='word_1_393' title='bbox 1718 2937 1747 2957; x_wconf 88' lang='lat'>2.</span> <span class='ocrx_word' id='word_1_394' title='bbox 1767 2936 1796 2965; x_wconf 88' lang='lat'>3.</span> <span class='ocrx_word' id='word_1_395' title='bbox 1816 2926 1847 2957; x_wconf 93' lang='grc'>8.</span> 
     </span>
     <span class='ocr_line' id='line_1_47' title="bbox 814 2972 1461 3013; baseline 0.002 -11"><span class='ocrx_word' id='word_1_396' title='bbox 814 2982 866 3010; x_wconf 85' lang='lat'>32.</span> <span class='ocrx_word' id='word_1_397' title='bbox 885 2972 1098 3013; x_wconf 85' lang='lat' dir='ltr'>Aeschines]</span> <span class='ocrx_word' id='word_1_398' title='bbox 1125 2973 1177 3004; x_wconf 81' lang='lat' dir='ltr'>cf.</span> <span class='ocrx_word' id='word_1_399' title='bbox 1193 2973 1256 3012; x_wconf 90' lang='lat' dir='ltr'>Ep.</span> <span class='ocrx_word' id='word_1_400' title='bbox 1274 2982 1327 3012; x_wconf 86' lang='lat'>31.</span> <span class='ocrx_word' id='word_1_401' title='bbox 1350 2982 1461 3010; x_wconf 86' lang='lat'>11-17.</span> 
     </span>
    </p>
   </div>
  </div>
 </body>
</html>
