2010 3417
143 161 238 216 591]
490 163 641 203 FROM
680 163 1001 203 SEBASTIAN
1041 163 1388 204 GIUSTINIAN
1655 164 1735 201 595

140 273 376 324 sumpsisse.
435 274 561 313 Absit
589 275 723 324 pictor
751 275 822 324 qui
850 274 994 325 pingat
1022 273 1266 324 plerumque
1295 286 1536 323 cupressum
1563 286 1637 324 pro
1666 273 1735 312 ho·

143 340 256 378 mine
273 355 282 387 3
311 339 378 377 cui
396 351 520 378 nemo
540 339 690 378 dixerit
715 339 899 378 amoueri
917 352 941 378 a
959 339 1100 378 tabula
1123 339 1301 377 linteum
1321 352 1396 378 nec
1415 338 1515 388 pelli
1533 351 1732 387 muscam,
1757 348 1797 379 30

142 406 188 444 vt
216 405 305 443 eius
333 417 436 444 vuas
463 405 586 455 probe
615 405 850 444 discernant
878 404 1073 443 auiculae.
1136 403 1290 443 Mirum
1318 406 1381 442 est
1410 404 1519 454 quod
1548 417 1643 442 cum
1670 404 1738 443 his

140 468 337 508 omnibus
356 469 484 508 fueris
503 470 740 520 implicitus,
763 472 806 507 at
825 469 959 520 magis
979 471 1088 509 certe
1108 469 1217 519 quod
1239 468 1471 519 explicitus.

198 534 337 573 Licuit
364 535 563 573 hactenus
591 535 744 574 iterum
774 535 908 583 iocari,
931 534 991 572 mi
1019 534 1200 582 Erasme,
1224 547 1309 572 non
1339 533 1507 584 quidem
1526 534 1738 573 Erasmica

143 604 305 647 venere,
333 599 449 638 cuius
479 600 557 638 ioci
586 600 671 638 sale
699 602 798 639 sunt
826 599 1051 649 plusquam
1076 599 1251 638 Elusino
1280 599 1446 638 conditi.
1515 599 1739 648 Pergimus

142 664 428 715 quotidianam
447 665 700 714 Adagiorum
721 667 889 703 tuorum
910 664 1132 703 lectionem
1151 677 1237 702 non
1257 664 1348 702 sine
1367 677 1533 703 summa
1552 664 1738 703 iucundi·
1757 675 1796 706 35

143 731 229 768 tate
248 731 289 767 et
316 729 528 776 cachinno,
550 732 597 769 vt
625 743 891 780 quaecunque
914 742 981 767 me
1008 730 1128 767 antea
1146 729 1401 768 oblectarant
1424 729 1667 768 abiecerim:
1696 732 1737 768 et

143 794 242 832 licet
275 807 378 844 quae
412 808 460 833 ex
495 795 748 833 Graecorum
782 794 1115 844 Latinorumque
1141 794 1256 832 fonte
1286 794 1473 832 hauseris
1502 794 1739 844 gratissima

144 859 230 898 sint
266 859 422 908 adagia,
459 859 704 910 valeantque
741 860 790 898 ad
825 859 1101 898 eruditionem
1136 872 1181 897 ac
1218 858 1461 897 varietatem
1493 859 1734 909 plurimum,

143 923 458 974 plenioremque
477 937 522 963 ac
542 925 763 975 gratiorem
788 924 963 962 reddant
989 924 1233 972 orationem,
1256 923 1380 972 longe
1399 925 1540 962 tamen
1560 924 1740 973 gratiora

145 990 243 1028 sunt
275 1001 377 1039 quae
411 991 457 1028 tu
492 990 669 1039 adauges
697 989 863 1040 adagiis.
923 990 1080 1027 Mirum
1107 991 1170 1027 est
1191 991 1347 1038 quanta
1373 988 1561 1038 eruditio,
1585 986 1740 1038 quanta
1758 1001 1800 1033 40

145 1054 331 1102 varietas,
373 1068 475 1104 quae
507 1055 582 1104 vis,
624 1068 726 1105 quae
760 1054 877 1104 copia
913 1053 1087 1102 dicendi,
1123 1066 1249 1103 quam
1290 1053 1469 1092 iucunda
1508 1053 1714 1092 festiuitas
1730 1069 1740 1101 ;

146 1132 270 1170 quam
293 1119 409 1158 scitis
436 1122 619 1159 moretur
641 1119 743 1158 iocis
770 1119 1058 1169 defessumque
1079 1120 1234 1157 recreet
1254 1118 1460 1157 lectorem.
1522 1119 1741 1169 Quumque

147 1184 288 1224 onmia
306 1184 391 1223 sint
411 1184 641 1234 priscorum
661 1184 946 1223 monumentis
966 1184 1235 1233 coaequanda,
1258 1183 1330 1221 illa
1356 1185 1551 1230 attamen,
1574 1183 1741 1222 Bellum

147 1250 266 1289 dulce
311 1250 545 1299 inexpertis,
591 1252 681 1289 Aut
725 1262 864 1298 regem
903 1251 973 1287 aut
1011 1249 1190 1287 stultum
1230 1248 1343 1286 nasci
1382 1250 1555 1298 oportet,
1602 1248 1742 1290 Σπεῦδε

147 1314 324 1366 βραδέως,
348 1315 509 1365 aliaque
537 1315 667 1365 plura,
692 1328 776 1353 non
806 1315 929 1352 modo
956 1327 1051 1352 cum
1078 1313 1324 1363 antiquitate
1350 1314 1502 1352 certare
1527 1313 1597 1352 sed
1617 1314 1741 1363 longo
1760 1328 1799 1358 45

147 1380 316 1430 quidem
346 1380 568 1418 interuallo
596 1392 785 1429 superare
819 1379 1094 1426 crediderim3
1137 1391 1212 1416 nec
1241 1378 1378 1417 obstat
1406 1378 1640 1417 veneranda
1668 1378 1742 1416 illa

148 1446 380 1496 priscorum
401 1445 596 1484 maiestas
621 1444 853 1492 authorum,
876 1443 942 1482 cui
970 1444 1007 1481 si
1033 1446 1106 1482 tua
1134 1443 1396 1482 conferantur
1421 1443 1556 1481 indice
1575 1443 1739 1487 abolito,

145 1524 232 1550 non
264 1511 342 1548 erit
375 1510 420 1547 in
455 1523 535 1559 quo
569 1509 766 1548 candidus
800 1508 928 1547 lector
956 1511 1167 1547 recentem
1191 1508 1316 1547 istam
1335 1510 1452 1546 tuam
1476 1507 1742 1546 diuinitatem

148 1575 343 1625 antiquae
361 1574 426 1613 illi
440 1574 647 1614 maiestati
667 1587 752 1612 non
772 1573 988 1623 praeferat.
1037 1573 1155 1612 Soleo
1176 1586 1250 1623 ego
1270 1573 1502 1611 recentium
1521 1573 1742 1611 authorum

149 1641 263 1680 haud
281 1640 460 1678 libenter
479 1639 613 1688 legere
643 1638 806 1688 scripta,
832 1638 1141 1687 identidemque
1170 1638 1307 1676 filium
1336 1650 1477 1675 meum
1507 1650 1553 1676 ac
1577 1639 1744 1676 secreta·
1762 1651 1804 1683 50

149 1706 262 1743 rium
288 1717 577 1751 commonere3
606 1702 944 1753 quandoquidem
970 1704 1033 1741 tot
1059 1702 1144 1740 sint
1169 1702 1433 1752 antiquorum
1461 1715 1563 1751 quos
1584 1703 1743 1752 possim

149 1782 195 1808 ac
224 1768 396 1807 debeam
425 1768 594 1815 imitari,
617 1770 664 1807 vt
695 1781 779 1806 non
809 1768 889 1806 alia
917 1767 1217 1818 desyderentur
1246 1780 1349 1817 quae
1378 1780 1526 1816 sequar
1553 1767 1743 1817 vestigia.

151 1835 256 1873 Cum
286 1835 360 1882 tua
387 1847 485 1872 vero
515 1832 785 1883 degustarim,
814 1845 1082 1882 quaecunque
1111 1831 1371 1881 antiquitatis
1401 1833 1582 1881 protecta
1610 1833 1743 1882 patro·

151 1899 262 1938 cinio
281 1897 428 1937 caeteri
449 1898 721 1946 admirantur,
740 1897 846 1935 mihi
866 1910 977 1936 nunc
989 1897 1119 1935 fateor
1140 1897 1257 1946 quasi
1271 1897 1456 1935 obsoleta
1475 1897 1744 1946 contemptui-

151 1977 231 2014 que
251 1965 361 2002 sunt.
422 1963 591 2002 Delatae
617 1964 716 2002 sunt
741 1976 902 2012 quoque
930 1962 981 2000 ad
1007 1974 1155 2000 manus
1180 1961 1389 2011 plusculae
1413 1963 1508 2000 tuae
1533 1961 1740 2011 epistolae,
1763 1977 1801 2008 55

152 2029 303 2079 quibus
322 2028 384 2067 nil
404 2027 618 2075 eruditius,
643 2028 703 2066 nil
730 2027 907 2077 lepidius
934 2027 1034 2076 (illis
1061 2027 1230 2076 quidem
1250 2026 1459 2065 Ciceronis
1478 2026 1530 2066 ad
1552 2027 1745 2065 Atticum

156 2093 330 2143 collatis)
350 2093 418 2132 vel
438 2093 616 2143 legimus
636 2105 822 2143 vnquam
844 2092 911 2130 vel
928 2091 1177 2130 audiuimus.

207 2158 314 2207 Quid
347 2158 547 2197 immoror
584 2158 629 2196 in
664 2157 748 2196 sole
783 2157 1043 2204 illustrando,
1075 2156 1183 2206 quod
1217 2155 1396 2206 ineptire
1425 2158 1487 2195 est
1525 2169 1570 2194 ac
1606 2156 1745 2195 verius

154 2224 346 2274 desipere,
370 2236 468 2262 eum
495 2223 559 2262 nil
588 2224 668 2262 ista
694 2225 766 2262 tua
794 2222 966 2261 cudatur
993 2221 1153 2259 officina
1183 2222 1291 2271 quod
1321 2234 1479 2259 numen
1508 2234 1592 2258 non
1624 2218 1743 2273 [non]

153 2289 338 2327 sentiat?
394 2288 670 2338 Perspicuum
707 2289 770 2326 est
808 2289 974 2326 tantum
1018 2288 1058 2324 te
1098 2286 1270 2324 Latinae
1308 2286 1475 2335 linguae
1512 2285 1747 2334 splendoris
1763 2293 1806 2325 60

155 2353 360 2402 adiecisse,
382 2355 429 2392 vt
460 2366 534 2403 per
561 2355 601 2392 te
630 2353 747 2391 illam
777 2353 1015 2390 restitutam
1043 2351 1178 2400 magis
1206 2364 1252 2390 ac
1278 2351 1529 2389 illustratam
1556 2363 1682 2400 quam
1704 2352 1746 2389 te

156 2432 228 2468 per
259 2431 352 2457 eam
386 2418 636 2456 celebratum
668 2419 824 2467 putem.
884 2416 968 2454 Mei
1000 2429 1099 2455 sane
1133 2415 1178 2454 in
1206 2416 1291 2454 tuis
1319 2415 1507 2465 legendis
1535 2415 1747 2454 cecutiunt

157 2485 280 2533 atque
298 2482 610 2521 hallucinantur
633 2482 752 2530 oculi,
777 2483 915 2531 stupet
941 2483 982 2519 et
1008 2481 1236 2519 admiratur
1260 2493 1391 2529 mens,
1414 2482 1460 2519 vt
1486 2481 1597 2518 totus
1615 2480 1746 2518 incre-

159 2547 276 2586 dibili
295 2547 474 2597 quodam
488 2548 553 2586 tui
572 2547 737 2586 ardeam
757 2546 918 2585 affectu.
964 2545 1002 2583 N
1005 2559 1049 2583 ec
1068 2543 1125 2597 (a)
1146 2559 1212 2584 me
1231 2545 1359 2584 velim
1378 2545 1589 2583 existimes
1608 2545 1746 2583 huius-

159 2612 273 2651 modi
306 2612 356 2650 de
383 2613 424 2649 te
454 2611 579 2650 scribi
606 2610 900 2649 assentationis
926 2610 1072 2657 studio,
1094 2623 1166 2648 ceu
1192 2609 1439 2648 Terentiano
1463 2609 1535 2647 illo
1556 2610 1746 2648 Gnatone
1764 2620 1806 2661 65

157 2678 415 2716 Thrasonem
436 2675 730 2725 praecipitante
756 2674 894 2725 potius
918 2688 1040 2725 quam
1063 2674 1290 2722 illudente;
1319 2674 1427 2724 quod
1455 2674 1633 2712 officium
1655 2674 1748 2713 aliis

158 2741 435 2788 concedimus,
469 2741 542 2790 qui
585 2754 608 2778 a
645 2740 799 2778 nostris
832 2740 1018 2777 moribus
1056 2741 1298 2789 nostraeque
1335 2739 1444 2777 vitae
1482 2739 1747 2778 institutione

202 2827 253 2857 34.
278 2816 428 2847 Elusino
440 2819 550 2853 scrz'psi
569 2817 620 2853 (cf.
634 2818 693 2852 Ep.
708 2825 781 2854 493.
797 2816 889 2854 252),
903 2818 1050 2852 tanquam
1063 2815 1203 2845 Attico:
1228 2815 1375 2845 ebusino
1388 2817 1455 2845 MS.
1548 2823 1600 2852 44.
1629 2813 1748 2844 Σπεῦδε

158 2859 294 2899 βραδέως
317 2870 392 2890 corr.
418 2861 491 2891 LB:
522 2859 656 2899 pseade
680 2858 837 2889 irradeos
860 2861 931 2889 Ms'.
1052 2868 1103 2897 59.
1130 2867 1200 2887 non
1226 2861 1272 2888 bis
1294 2861 1330 2888 in
1355 2859 1438 2896 MS„
1465 2859 1500 2886 in
1516 2859 1583 2892 fine
1605 2860 1633 2887 et
1655 2859 1748 2888 initio

162 2914 246 2934 “cr-51(
254 2914 316 2934 (tm,

161 2960 504 3020 ἶ29ᾈὲὐῇι·εεέιιῷ]
529 2979 580 3010 Cf.
598 2979 685 3010 Hor.
704 2981 788 3010 A.P.
809 2987 932 3018 19-213
1044 2987 1095 3016 43.
1122 2977 1200 3018 illa]
1225 2981 1325 3016 Δάας.
1346 2987 1441 3017 3001,
1463 2987 1538 3013 201,
1559 2987 1651 3009 1001.

160 3025 236 3056 and
251 3025 354 3062 Adaq.
374 3033 447 3062 419.
1045 3030 1095 3061 55.
1123 3021 1310 3062 epistolae]
1335 3021 1492 3060 Perhaps
1508 3020 1561 3052 C'.

902 3089 1013 3127 Qq2
