2073 3464
308 184 358 222 18
772 181 1018 220 LETTERS
1057 181 1126 218 OF
1165 180 1428 220 ERASMUS
1769 178 1806 232 [ι
1817 191 1838 228 5
1848 193 1862 218 1
1871 193 1891 226 4

307 293 456 341 videar,
483 305 568 331 non
594 291 726 329 ausim
752 291 885 328 dicere
905 289 1112 339 probatus,
1133 289 1204 326 sed
1228 290 1336 326 certe
1362 301 1447 327 non
1472 288 1730 338 improbatus
1755 289 1892 328 fuisse.

309 356 450 405 Neque
470 355 584 392 enim
603 366 732 403 vsque
757 352 855 390 adeo
878 350 1074 401 perfricui
1099 351 1280 388 frontem
1306 352 1352 389 vt
1376 351 1517 389 laudes
1537 351 1645 397 istas,
1668 363 1771 399 quas
1789 351 1897 389 mihi

308 431 381 456 vos
422 416 615 464 tribuitis,
657 426 886 464 agnoscam.
967 413 1022 451 Et
1058 414 1201 451 tamen
1237 412 1434 451 nonnihil
1471 413 1590 451 faueo
1629 413 1730 451 meis
1768 411 1897 451 laudi-

308 483 411 529 bus,
440 494 542 531 quas
574 494 647 530 ego
680 480 787 518 certe
820 478 879 518 sic
895 478 1155 527 interpretor,
1186 479 1233 517 vt
1265 478 1505 516 existimem
1530 478 1575 516 in
1601 478 1679 516 hoc
1708 477 1897 523 tributas,

249 561 287 591 35
309 560 389 596 quo
409 546 475 584 vel
495 544 819 583 exhortaremini
843 545 1073 582 cessantem
1098 543 1166 582 vel
1191 544 1380 582 animum
1409 543 1614 582 adderetis
1637 556 1783 593 parum
1802 542 1901 581 forti

307 612 375 650 vel
395 610 576 649 amicum
596 609 804 648 nudulum
824 608 973 648 vestris
993 608 1140 659 opibus
1159 608 1360 647 ornaretis
1378 621 1424 647 ac
1444 608 1762 658 locupletaretis,
1785 608 1901 658 quasi

310 689 392 714 non
411 674 630 725 pecuniam
650 674 773 713 modo
792 674 1068 713 verumetiam
1087 674 1262 725 gloriam
1291 676 1475 724 oporteat
1498 674 1609 712 inter
1634 672 1788 711 amicos
1813 685 1902 711 esse

309 753 583 779 communem.
625 740 733 779 Nam
750 752 824 778 nec
839 752 974 778 errare
989 739 1142 778 iudicio
1161 741 1337 789 possunt
1351 741 1437 778 tam
1454 739 1606 778 eruditi
1621 752 1696 777 nec
1716 737 1903 776 derident

307 810 394 846 tam
409 806 531 845 amici
548 819 622 844 nec
636 806 862 844 adulantur
875 807 961 844 tam
976 805 1129 856 integri
1145 818 1220 843 nec
1239 805 1440 844 simulant
1458 805 1667 843 Germani.
1713 803 1902 842 Dicerem

248 886 290 917 40
308 885 446 910 amore
473 872 619 921 lapsos,
641 871 724 909 nisi
746 871 814 908 hic
837 870 925 920 ipse
950 872 1087 909 vester
1115 870 1159 908 in
1185 883 1262 909 nos
1289 883 1406 908 amor
1424 883 1446 908 e
1465 869 1619 908 iudicio
1639 871 1761 908 natus
1781 870 1900 907 esset.

310 937 452 987 Neque
471 937 583 975 enim
608 936 660 975 ob
687 936 728 974 id
755 949 821 974 me
848 936 973 974 talem
1000 936 1213 975 iudicastis
1234 936 1343 985 quod
1368 935 1589 974 immodice
1608 935 1814 980 amaretis,
1834 934 1902 973 sed

310 1003 361 1041 ob
400 1003 441 1041 id
482 1001 675 1052 coepistis
713 1014 850 1040 amare
888 1001 997 1051 quod
1034 1001 1161 1040 talem
1206 1001 1500 1040 iudicaueritiS.
1567 1001 1705 1050 Atque
1742 999 1903 1038 vtinam

310 1068 491 1118 aliquam
519 1070 560 1106 et
589 1066 731 1105 iudicii
758 1067 890 1105 vestri
918 1066 1152 1116 portionem
1182 1066 1289 1104 mihi
1317 1065 1473 1116 possim
1503 1078 1709 1113 asserere,
1742 1065 1903 1104 nullam

310 1134 493 1182 profecto
526 1132 703 1182 gloriam
735 1132 882 1171 malim
916 1145 1042 1181 quam
1075 1131 1224 1171 talium
1253 1132 1443 1170 virorum
1472 1131 1640 1170 calculis
1677 1130 1904 1181 approbari.

250 1213 290 1244 45
309 1199 467 1237 Verum
488 1198 565 1236 hoc
584 1199 718 1248 magis
734 1198 860 1236 debeo
886 1211 961 1247 pro
986 1197 1138 1236 vestris
1158 1196 1362 1243 laudibus,
1386 1210 1470 1246 quo
1490 1197 1630 1234 minus
1645 1208 1881 1246 promereor
1898 1211 1906 1243 ;

310 1263 516 1313 siquidem
545 1263 739 1301 meritam
776 1262 944 1301 laudem
982 1262 1200 1313 aliquoties
1232 1263 1272 1300 et
1306 1261 1501 1299 inimicus
1533 1261 1681 1300 tribuit
1719 1260 1902 1299 inimico.

311 1328 414 1368 Eius
434 1329 603 1367 nomine
622 1329 820 1367 debemus
846 1327 1040 1374 maxime,
1063 1328 1171 1378 quod
1195 1327 1376 1377 gratuito
1400 1327 1601 1366 donatum
1622 1326 1691 1366 sit.
1747 1326 1839 1374 Sed,
1862 1327 1908 1363 vt

310 1394 467 1442 finiam,
490 1395 578 1433 siue
596 1394 722 1432 residi
743 1393 876 1432 calcar
902 1394 1051 1432 addere
1071 1393 1273 1441 voluistis,
1297 1393 1424 1430 debeo
1449 1405 1522 1441 pro
1545 1392 1696 1440 studio,
1719 1392 1805 1430 siue
1830 1405 1906 1441 pu-

311 1459 491 1498 tidulum
522 1459 688 1510 erigere,
723 1458 848 1497 debeo
881 1472 953 1508 pro
983 1459 1127 1504 officio,
1161 1458 1250 1497 siue
1284 1457 1443 1496 nudam
1473 1457 1726 1496 corniculam
1757 1459 1908 1497 vestris

253 1539 294 1570 50
312 1524 467 1575 plumis
491 1537 699 1571 exornare,
726 1524 852 1563 debeo
880 1538 953 1574 pro
982 1523 1252 1574 benignitate,
1275 1523 1364 1562 siue
1392 1523 1490 1562 facit
1518 1536 1634 1562 amor
1659 1521 1833 1573 *quidam
1863 1524 1907 1562 in

312 1603 388 1628 nos
415 1590 657 1640 propensior
686 1590 733 1628 vt
758 1589 854 1628 talis
883 1589 1023 1628 videar
1050 1589 1215 1639 qualem
1241 1588 1497 1638 praedicatis,
1522 1588 1654 1637 magis
1677 1588 1805 1626 debeo
1832 1602 1907 1639 pro

311 1658 399 1696 tam
428 1655 631 1705 singulari
663 1654 983 1703 beneuolentia3
1013 1655 1100 1693 siue
1131 1656 1193 1693 est
1223 1654 1269 1692 in
1303 1668 1370 1692 me
1404 1653 1599 1692 nonnihil
1632 1667 1775 1692 eorum
1806 1667 1908 1705 quae

313 1721 507 1768 tribuitis,
532 1720 657 1759 debeo
676 1734 751 1770 pro
772 1722 860 1758 tam
880 1720 1055 1759 candido
1076 1720 1284 1769 suffragio.

367 1785 460 1825 Iam
483 1799 579 1825 vero
609 1799 694 1824 non
722 1799 790 1824 me
817 1786 926 1835 fugit
954 1788 995 1824 et
1024 1785 1129 1824 illud
1157 1785 1274 1824 vobis
1301 1785 1453 1831 deberi,
1484 1785 1593 1834 quod
1618 1785 1910 1824 ornatissimus

255 1862 294 1894 55
313 1851 635 1902 Argentinensis
667 1850 918 1901 reipublicae
951 1851 1122 1900 vterque
1153 1849 1385 1900 praefectus
1419 1849 1696 1899 magistratus,
1735 1848 1807 1899 qui
1844 1862 1910 1888 me

315 1918 576 1967 praesentem
609 1918 697 1955 tam
731 1916 970 1954 admiranda
1010 1914 1361 1964 complectebatur
1393 1914 1668 1963 humanitate,
1704 1916 1793 1953 tam
1826 1928 1911 1953 non

315 1982 477 2032 vulgari
502 1981 827 2031 prosequebatur
852 1980 1020 2026 honore,
1043 1993 1155 2018 nunc
1178 1980 1406 2026 absentem,
1426 1982 1468 2018 et
1493 1982 1580 2018 tam
1603 1979 1745 2030 procul
1770 1979 1910 2019 absen—

315 2050 413 2093 tem,
434 2046 697 2085 salutationis
725 2046 919 2096 obsequio
945 2045 1219 2095 prosequitur.
1288 2045 1422 2095 Negas
1449 2046 1637 2083 futurum
1663 2048 1710 2084 vt
1730 2058 1911 2096 vnquam

315 2112 403 2150 illis
430 2112 597 2150 veniam
625 2112 670 2149 in
700 2111 966 2159 obliuionem,
998 2111 1083 2149 imo
1112 2111 1200 2160 ipse
1229 2124 1442 2161 nunquam
1471 2111 1659 2148 desinam
1688 2111 1790 2149 istos
1818 2123 1911 2149 vere

256 2178 298 2210 60
316 2190 501 2227 proceres
519 2178 560 2214 et
580 2176 820 2215 meminisse
839 2178 880 2214 et
900 2176 1022 2214 dictis
1040 2175 1193 2225 pariter
1212 2189 1259 2214 ac
1271 2175 1437 2226 scriptis
1456 2189 1530 2225 pro
1548 2175 1662 2214 virili
1682 2175 1885 2214 celebrare
1903 2193 1911 2224 ;

316 2241 465 2292 quibus
485 2242 660 2280 emoriar
678 2241 711 2280 si
727 2241 823 2292 quid
836 2254 1021 2291 vnquam
1035 2240 1103 2280 vel
1116 2243 1308 2291 expertus
1322 2241 1403 2279 sim
1417 2240 1642 2280 humanius
1655 2240 1721 2279 vel
1736 2240 1912 2280 viderim

318 2307 432 2345 omni
460 2308 668 2346 virtutum
697 2320 845 2356 genere
873 2306 1136 2345 cumulatius.
1198 2305 1325 2345 Crede
1353 2305 1470 2354 mihi,
1498 2306 1556 2344 mi
1586 2305 1909 2356 Wimphelinge,

318 2372 435 2411 nullo
464 2385 652 2410 sermone
692 2371 888 2421 consequi
921 2384 1079 2421 queam,
1114 2372 1268 2410 nedum
1307 2371 1492 2421 epistola,
1533 2373 1733 2421 quantam
1771 2371 1911 2409 animo

318 2437 591 2488 persenserim
604 2437 871 2486 voluptatem,
890 2450 1096 2487 quamque
1109 2437 1338 2475 iucundum
1358 2436 1465 2474 mihi
1480 2436 1604 2475 fuerit
1622 2436 1911 2486 spectaculum,

259 2505 299 2546 65
320 2502 491 2552 antique
511 2501 738 2552 cuiuspiam
757 2515 802 2539 ao
829 2501 1137 2551 philosophicae
1157 2501 1341 2539 ciuitatis
1360 2501 1498 2540 videre
1520 2501 1831 2551 simulachrum,
1853 2504 1915 2540 tot

321 2568 506 2617 egregios
538 2567 758 2617 optimates
795 2567 862 2605 vel
900 2566 989 2616 ipsa
1025 2566 1149 2616 (quod
1188 2566 1324 2614 aiunt)
1362 2566 1499 2604 fronte
1531 2568 1697 2616 totoque
1735 2568 1915 2617 corporis

321 2632 466 2671 habitu
486 2632 737 2682 singularem
757 2632 1030 2681 prudentiam,
1053 2644 1261 2670 summam
1280 2631 1561 2681 integritatem
1581 2645 1626 2670 ac
1652 2632 1775 2681 plane
1793 2632 1914 2671 maie-

324 2699 474 2736 statem
513 2698 718 2748 quandam
756 2710 854 2747 prae
888 2710 930 2735 se
964 2697 1153 2744 ferentes,
1197 2696 1268 2735 sed
1311 2696 1417 2735 mira
1456 2697 1663 2736 conditam
1701 2695 1909 2736 modestia.

368 2826 418 2855 43.
459 2819 494 2847 et
525 2820 598 2848 adcl.
632 2820 666 2851 β.
800 2818 930 2856 possim
964 2829 1032 2857 α’γε
1069 2827 1212 2858 possum
1244 2819 1276 2850 β.
1461 2827 1512 2856 50.
1553 2819 1599 2851 B:
1637 2815 1853 2857 benig-state
1883 2827 1913 2846 α.

325 2870 377 2898 57.
411 2860 594 2891 absentem
613 2865 682 2898 post
704 2861 825 2901 procul
848 2862 907 2891 αδε
938 2861 1197 2892 absentientem
1221 2862 1255 2894 B.
1402 2861 1454 2900 58.
1480 2862 1646 2900 obsequio
1671 2871 1713 2890 a:
1746 2858 1856 2890 officio
1880 2860 1912 2892 Β.

324 2905 376 2934 62.
403 2904 453 2933 mi
468 2913 526 2935 om.
545 2905 578 2937 β.
711 2906 766 2944 65.
789 2906 813 2938 β
831 2916 838 2935 :
861 2904 1104 2944 philsophicae
1120 2916 1147 2936 α.

368 3034 420 3064 39.
447 3024 635 3065 Germani]
661 3024 712 3055 Cf.
731 3026 792 3064 Ep.
812 3026 885 3064 269.
905 3026 955 3065 38.
1199 3035 1250 3064 55.
1275 3025 1490 3066 praefectus]
1516 3025 1567 3055 Cf.
1587 3025 1609 3057 1.
1629 3035 1689 3055 120
1703 3034 1735 3055 n.
