2010 3417
108 185 206 239 548]
491 187 562 227 ΤΟ
602 187 861 227 RICHARD
900 187 1312 227 BARTHOLINUS
1619 187 1696 226 501

109 297 286 336 diuitem
306 310 351 336 30
370 296 608 347 benignam.
647 297 726 336 Sed
742 298 904 347 parcius
922 311 1018 336 eum
1034 297 1199 337 laudem
1220 299 1381 348 oportet
1400 298 1507 349 quod
1528 311 1593 338 me
1612 301 1698 337 tam

110 363 332 402 immodice
368 362 550 402 laudarit
587 362 685 412 ipse.
763 363 934 401 Vtinam
974 364 1081 402 113110
1119 376 1287 414 operam
1327 364 1370 401 in
1406 366 1699 414 argumentum
1720 381 1738 412 5

110 428 272 467 felicius
291 427 530 467 collocasset
548 430 557 467 1
614 427 648 465 Ο
668 427 830 466 felicem
851 429 1131 477 Germaniam,
1154 429 1187 468 si
1209 430 1377 468 tandem
1396 429 1515 468 liceat
1534 442 1558 467 3
1576 428 1700 468 bellis

111 495 419 545 conquiescere!
453 494 494 532 id
525 494 632 543 quod
661 493 897 543 principum
926 494 1126 544 sapientia
1154 495 1270 534 breui
1299 496 1464 534 confore
1492 507 1585 546 spes
1609 497 1699 543 est;

112 559 239 598 etiam
260 561 295 598 si
321 559 547 598 nonnullos
569 558 702 597 adhuc
725 558 851 597 habet
875 559 1056 608 ignobile
1082 559 1236 610 vulgus
1267 561 1339 610 qui
1366 561 1465 600 belli
1489 563 1534 600 in
1555 561 1698 600 Gallos

110 624 363 676 suscipiendi
396 625 504 663 faces
541 623 776 663 subiiciant.
836 624 870 662 Ο
908 623 1175 675 cogitationes
1208 626 1380 676 impias!
1437 626 1699 665 Christianus

111 689 223 728 orbis
255 690 452 728 aduersus
486 689 746 728 Christianae
779 689 951 728 ditionis
983 690 1249 740 purissimam
1282 704 1327 730 30
1360 691 1697 730 florentissimam
1720 706 1759 729 ιο

108 755 268 804 partem
308 754 592 804 conspirabit‘?
621 788 624 789 γ
658 754 756 793 8013
793 753 930 792 Gallia
966 767 1041 793 1100
1077 755 1295 794 haereticis
1332 758 1394 795 est
1431 756 1583 795 infecta
1620 767 1696 794 nec

105 819 302 858 Bohemis
348 819 622 858 schismaticis
668 832 742 858 nec
789 819 930 858 Iudeis
975 832 1050 858 1100
1097 820 1335 860 semiiudeis
1382 821 1573 870 Mai-anis,
1622 833 1701 860 1100

107 884 335 923 Tul-carum
351 885 532 923 confinio
552 884 688 923 afflata
704 899 713 932 3
737 885 1085 935 quemadmodum
1105 886 1211 925 aliae
1226 900 1326 936 quas
1345 888 1388 925 et
1407 887 1511 926 citra
1529 898 1697 926 nomen·

104 949 307 989 claturam
329 964 402 989 suo
422 951 592 1000 quisque
611 950 752 989 animo
779 951 974 1001 agnoscit.
1033 951 1126 990 Non
1154 951 1254 990 alibi
1274 955 1442 991 senatus
1460 952 1696 1003 augustior:

101 1027 185 1054 non
216 1015 315 1054 alibi
345 1015 483 1054 schola
506 1015 570 1054 vel
600 1015 797 1054 celebrior
822 1016 888 1054 vel
912 1017 1116 1055 sanctior:
1157 1031 1362 1068 nusquam
1391 1018 1525 1057 maior
1553 1017 1693 1068 legum
1717 1033 1755 1065 15

100 1081 338 1129 auctoritas,
378 1094 586 1131 nusquam
624 1081 777 1119 similis
820 1082 938 1131 regni
975 1083 1105 1121 totius
1149 1083 1372 1122 concordia.
1448 1084 1529 1132 Qui
1565 1085 1696 1134 magis

101 1146 279 1196 imperio
316 1146 432 1196 digni
470 1159 594 1196 quam
639 1146 710 1197 qui
755 1147 963 1196 imperant
1005 1148 1194 1197 optime?
1268 1148 1376 1197 Quid
1421 1149 1530 1198 quod
1575 1150 1695 1188 nobis

104 1212 276 1250 interim
295 1211 473 1262 pessime
493 1211 716 1250 consulunt
731 1212 802 1261 qui
821 1212 979 1251 bellum
999 1213 1264 1253 moliuntur?
1292 1213 1426 1254 Gallis
1439 1214 1498 1253 sic
1512 1215 1693 1266 vndique

100 1276 274 1316 finitimi
303 1290 461 1324 sumus,
492 1279 538 1314 vt
568 1276 648 1325 ipsi
677 1276 817 1326 potius
853 1277 963 1317 Galli
1001 1278 1157 1317 simus:
1195 1279 1343 1329 ianque
1375 1279 1497 1318 ciuile
1533 1280 1693 1320 bellum

104 1343 295 1381 futurum
328 1343 394 1390 sit,
428 1341 464 1381 si
497 1341 608 1380 Galli
641 1354 735 1380 cum
770 1342 903 1381 Gallis
935 1356 1178 1393 pugnemus.
1235 1344 1303 1383 Ad
1337 1345 1436 1384 haec
1470 1346 1569 1396 quid
1602 1360 1693 1385 con·
1715 1360 1754 1382 20

102 1407 257 1447 sultius
284 1420 409 1458 quam
437 1419 533 1444 cum
562 1405 700 1445 vicino
729 1407 929 1456 proximo,
960 1410 1051 1447 tum
1080 1410 1218 1447 autem
1246 1409 1386 1448 vicino
1413 1412 1499 1450 tam
1528 1413 1695 1461 potente

104 1472 392 1512 beneuolentia
410 1471 641 1521 coniungi?
687 1473 828 1522 Atque
847 1472 939 1511 istis
958 1473 1124 1523 quidem
1144 1487 1308 1513 caecum
1328 1475 1373 1513 in
1395 1475 1535 1514 Gallos
1550 1475 1693 1516 odium

102 1540 257 1578 certam
292 1538 496 1587 citamque
528 1537 748 1576 victoriam
778 1537 1008 1588 pollicetur,
1040 1552 1115 1577 1100
1149 1539 1194 1577 111
1227 1542 1414 1578 mentem
1446 1542 1562 1580 venit
1595 1544 1694 1593 quot

102 1605 224 1644 annis
249 1617 371 1656 qua-m
390 1602 611 1641 infeliciter
629 1603 773 1641 luctati
793 1616 938 1642 sumus
963 1617 1059 1642 cum
1086 1604 1292 1644 Ghelriis:
1323 1619 1420 1645 nam
1447 1606 1496 1645 de
1518 1606 1698 1646 Phrisiisv

101 1672 284 1711 incertus
309 1669 444 1708 adhuc
471 1670 647 1707 euentus
676 1670 748 1707 est.
810 1668 889 1707 Sed
918 1670 966 1707 vt
994 1671 1207 1720 contingat
1232 1672 1415 1720 victoria,
1439 1672 1537 1722 quid
1563 1685 1691 1722 aeque
1712 1686 1749 1719 25

99 1737 210 1776 votis
229 1736 424 1786 expetant
442 1735 596 1773 Turcae
616 1736 658 1772 et
677 1734 712 1772 si
739 1733 888 1784 quibus
915 1735 1041 1772 etiam
1067 1735 1244 1774 inuisius
1263 1738 1324 1774 est
1347 1749 1500 1775 nomen
1520 1736 1686 1786 Christi,

100 1814 229 1852 quam
247 1798 570 1850 pulcherrimam
596 1811 642 1837 ac
667 1798 995 1837 munitissimam
1021 1799 1131 1838 orbis
1154 1800 1379 1840 Christiani
1402 1804 1563 1851 partem
1582 1802 1691 1841 ferro

101 1867 270 1917 ignique
288 1864 442 1905 vastari
468 1864 692 1913 floremque
713 1865 878 1902 nostrae
904 1864 1115 1914 religionis
1134 1865 1320 1916 indignis
1344 1867 1482 1907 modis
1505 1869 1693 1917 proteri?

103 1931 329 1971 Prohibeat
365 1929 477 1968 Deus
509 1928 692 1979 optimus
723 1929 932 1968 maximus
965 1931 1012 1968 vt
1048 1929 1223 1969 istorum
1259 1933 1464 1971 amentiae
1501 1933 1691 1973 fortunae

103 1996 221 2035 fauor
239 1998 310 2034 aut
329 1994 562 2044 principum
581 1993 763 2032 calculus
780 1994 965 2033 accedat:
995 1996 1096 2033 ἀλλὰ
1115 1998 1231 2034 ταῦτα
1248 1997 1336 2046 ἡμῖν
1352 2014 1396 2049 γε
1415 1999 1592 2050 πάρεργα.
1709 2013 1749 2045 30

157 2061 287 2099 Porro
307 2058 504 2098 carminis
522 2058 718 2097 aeditioni
737 2058 875 2097 fauere
895 2060 966 2109 qui
983 2073 1163 2109 possum,
1181 2061 1412 2100 doctissimi
1431 2062 1599 2112 quidem
1620 2064 1690 2102 sed

103 2129 247 2165 tamen
270 2124 491 2164 immodice
519 2124 568 2161 de
592 2136 659 2162 me
687 2123 961 2162 mentientis?
999 2125 1106 2174 quod
1136 2126 1245 2164 nihil
1274 2126 1386 2166 aliud
1416 2141 1540 2178 quam
1567 2128 1689 2167 illum

100 2192 173 2242 qui
210 2191 375 2241 scripsit
411 2188 709 2236 admirabilem,
750 2202 818 2227 me
860 2189 1081 2228 ridiculum
1124 2190 1254 2230 faciet.
1331 2192 1532 2231 Fauerem
1574 2192 1690 2232 illius

103 2256 268 2306 gloriae,
302 2255 337 2294 si
369 2255 552 2293 frontem
584 2254 802 2304 perfricare
837 2267 996 2304 queam.
1051 2255 1228 2294 Abitum
1260 2258 1448 2296 vestium
1480 2260 1689 2309 vtcunque

105 2322 250 2369 tulero,
289 2321 325 2359 si
357 2320 595 2370 propediem
627 2318 746 2357 nobis
778 2319 1037 2367 reddamini3
1080 2333 1178 2359 nam
1212 2323 1252 2359 et
1284 2324 1325 2360 te
1357 2323 1525 2373 propius
1561 2323 1687 2362 intro·
1706 2339 1744 2371 35

98 2387 254 2438 spicere
273 2388 314 2425 et
332 2385 499 2424 Velium
519 2397 639 2423 nosse
659 2384 788 2434 cupio.
845 2385 975 2423 Porro
995 2385 1152 2424 Paulus
1178 2387 1319 2426 Ricius
1339 2388 1395 2426 sic
1415 2402 1481 2426 me
1499 2388 1687 2438 proximo

98 2451 306 2502 colloquio
338 2449 484 2500 rapuit,
520 2451 567 2488 vt
600 2449 706 2487 mira
739 2449 941 2498 quaedam
974 2463 1041 2489 me
1078 2451 1170 2489 sitis
1203 2452 1352 2491 habeat
1386 2467 1481 2491 011111
1515 2453 1686 2492 homine

102 2516 265 2567 saepius
308 2529 352 2553 30
397 2514 642 2553 familiarius
683 2515 924 2553 conserendi
968 2528 1211 2554 sermonem.
1288 2517 1456 2554 Praeter
1497 2516 1686 2556 Hebreae

139 2609 192 2638 23.
218 2598 396 2636 citamque
416 2599 453 2626 C:
479 2605 562 2634 -que
578 2598 630 2625 H:
655 2604 713 2626 om.
731 2596 772 2626 N.
928 2604 980 2633 33.
1005 2595 1068 2634 qui
1085 2596 1228 2635 scripsit
1246 2599 1318 2626 add.
1338 2599 1378 2626 II.
1525 2597 1577 2636 38.
1604 2607 1685 2627 con·

94 2642 233 2674 ferendi
251 2644 294 2671 II.

141 2741 189 2762 12.
248 2727 422 2769 Maranis]
481 2727 554 2757 The
599 2734 704 2756 name
747 2725 854 2765 given
923 2726 985 2756 800
999 2725 1199 2756 Nauclerus’
1219 2726 1403 2756 Chronicle
1420 2728 1468 2765 (p.
1495 2726 1585 2765 221),
1614 2727 1681 2758 vol.

92 2778 131 2806 to
159 2775 223 2805 the
253 2772 406 2812 Spanish
432 2771 527 2801 Jews
552 2770 633 2800 who
663 2767 734 2799 had
767 2769 853 2799 been
922 2769 959 2799 ii.
976 2768 999 2800 f.
1013 2777 1097 2807 303;
1123 2769 1309 2809 Ducange3
1327 2769 1579 2809 Creightoniii.
1602 2779 1683 2809 172;

93 2816 260 2858 baptized
296 2815 388 2846 after
421 2812 657 2845 Ferdinand’s
690 2811 786 2842 edict
820 2812 859 2843 of
922 2811 993 2842 and
1011 2812 1192 2851 Paquier‘s
1207 2815 1372 2852 Αῑέαηάνε,
1391 2822 1425 2852 p.
1448 2814 1518 2845 182.

97 2871 192 2901 1492,
231 2861 296 2891 but
334 2857 407 2889 still
446 2856 603 2888 adhered
639 2855 782 2894 strictly
819 2857 856 2886 to
970 2865 1018 2894 19.
1044 2855 1209 2897 finitimi]
1234 2855 1286 2887 Cf.
1304 2856 1366 2895 Ep.
1385 2865 1460 2895 534.
1476 2866 1529 2896 31.

89 2905 266 2936 Judaism.
297 2902 407 2941 Many
423 2900 462 2932 of
471 2900 571 2931 them
585 2908 678 2930 were
695 2899 857 2929 detected
967 2909 1018 2937 24.
1042 2898 1216 2938 Ghelriis]
1233 2900 1282 2930 Cf.
1300 2900 1387 2939 Epp.
1405 2909 1447 2938 33
1462 2899 1594 2931 introd.
1611 2900 1682 2931 and

93 2949 142 2989 by
156 2947 219 2979 the
240 2946 461 2987 Inquisition
482 2944 554 2974 and
575 2942 737 2982 expelled
753 2952 761 2980 ;
784 2942 855 2973 and
923 2943 997 2981 584.
1011 2952 1063 2982 35,
1075 2943 1107 2974 6.
1123 2943 1359 2982 Burgundian
1372 2944 1598 2983 sovereignty
1610 2953 1682 2975 was

92 2990 298 3023 Alexander
311 2999 350 3020 VI
366 2988 435 3019 had
457 2985 684 3018 scandalized
701 2985 854 3025 Spanish
924 2988 987 3016 not
1002 2986 1219 3017 established
1236 2988 1275 3017 in
1292 2986 1464 3018 Guelders
1481 2987 1552 3017 and
1568 2986 1682 3019 Fries-

89 3034 291 3074 orthodoxy
306 3034 352 3074 by
367 3032 547 3071 receiving
564 3031 662 3062 them
679 3029 718 3060 in
734 3029 853 3061 Rome.
923 3029 1007 3061 land
1023 3029 1119 3060 until
1139 3039 1230 3070 1523.
