2010 3417
80 214 182 269 583]
420 216 572 257 FRoM
610 216 884 256 BUDAEUs
922 216 994 255 To
1031 214 1330 255 TUNSTALL
1601 213 1680 250 569

84 326 271 365 versatili
290 326 454 377 ingenio
474 327 718 377 praeditum,
737 327 782 364 in
801 325 918 365 nulla
931 339 1017 364 non
1032 325 1195 364 officina
1207 325 1420 364 Musarum
1437 322 1678 373 expolitum,

83 391 361 440 grandissima
389 405 574 443 quaeque
607 405 729 442 opera
759 404 871 430 nunc
906 391 1112 441 suscipere
1145 390 1301 429 debere.
1378 388 1574 428 Indidem
1609 387 1683 426 illa

85 457 193 496 inter
213 470 289 496 nos
307 456 539 508 epistolaris
558 457 745 496 velitatio
764 468 888 506 quani
913 457 972 504 tu,
993 457 1040 495 vt
1061 455 1190 504 video,
1213 455 1343 494 animi
1362 467 1482 493 causa
1500 455 1682 504 spectas3

84 534 193 571 quae
227 535 360 572 nuper
389 523 439 561 ad
472 521 745 561 conserendas
773 533 926 560 manus
962 520 1131 559 iamiam
1158 533 1351 559 exarsura
1377 519 1605 566 videbatur,
1636 519 1683 557 vt
1704 530 1765 562 310

85 587 160 625 illa
174 587 418 637 praegrandi
433 587 607 638 epistola
622 588 801 637 apparet,
819 599 898 636 qua
914 585 1074 624 omneis
1088 586 1175 635 ipse
1192 585 1328 636 copias
1343 585 1683 634 argumentorum

89 665 278 690 meorum
307 652 470 690 disiecit
498 651 632 702 prima
650 651 932 701 impressione.
994 650 1194 700 Colligere
1223 650 1335 689 enim
1363 662 1460 688 vero
1488 648 1684 698 reliquias

84 715 268 767 agminis
305 717 388 755 mei
426 718 654 756 statueram
697 716 914 766 copiasque
960 715 1150 766 supplere
1197 729 1242 754 ac
1289 727 1432 753 rursus
1479 715 1685 752 certamen

88 781 278 832 experiri.
334 781 494 820 Verum
513 782 556 821 id
575 795 627 820 ne
653 781 838 829 facerem,
861 780 911 820 ab
938 781 1086 820 amicis
1107 781 1212 819 meis
1238 780 1459 819 deterritus
1484 792 1589 826 sum,
1614 779 1687 828 qui

89 859 158 885 me
176 845 381 897 imparem
407 846 576 886 tandem
604 846 796 885 futurum
822 846 1038 885 certamini
1062 846 1272 892 videbant,
1294 845 1331 884 si
1357 844 1428 883 ille
1454 857 1526 894 per
1552 843 1686 882 ocium
1706 857 1766 890 315

90 911 226 950 acrius
271 911 533 959 incaluisset;
575 911 726 962 quippe
763 910 912 961 quibus
954 910 1061 950 illud
1102 911 1372 949 Homericum
1415 910 1460 948 in
1501 910 1686 946 mentem

91 976 262 1023 veniret,

416 1041 490 1081 Σὺν
505 1041 542 1079 δὲ
562 1040 614 1079 δύ’
634 1042 829 1092 ἐρχομένω,
852 1042 914 1079 καί
930 1058 969 1078 τε
989 1041 1060 1090 πρὸ
1080 1039 1100 1078 ὃ
1123 1042 1189 1078 τοῦ
1209 1039 1362 1088 ἐνόησεν

410 1105 567 1147 “On-mus
585 1107 711 1156 κέρδος
730 1107 782 1158 ἔῃ,

93 1193 138 1231 in
167 1192 453 1231 huiuscemodi
482 1192 604 1232 lucta.
682 1193 842 1232 Deinde
872 1207 956 1232 non
986 1194 1088 1232 satis
1115 1193 1331 1242 indulgere
1359 1193 1430 1230 aut
1458 1188 1690 1240 imperitiae
1711 1200 1772 1232 520

93 1270 210 1296 meae
229 1258 301 1297 aut
320 1258 541 1297 rusticulae
561 1259 732 1297 ferociae
752 1259 866 1298 visus
886 1261 948 1298 est
970 1259 1095 1298 homo
1114 1257 1364 1297 vrbanitatis
1389 1259 1430 1295 et
1449 1255 1691 1294 facetiarum

91 1323 252 1361 artifex.
310 1323 480 1368 Etenim
501 1336 595 1362 cum
617 1324 755 1362 omnia
774 1324 1019 1373 simpliciter
1035 1324 1212 1362 scribere
1228 1323 1276 1361 ad
1297 1336 1392 1361 eum
1412 1321 1519 1359 mihi
1538 1321 1689 1367 videar,

95 1389 144 1426 fit
171 1390 312 1426 tamen
342 1387 479 1427 nescio
508 1389 723 1438 quomodo,
756 1392 803 1427 vt
832 1389 897 1427 vel
926 1390 970 1427 in
993 1389 1230 1438 vsurpando
1255 1387 1459 1425 amicitiae
1483 1387 1568 1424 iure
1593 1399 1693 1424 non-

95 1466 312 1503 nunquam
331 1453 397 1492 vel
420 1453 542 1492 aliter
562 1453 803 1503 imprudens
824 1454 869 1492 in
890 1467 1091 1504 oxymora
1110 1453 1310 1504 quaedam
1329 1453 1521 1498 incidam,
1543 1451 1693 1501 quibus

93 1518 165 1557 ille
184 1519 317 1558 veluti
336 1518 521 1558 subdolis
546 1518 706 1557 cauillis
731 1521 803 1558 aut
829 1519 975 1569 figuris
997 1518 1203 1569 ambiguis
1232 1518 1429 1556 nonnihil
1454 1515 1690 1562 offenditur,
1712 1525 1774 1556 325

91 1585 167 1622 aut
186 1586 296 1622 certe
315 1584 470 1622 offendi
487 1596 529 1622 se
549 1583 743 1623 simulat:
770 1584 963 1623 videlicet
982 1585 1062 1623 hoc
1081 1584 1187 1623 illud
1206 1589 1269 1623 est
1287 1583 1395 1634 quod
1416 1582 1515 1630 dixi,
1537 1583 1695 1620 Eorum

95 1661 193 1687 sum
211 1649 365 1687 similis
383 1649 636 1688 athletarum
655 1663 757 1699 quos
777 1650 1000 1699 apalestros
1025 1651 1185 1698 vocant,
1209 1650 1280 1699 qui
1307 1662 1393 1687 non
1421 1648 1576 1686 norunt
1595 1645 1695 1696 quid

96 1712 238 1752 deceat
264 1713 391 1753 simul
419 1716 460 1753 et
487 1714 538 1752 ad
567 1714 608 1753 id
639 1713 748 1764 quod
776 1715 911 1765 agitur
938 1715 1084 1753 valeat.
1144 1715 1290 1764 Itaque
1316 1715 1364 1752 fit
1389 1715 1436 1751 vt
1465 1725 1593 1762 quum
1621 1724 1696 1761 ego

98 1778 251 1817 lienem
289 1778 558 1829 scriptitando
596 1792 780 1818 exerc-ere
817 1780 1030 1829 gaudeam,
1070 1779 1141 1818 ille
1179 1779 1246 1818 vel
1284 1778 1496 1817 stomacho
1532 1777 1601 1816 vel
1637 1776 1697 1814 in·

97 1843 337 1882 commodae
374 1843 600 1894 suspicioni
644 1844 840 1883 nonnihil
884 1845 980 1882 dare
1026 1844 1213 1882 videatur
1227 1860 1236 1892 ;
1284 1844 1371 1882 siue
1409 1843 1449 1881 id
1487 1841 1697 1880 immerito
1716 1850 1780 1882 530

100 1907 313 1958 suspicari
334 1908 547 1947 interdum
590 1908 635 1947 in
681 1911 865 1948 mentem
912 1909 1019 1947 mihi
1063 1909 1190 1957 venit,
1233 1909 1321 1947 siue
1359 1908 1430 1947 ille
1476 1909 1698 1947 veteranus

99 1975 278 2011 certator
305 1986 350 2012 ac
379 1972 501 2022 plane
527 1974 574 2012 in
602 1974 679 2012 hac
706 1975 822 2024 parte
848 1976 1053 2013 veterator
1079 1975 1222 2012 rudem
1247 1974 1380 2012 adhuc
1408 1986 1474 2011 me
1502 1974 1697 2021 tyronem

103 2037 359 2087 petulantius
378 2051 445 2076 me
472 2038 722 2077 inferentem
748 2039 824 2078 hoc
853 2041 972 2089 pacto
999 2038 1305 2077 emendandum
1330 2037 1698 2088 castigandumque

102 2105 268 2150 censet3
297 2103 340 2141 id
361 2103 470 2152 quod
491 2102 578 2153 ipse
597 2103 798 2143 libentius
817 2104 923 2142 mihi
947 2104 1232 2154 persuaserim.
1299 2103 1417 2152 Quod
1437 2103 1474 2141 si
1492 2102 1604 2140 inter
1622 2113 1699 2139 nos

103 2168 182 2206 hac
210 2168 258 2206 de
287 2181 330 2207 re
359 2181 476 2207 secus
502 2169 610 2207 forte
637 2169 950 2219 suspicaremur,
981 2171 1028 2208 tu
1056 2169 1160 2208 iuris
1187 2183 1272 2207 non
1301 2169 1424 2208 modo
1461 2168 1598 2206 ciuilis
1626 2167 1698 2205 sed
1717 2178 1778 2209 335

105 2233 233 2272 etiam
261 2233 468 2272 amicitiae
495 2234 708 2273 consultus
728 2234 794 2272 ius
813 2234 945 2283 nobis,
970 2236 1017 2273 vt
1042 2235 1230 2282 arbitror,
1259 2234 1458 2281 redderes,
1483 2235 1556 2271 aut
1579 2232 1699 2270 litem

104 2298 323 2337 dirimeres
342 2311 387 2336 ac
407 2311 675 2348 componeres
692 2314 700 2347 ;
731 2301 836 2338 certe
856 2299 1024 2350 quidem
1049 2313 1121 2349 per
1142 2312 1209 2337 me
1229 2298 1371 2338 liceret
1396 2301 1442 2337 vt
1469 2298 1511 2336 id
1534 2299 1696 2344 faceres,

107 2376 184 2401 nec
202 2363 241 2401 ei
260 2376 383 2414 quam
402 2363 508 2401 mihi
523 2364 690 2414 aequior
708 2377 827 2412 esses,
849 2367 895 2403 vt
915 2365 1071 2414 opinor,
1090 2364 1215 2403 etiam
1230 2365 1266 2403 si
1281 2364 1361 2402 tibi
1378 2363 1467 2412 ipse
1484 2360 1703 2401 familiaris

104 2430 170 2467 est
184 2429 236 2477 et,
253 2429 300 2467 vt
313 2427 364 2466 ab
379 2441 426 2466 eo
441 2428 576 2477 audio,
590 2429 887 2478 propemodum
907 2429 1080 2468 sodalis:
1099 2429 1207 2480 quod
1222 2428 1539 2479 praedicandum
1552 2425 1702 2465 merito

107 2505 196 2531 esse
217 2494 347 2541 putat.
418 2493 560 2531 Nolim
586 2496 737 2539 tamen,
760 2494 825 2531 vir
852 2494 1139 2541 eruditissime,
1162 2493 1306 2541 nolim,
1328 2494 1512 2543 inquam,
1533 2494 1581 2531 vt
1600 2503 1703 2541 quae
1721 2503 1783 2535 340

106 2558 160 2596 de
179 2557 418 2596 offensionis
435 2558 668 2608 suspicione
690 2559 787 2608 dixi,
810 2559 917 2598 serio
937 2573 961 2598 a
986 2572 1053 2597 me
1078 2561 1125 2598 tu
1153 2559 1261 2597 dicta
1285 2571 1373 2597 esse
1398 2558 1549 2605 credas,
1572 2569 1702 2607 quum

155 2669 230 2700 307.
260 2659 477 2700 perpolitum
499 2662 532 2696 β.
694 2671 767 2700 312.
800 2662 917 2701 prima
938 2662 1172 2702 impressione
1195 2665 1268 2693 add.
1295 2663 1328 2696 β.
1463 2670 1545 2691 vero
1568 2662 1644 2691 add.
1666 2659 1700 2693 β.

112 2713 188 2742 315.
212 2704 402 2734 certamini
418 2706 491 2735 add.
507 2706 542 2739 β.
712 2706 786 2744 316.
813 2705 944 2745 quippe
962 2730 969 2737 .
988 2729 996 2737 .
1015 2729 1022 2737 .
1042 2715 1116 2744 320.
1135 2705 1233 2736 lucta
1249 2707 1323 2736 add.
1339 2705 1374 2738 β.
1543 2713 1618 2743 320.
1642 2704 1705 2733 aut

111 2749 187 2778 add.
202 2747 237 2781 β.
407 2757 482 2786 325.
509 2748 686 2788 ambiguis
701 2750 763 2783 DB
778 2759 786 2779 ι
809 2758 867 2779 om.
884 2751 926 2779 N.
1091 2749 1164 2788 326.
1192 2747 1359 2778 videlieet
1375 2749 1423 2777 D:
1446 2747 1519 2778 nisi
1534 2747 1654 2786 potius
1667 2747 1703 2780 β.

111 2799 238 2821 corum
255 2799 334 2821 sum
350 2792 396 2821 D:
421 2794 462 2822 vt
478 2801 601 2822 eorum
619 2793 687 2822 sim
703 2793 736 2825 β.
894 2801 972 2830 333.
996 2791 1220 2832 petulantius
1235 2794 1282 2821 D:
1307 2800 1379 2821 non
1396 2791 1524 2821 aetatis
1540 2789 1601 2820 sed
1616 2789 1705 2820 artis

113 2834 291 2873 tyrocinio
313 2833 440 2865 stolide
461 2835 496 2869 β.
670 2844 745 2873 335.
777 2834 868 2865 forte
895 2837 972 2866 add.
994 2837 1028 2869 β.
1202 2844 1275 2874 337.
1305 2834 1491 2865 dirimeres
1514 2843 1553 2864 ac
1576 2834 1650 2863 add.
1671 2834 1706 2866 Β.

114 2887 191 2916 339.
222 2876 351 2908 merito
377 2886 452 2908 esse
479 2880 529 2908 D:
560 2877 629 2909 sibi
651 2878 782 2908 merito
806 2878 881 2917 ipse
904 2879 938 2912 β.
1115 2888 1189 2917 3⁴0·
1221 2878 1277 2908 vir
1300 2901 1308 2908 .
1333 2902 1340 2909 .
1367 2899 1375 2908 .
1400 2877 1549 2916 inquam
1572 2878 1644 2907 add.
1668 2877 1704 2910 Β.

110 2929 187 2958 341.
213 2929 234 2951 a
249 2929 306 2951 me
322 2929 381 2951 om.
394 2921 429 2955 β.

158 3029 232 3058 311.
257 3018 426 3060 epistola]
450 3019 512 3059 Ep.
531 3028 605 3058 531.
980 3020 1054 3059 316.
1080 3018 1329 3060 Homericum]
1353 3021 1393 3050 Il.
1417 3027 1466 3050 10.
1484 3027 1594 3058 224,5.

643 3063 716 3101 326.
742 3061 836 3103 dixi]
859 3062 911 3094 Cf.
930 3062 991 3102 Ep.
1009 3072 1082 3102 493.
1102 3073 1175 3103 215.
