2010 3417
198 532 257 571 ‚265

196 866 258 898 570

197 2177 259 2209 590

197 2505 257 2535 595

277 157 357 193 474
742 153 994 192 LETTERS
1033 153 1103 191 OF
1141 152 1406 192 ERASMUS
1747 150 1871 203 [1517

277 278 375 312 esse,
399 265 513 302 tanta
543 262 824 313 expectatione
855 275 1077 301 onerasses.
1138 261 1217 301 Sed
1247 262 1445 312 quicquid
1472 263 1550 301 1100
1577 264 1641 301 est
1660 274 1733 301 seu
1753 263 1873 301 bene-

278 329 362 367 ficii
390 342 461 366 seu
491 327 738 377 sedulitatis,
769 328 845 366 1100
874 329 937 366 est
966 341 1038 366 seu
1069 328 1191 366 officii
1213 341 1286 366 seu
1312 328 1467 377 culpae,
1491 329 1630 366 totum
1659 327 1737 366 tibi
1766 341 1876 366 com·

278 406 404 431 mune
424 395 486 431 est
506 406 601 431 cum
622 393 755 431 Fabro
776 393 966 442 Copoque
985 407 994 440 ;
1038 392 1096 430 sic
1116 393 1230 431 enim
1260 393 1366 431 mihi
1385 393 1500 431 visus
1523 406 1618 432 sum
1638 393 1873 442 intelligere

278 472 327 496 ex
348 458 533 497 oratione
551 458 688 507 legati.
750 458 865 496 Certe
893 458 999 497 mihi
1028 471 1123 496 cum
1151 458 1298 508 primis
1325 460 1490 507 gratum
1515 458 1598 496 fuit
1622 457 1758 496 virum
1786 460 1875 496 tam

277 523 405 573 pium,
421 525 507 561 tam
526 523 748 570 eruditum,
773 525 858 561 tam
875 523 1109 561 humanum
1123 536 1374 573 cognoscere,
1392 523 1459 561 0111
1472 523 1544 561 vix
1563 523 1700 574 eloqui
1717 524 1874 573 possim

278 601 401 639 quam
421 589 501 626 sim
522 588 771 627 obstrictus:
800 590 847 626 vt
867 589 938 638 qui
958 602 1024 626 me
1044 601 1128 627 non
1148 588 1287 626 solum
1306 601 1381 627 suo
1400 588 1593 638 preconio
1611 602 1768 638 suaque
1779 601 1874 627 con-

276 653 497 692 suetudine
527 667 572 692 ac
607 667 774 692 mensae
801 654 928 692 etiam
968 654 1179 692 consortio
1217 654 1450 692 honestarit
1483 654 1578 701 (scis
1615 655 1729 692 enim
1766 654 1875 703 apud

276 720 417 768 poetas
446 719 542 757 deos
570 718 661 757 fieri
691 731 793 768 quos
824 719 884 757 dii
913 720 1000 757 suis
1037 719 1191 757 mensis
1226 718 1422 757 adhibere
1455 719 1694 769 dignantur)
1726 732 1874 758 verum

276 783 403 822 etiam
426 784 775 823 Christianissimi
794 785 919 833 Regis
939 784 1108 822 nomine
1129 784 1322 823 inuitarit
1346 785 1398 823 ad
1417 786 1577 823 vestrae
1607 784 1765 824 Galliae
1783 797 1875 823 con-

277 849 530 897 tubernium,
555 849 591 887 si
611 849 734 887 modo
754 863 826 899 per
850 850 961 888 hunc
982 862 1124 888 meum
1144 849 1385 899 Principem
1405 849 1558 888 liceret.

331 915 394 953 De
412 914 555 953 Iacobi
574 915 698 953 Fabri
718 915 890 954 aduersa
909 915 1151 954 valetudine
1169 928 1299 965 eaque
1318 915 1480 953 diutina
1498 928 1544 954 30
1559 929 1662 965 pene
1680 916 1876 964 perpet-ua

276 993 366 1020 rem
393 980 501 1018 mihi
526 981 697 1018 nuncias
717 981 828 1019 haud
849 994 946 1019 sane
972 980 1236 1019 mediocriter
1258 981 1474 1029 acerbam3
1511 981 1719 1030 siquidem
1748 981 1784 1018 is
1812 980 1876 1018 vir

276 1048 340 1085 est
358 1059 405 1084 ea
425 1046 587 1095 pietate,
612 1059 659 1083 ea
679 1046 940 1084 humanitate
966 1046 1237 1096 doctrinaque
1256 1046 1480 1096 praeditus,
1503 1046 1561 1084 510
1580 1046 1631 1085 (10
1660 1045 1812 1084 studiis
1829 1058 1874 1083 ac

277 1112 471 1150 studiosis
491 1111 687 1149 omnibus
707 1112 896 1160 meritus,
919 1113 967 1150 vt
985 1111 1184 1161 indignus
1211 1111 1265 1151 sit
1285 1112 1358 1161 qui
1383 1114 1456 1150 aut
1478 1113 1665 1150 senescat
1690 1123 1875 1160 vnquam

219 1194 256 1226 75
277 1179 349 1215 aut
377 1177 587 1216 moriatur.
649 1177 728 1215 Sed
761 1178 901 1215 tamen
936 1177 1132 1227 Episcopi
1164 1191 1233 1215 me
1268 1178 1468 1216 recreauit
1503 1177 1643 1226 oratio,
1668 1176 1740 1227 qui
1766 1176 1874 1214 mihi

276 1241 464 1281 narrauit
483 1255 578 1281 eum
599 1242 684 1280 iam
700 1242 913 1292 aliquanto
932 1243 1159 1281 firmiorem
1181 1256 1280 1281 esse.

331 1307 599 1357 Efflagitaras,
624 1308 683 1345 mi
717 1308 895 1356 Budaee,
923 1310 997 1346 tua
1023 1321 1183 1358 quoque
1208 1308 1475 1357 prolixiorem
1509 1307 1737 1358 epistolam.
1810 1307 1876 1345 En

277 1373 391 1420 ὄναιο,
415 1371 541 1410 habes
571 1386 654 1410 non
686 1373 828 1410 minus
862 1386 1056 1423 magnam
1086 1386 1213 1423 quam
1243 1374 1410 1412 malam.
1467 1373 1576 1412 Nam
1609 1376 1704 1412 tuae
1733 1385 1876 1423 parem

277 1437 428 1475 referre
448 1438 568 1476 facile
586 1451 767 1487 possum,
792 1438 977 1476 similem
1007 1438 1077 1488 qui
1104 1438 1299 1487 possim?
1355 1438 1460 1478 Vide
1482 1453 1594 1477 1111110
1623 1452 1676 1478 311
1704 1438 1875 1488 posthac

276 1503 467 1552 expediat
486 1504 706 1541 Erasmum
736 1503 786 1541 ad
815 1503 996 1552 prolixas
1023 1503 1219 1553 epistolas
1246 1517 1479 1554 prouocare.
1554 1505 1724 1554 Quoque
1743 1503 1876 1553 magis

276 1569 321 1606 in
341 1570 554 1618 posterum
573 1568 615 1607 id
635 1570 810 1616 metuas,
832 1569 982 1607 addam
1000 1571 1041 1607 et
1059 1568 1310 1607 coronidem.
1370 1570 1478 1608 Sunt
1498 1569 1566 1608 1110
1588 1569 1685 1608 Itali
1705 1568 1875 1618 quidam

277 1646 380 1683 quos
399 1634 571 1672 offendit
601 1635 896 1685 ἐπιγραμμάτιον
924 1634 1035 1684 quod
1066 1634 1110 1672 in
1129 1634 1250 1672 Assis
1279 1635 1342 1673 tui
1372 1635 1630 1684 frontispicio
1660 1633 1872 1681 addidisti,

275 1699 534 1748 μωμήσασθαι
564 1703 679 1738 ταῦτα
704 1700 794 1749 ῥᾶόν
809 1703 911 1738 ἐστιν
935 1699 959 1749 ἢ
986 1700 1237 1749 μιμήσασθαι,
1262 1700 1377 1739 velut
1395 1700 1652 1750 arrogantius
1671 1700 1876 1738 nimirum

275 1764 450 1803 Veneris
483 1765 719 1803 sandalium
753 1765 1066 1813 calumniantes,
1095 1778 1191 1803 011111
1219 1765 1264 1803 111
1289 1765 1379 1815 ipsa
1405 1765 1513 1803 1111111
1538 1765 1745 1815 reperiant
1765 1766 1875 1814 quod

196 1858 221 1880 2.
240 1850 255 1880 5
276 1830 527 1880 vituperent.
577 1831 666 1880 Ego
686 1831 888 1881 negabam
909 1831 1237 1880 operaeprecium
1258 1831 1365 1869 mihi
1393 1831 1527 1869 videri
1545 1831 1589 1868 in
1609 1844 1656 1868 eo
1676 1830 1872 1877 cauillari,

276 1897 385 1946 quod
416 1897 588 1935 fortasse
615 1896 939 1946 chalcographus
967 1897 1017 1934 de
1046 1909 1121 1935 suo
1144 1896 1383 1936 addidisset.
1442 1897 1781 1946 Aggrederentur
1808 1909 1880 1946 po·

276 1963 361 2000 tius
382 1963 522 2012 ipsum
551 1975 663 2011 opus,
686 1962 731 1999 in
762 1975 842 2011 quo
862 1962 897 2000 51
924 1963 991 2000 vel
1011 1975 1142 2000 vnum
1169 1962 1336 2012 aliquod
1365 1965 1606 2001 cementum
1633 1961 1874 2009 euellerent,

276 2029 410 2066 totam
439 2027 535 2065 ilico
563 2030 815 2066 structuram
844 2028 1061 2066 ruituram.
1121 2028 1225 2066 Vide
1244 2030 1451 2078 quantum
1477 2028 1650 2067 fiduciae
1672 2027 1780 2065 mihi
1804 2029 1880 2065 tua

277 2092 444 2143 prebeat
464 2092 689 2142 diligentia,
714 2094 785 2143 qui
808 2106 893 2131 non
912 2095 1100 2132 metuam
1120 2093 1330 2144 quoslibet
1355 2093 1481 2132 etiam
1505 2095 1551 2132 in
1578 2096 1620 2132 te
1639 2106 1876 2142 prouocare,

278 2171 360 2208 quo
379 2158 455 2197 fias
474 2158 689 2198 illustrior.
750 2160 810 2197 At
830 2159 942 2197 idem
971 2159 1014 2197 in
1035 2172 1103 2197 me
1129 2160 1221 2198 fieri
1241 2159 1385 2198 nolim.

333 2219 425 2258 Iam
444 2222 495 2259 ad
525 2223 565 2258 te
586 2221 780 2260 miseram
808 2221 1046 2271 epistolium
1073 2222 1187 2260 velut
1212 2222 1337 2261 huius
1363 2221 1635 2269 arrabonem;
1665 2221 1731 2260 0111
1751 2233 1878 2270 quan-

278 2299 402 2336 quam
432 2286 530 2324 haec
562 2287 692 2325 serius
715 2288 925 2335 successit,
957 2290 1096 2326 tamen
1124 2300 1294 2337 propere
1320 2287 1483 2326 venisse
1512 2287 1631 2335 dicas,
1664 2287 1699 2325 si
1733 2286 1875 2325 scieris

277 2365 404 2401 quam
437 2365 504 2390 me
538 2352 772 2402 complures
804 2352 891 2390 dies
929 2352 1119 2391 afflixerit
1145 2353 1318 2402 pituita:
1351 2352 1515 2403 publica
1544 2366 1647 2402 pene
1685 2352 1875 2390 omnium

277 2417 416 2466 pestis,
438 2430 463 2455 3
485 2430 565 2467 qua
590 2418 661 2455 vix
688 2420 783 2467 post
811 2430 999 2456 mensem
1022 2418 1166 2456 reuixi.
1227 2418 1414 2457 Accessit
1444 2418 1583 2457 crebra
1610 2417 1802 2466 migratio
1827 2430 1872 2455 30

278 2482 528 2532 remigratiO.
577 2483 690 2521 Bene
710 2484 811 2531 vale,
829 2483 1058 2522 amicorum
1071 2483 1309 2522 doctissime
1321 2486 1361 2522 et
1373 2484 1589 2522 doctorum
1609 2483 1874 2522 amicissime.

330 2548 587 2598 Antuerpiae
607 2547 915 2597 decimoquinto
933 2548 1125 2587 calendas
1143 2549 1323 2588 Martias,
1347 2551 1474 2588 Anno
1492 2562 1671 2588 M.D.XV1.

321 2647 395 2683 561.
421 2645 580 2676 oneraris
595 2647 638 2677 H.
769 2646 844 2684 582.
870 2645 924 2676 tui
941 2656 999 2677 om.
1016 2648 1058 2676 H.
1171 2647 1246 2685 587.
1271 2646 1470 2678 euellerent
1487 2647 1518 2677 0¹
1533 2657 1543 2678 ε
1567 2646 1808 2679 conuellerent
1826 2643 1873 2677 Οἳ.

279 2698 353 2728 593.
376 2689 436 2719 1110
447 2693 518 2725 posi
532 2699 622 2728 pene
640 2692 712 2720 aad.
728 2692 782 2727 Η,
807 2691 844 2728 cs.
864 2692 922 2726 Ep.
942 2691 1018 2728 528.
1036 2700 1057 2728 9
1074 2699 1104 2720 n.

324 2798 399 2827 591.
426 2789 647 2829 epistolium]
672 2788 723 2819 Cf.
744 2789 806 2828 Ep.
828 2798 902 2827 522.
924 2799 956 2820 1.
1106 2799 1179 2828 593.
1207 2789 1354 2830 pituita]
1381 2789 1433 2821 Cf.
1453 2790 1516 2830 Ep.
1536 2791 1610 2829 526.
1632 2800 1658 2820 1.
