2010 3417
121 174 217 228 349]
524 174 677 216 FROM
716 174 1005 216 NIOHOLAS
1046 174 1305 214 GERBELL
1625 174 1700 212 139

117 285 400 326 defensionem
438 289 578 326 contra
610 286 708 326 illos
739 287 1043 337 μελανολεύκους.
1100 284 1394 324 Valetudinem
1427 298 1532 333 cura,
1569 286 1610 324 et
1646 297 1705 323 re·
1726 292 1764 325 35

117 349 262 391 scribe.
505 346 512 351 ”

599 462 695 503 350.
756 460 820 504 To
850 460 1066 503 RICHARD
1098 462 1231 504 PACE.

168 539 330 586 Farrago
349 551 382 585 p.
406 539 483 584 196.

168 597 205 633 F.
226 610 261 643 p.
280 607 368 643 331:
395 597 486 633 HN:
513 597 629 633 Lond.
647 597 708 632 vii.
727 607 793 642 39:
823 597 893 633 LB.
915 598 995 643 699.

1383 539 1500 575 Basle.

1225 609 1245 642 4
1264 598 1487 644 September
1507 595 1659 643 (1515).

165 689 278 732 [Only
296 697 378 729 1514
394 698 433 719 or
452 696 532 727 1515
549 697 607 720 are
630 688 794 728 possible,
814 697 851 719 as
871 688 934 719 the
951 691 1052 720 notes
1068 699 1113 721 on
1136 689 1158 720 J
1160 699 1278 721 erome
1295 700 1353 721 are
1366 689 1552 729 evidently
1568 687 1644 719 still
1667 688 1706 718 in

120 742 242 765 course
258 733 297 764 of
317 732 562 772 composition.
609 731 655 762 In
672 731 764 771 Sept.
784 741 866 770 1514
884 731 971 762 Pace
986 742 1060 764 was
1076 732 1151 763 still
1174 735 1213 764 in
1230 733 1335 773 Italy.
1387 742 1469 772 1515
1485 734 1516 763 is
1533 731 1709 763 therefore

121 785 317 816 necessary,
336 776 433 806 since
450 774 525 806 this
541 775 647 806 letter
662 776 693 805 is
708 774 840 815 clearly
854 775 1004 807 written
1021 777 1058 807 to
1073 775 1234 817 London,
1254 776 1413 807 whither
1428 776 1458 807 it
1480 774 1709 816 presumably

120 818 372 860 accompanied
387 818 450 859 Ep.
468 818 560 859 348.]

601 915 807 946 ERASMVS
838 915 982 948 PACEO
1013 917 1096 948 SVO
1127 918 1161 947 S.
1196 917 1239 948 D.

174 998 321 1038 PLANE
347 998 520 1048 confido,
541 997 612 1049 qui
630 997 694 1037 tui
714 999 775 1036 est
793 997 953 1048 ingenii
971 998 1132 1048 candor,
1154 998 1215 1037 mi
1242 998 1383 1047 Pacee,
1405 999 1446 1036 te
1464 997 1711 1047 perpetuum

120 1064 303 1104 amicum
331 1063 522 1103 futurum
537 1079 547 1113 ;
586 1077 662 1102 nec
692 1063 743 1102 ob
770 1063 813 1101 id
841 1063 1039 1103 descisces
1065 1063 1116 1103 ab
1145 1064 1339 1113 amicitia,
1371 1063 1479 1115 quod
1507 1063 1624 1102 tanto
1653 1061 1711 1099 sis

121 1130 293 1168 felicior.
350 1129 492 1179 Atque
518 1129 681 1168 vtinam
714 1129 772 1168 sis
800 1128 934 1168 multo
968 1129 1092 1168 etiam
1124 1129 1293 1169 felicior.
1351 1129 1396 1167 Si
1425 1126 1712 1167 commentarii

123 1195 257 1235 nostri
281 1195 365 1234 iam
390 1195 553 1234 aduecti
580 1196 690 1244 sunt,
714 1195 758 1233 vt
787 1197 900 1244 puto,
928 1195 992 1234 fac
1018 1195 1241 1244 diligenter
1266 1195 1465 1234 recondas
1489 1195 1571 1241 aut,
1603 1190 1712 1242 quod

123 1261 280 1310 malim,
313 1260 422 1311 apud
449 1259 615 1299 Morum
649 1260 829 1310 deponas
857 1260 986 1299 donec
1017 1273 1241 1311 reposcam.
1313 1260 1538 1299 Linacrum
1573 1258 1638 1296 fac
1665 1257 1710 1294 in
1732 1274 1750 1307 5

123 1326 309 1367 amicitia
327 1325 504 1364 retineas
521 1327 573 1375 et,
591 1325 627 1364 si
646 1325 736 1364 fieri
754 1327 900 1375 potest,
924 1325 1049 1365 etiam
1071 1326 1307 1365 Grocinum.
1360 1325 1454 1364 Non
1468 1325 1566 1363 haec
1580 1322 1713 1362 scribo

121 1392 229 1444 quod
252 1391 318 1431 vel
345 1393 529 1430 metuam
555 1391 710 1442 aliquid
730 1391 796 1430 vel
822 1391 1042 1442 quicquam
1069 1391 1121 1430 ab
1148 1391 1235 1431 illis
1261 1393 1472 1442 expectem
1492 1388 1708 1435 commodi,

122 1458 194 1497 sed
222 1456 331 1507 quod
365 1455 468 1495 tales
495 1457 606 1495 viros
633 1457 829 1506 perpetuo
857 1455 985 1495 velim
1014 1457 1178 1496 amicos.
1239 1457 1335 1495 Non
1364 1458 1486 1506 egent
1514 1454 1579 1492 illi
1607 1452 1712 1491 meis

120 1522 358 1574 praeconiis,
374 1521 479 1560 illud
498 1523 637 1560 tamen
656 1522 790 1560 ausim
810 1521 951 1570 dicere,
969 1535 1044 1560 nec
1063 1521 1172 1560 inter
1187 1522 1350 1573 Anglos
1368 1535 1455 1561 esse
1475 1520 1547 1571 qui
1567 1519 1617 1558 de
1631 1518 1714 1556 illis

123 1587 193 1628 vel
225 1587 402 1627 senserit
434 1586 766 1638 magnificentius
794 1586 861 1625 vel
892 1587 1189 1637 praedicauerit
1221 1587 1561 1626 honorificentius
1589 1597 1713 1634 quam
1737 1600 1775 1622 10

125 1653 336 1693 Erasmus.
395 1653 450 1692 Et
474 1665 559 1691 non
583 1652 687 1691 libet
710 1652 950 1691 meminisse
977 1652 1076 1704 quid
1095 1654 1278 1703 vterque,
1301 1653 1412 1692 haud
1431 1652 1515 1691 scio
1536 1662 1711 1701 quorum

125 1719 340 1766 instinctu,
365 1717 412 1756 in
439 1730 516 1757 nos
541 1717 713 1757 molitus
737 1717 888 1766 fuerit3
927 1718 970 1757 id
998 1718 1110 1768 quod
1135 1718 1223 1768 ipsa
1247 1731 1289 1756 re
1316 1717 1507 1767 comperi,
1538 1729 1625 1754 non
1649 1727 1712 1753 su-

126 1784 308 1835 spicione
328 1782 490 1831 conieci,
514 1796 750 1833 quanquam
779 1783 881 1822 olim
900 1784 984 1822 iam
1006 1783 1118 1822 idem
1137 1783 1366 1822 olfeceram.
1426 1782 1506 1821 Sed
1525 1780 1714 1820 homines

126 1861 299 1896 sumus3
334 1861 406 1898 ego
435 1861 596 1898 semper
625 1861 693 1886 ero
720 1848 804 1886 mei
832 1848 993 1898 similis,
1024 1849 1064 1887 et
1092 1848 1189 1887 huic
1217 1848 1391 1886 iniuriae
1418 1849 1480 1886 tot
1509 1858 1714 1897 opponam

126 1914 298 1954 illorum
327 1913 549 1953 benefacta.
608 1913 774 1951 Linacri
792 1913 871 1951 feci
890 1913 1161 1952 honorificam
1188 1913 1445 1952 mentionem
1473 1912 1519 1950 in
1547 1909 1716 1949 scholiis
1738 1926 1775 1958 15

128 1978 481 2029 Hieronymianis.
543 1977 613 2016 Nil
650 1990 853 2027 magnum
890 1977 955 2026 sit,
998 1978 1033 2016 si
1070 1980 1332 2017 contemnam
1372 1977 1642 2026 contemptus,
1683 1974 1718 2012 si

128 2044 285 2084 oderim
314 2043 409 2082 odio
438 2042 620 2082 habitus.
679 2043 793 2082 Illud
821 2042 954 2081 literis
983 2045 1043 2082 est
1072 2043 1250 2094 dignius⁷
1273 2042 1417 2082 officiis
1445 2044 1610 2088 certare,
1634 2052 1718 2078 non

128 2109 246 2151 odiis.
305 2108 431 2158 Apud
445 2107 758 2157 Eboracensem,
779 2108 938 2158 quoties
953 2108 1144 2147 inciderit
1163 2108 1444 2155 commoditas,
1459 2107 1522 2146 fac
1537 2106 1717 2144 Paceum

129 2188 238 2226 agas.
298 2174 406 2213 Cura
423 2174 470 2213 vt
490 2174 598 2212 recte
618 2172 766 2212 valeas.

184 2238 381 2279 Basileae.
404 2237 536 2289 pridie
556 2237 697 2278 Nonas
716 2237 922 2289 Septemb.
947 2235 1045 2291 [An.
1069 2236 1269 2291 M.n.x1x.]
1740 2253 1780 2274 20

174 2324 250 2355 350.
286 2332 336 2363 13.
370 2322 505 2353 conieci
527 2324 601 2353 add.
626 2325 669 2354 H.

132 2378 184 2399 20.
210 2368 280 2399 An.
299 2375 448 2398 M.D.X1x.
464 2368 539 2396 adel.
552 2368 595 2397 H.

865 2323 912 2353 18.
946 2321 1175 2354 Cardinalem
1198 2326 1267 2353 ante
1291 2322 1550 2354 Eboracensem
1574 2322 1648 2350 add.
1674 2320 1717 2348 H.

178 2464 252 2496 349.
277 2471 328 2502 35.
355 2463 623 2505 μελανολεύκους]
643 2464 716 2495 The
734 2464 895 2496 Domini-

960 2465 1096 2497 scholia
1119 2465 1158 2495 in
1181 2464 1244 2504 Ep.
1269 2463 1314 2494 ad
1341 2463 1509 2493 Furiam:
1546 2459 1608 2490 ‘Id
1633 2468 1719 2499 opus

134 2517 231 2546 cans,
246 2508 328 2537 who
344 2507 384 2537 in
399 2508 520 2547 public
531 2518 624 2539 wore
642 2517 662 2537 a
675 2508 777 2538 black
793 2507 894 2538 cloak

962 2509 1089 2540 Galeni
1110 2507 1201 2550 (περὶ
1225 2505 1391 2548 ὑγιεινῶν)
1414 2505 1531 2536 adhuc
1555 2504 1663 2539 extat,
1680 2511 1720 2532 ac

135 2560 219 2582 over
239 2550 301 2581 the
316 2550 429 2581 white
441 2552 523 2582 robe
545 2551 616 2581 and
632 2550 726 2581 hood
743 2550 781 2580 of
798 2550 894 2581 their

136 2593 250 2625 order.
296 2592 348 2624 Cf.
365 2593 429 2633 Ep.
447 2604 522 2633 290.
546 2603 586 2624 10
602 2603 636 2624 n.

179 2637 254 2668 350.
265 2646 296 2676 3.
308 2636 462 2678 felicior]
480 2637 522 2667 In
534 2636 700 2676 entering
708 2634 894 2676 Wolsey's,

137 2690 177 2712 or
202 2680 355 2720 perhaps
383 2679 446 2711 the
475 2677 611 2718 King's,
634 2680 779 2710 service.
823 2679 897 2709 The

138 2724 220 2755 date
246 2723 284 2753 of
304 2722 423 2753 Pace’s
448 2724 698 2763 appointment
725 2732 763 2753 as
786 2722 897 2761 Royal

137 2767 323 2806 Secretary
336 2766 368 2796 is
384 2767 585 2798 uncertain.
631 2766 694 2796 See
710 2764 817 2796 DNB.

227 2809 491 2851 commentarii]
512 2809 586 2840 The
601 2811 830 2847 Antibarbari3
853 2808 896 2839 cf.

139 2854 204 2895 Ep.
220 2862 272 2893 30.
299 2853 338 2883 16
353 2863 388 2884 n.

187 2907 236 2928 12.
268 2897 308 2927 in
331 2896 412 2937 nos]
445 2896 603 2936 Perhaps
623 2896 669 2935 by
692 2895 900 2934 disturbing

141 2939 320 2972 Erasmus'
342 2941 513 2971 relations
535 2939 627 2970 with
650 2938 708 2969 his
730 2940 897 2978 patrons3

143 2984 187 3016 cf.
205 2993 229 3016 1.
245 2994 279 3024 p.
295 2991 316 3022 5
333 2984 405 3015 and
421 2984 483 3024 Ep.
502 2984 575 3022 388.
596 2982 657 3020 164
674 2991 710 3014 n.

189 3036 238 3067 15.
249 3026 487 3068 mentionem]
495 3027 515 3058 J
519 3036 635 3057 erome
645 3027 668 3065 i,
679 3026 702 3057 f.
715 3025 797 3068 360
803 3026 894 3066 516),

962 2552 1035 2583 iam
1062 2551 1200 2582 dudum
1230 2551 1270 2581 in
1294 2550 1461 2580 manibus
1491 2549 1543 2578 est
1566 2546 1719 2576 Thomae

962 2596 1113 2626 Linacro
1135 2593 1274 2624 medico
1300 2593 1486 2630 Britanno,
1513 2590 1590 2621 viro
1611 2588 1722 2619 vnde-

963 2647 1104 2677 cunque
1150 2636 1368 2675 doctissimo,
1407 2634 1507 2665 breui
1544 2634 1584 2663 vt
1620 2641 1721 2671 spero

964 2681 1135 2712 Latinum
1187 2679 1426 2718 proditurum.
1488 2677 1552 2707 Est
1599 2675 1723 2707 eodem

964 2724 1072 2755 titulo
1110 2723 1202 2753 liber
1243 2721 1345 2752 Pauli
1382 2720 1578 2760 Aeginstae,
1618 2727 1724 2758 quem

965 2766 1167 2798 Gulielmus
1184 2765 1300 2804 Copus
1316 2764 1526 2794 Basiliensis
1545 2762 1719 2793 traduxit.

965 2810 1029 2841 Est
1065 2811 1101 2839 et
1135 2808 1320 2839 Plutarchi
1358 2816 1465 2846 quem
1502 2815 1568 2837 nos
1605 2815 1721 2845 nuper

967 2852 1165 2884 vertimus!

1013 2896 1062 2928 18.
1092 2893 1362 2934 Eboracensem]
1401 2892 1474 2926 The
1500 2892 1581 2923 title
1606 2890 1721 2923 added

967 2940 1006 2970 in
1023 2939 1059 2970 H
1079 2939 1110 2969 is
1131 2937 1336 2978 impossible
1353 2938 1390 2968 at
1411 2937 1487 2967 this
1509 2937 1609 2975 time,
1627 2936 1722 2966 since

965 2982 1110 3021 XVolsey
1124 2990 1197 3011 was
1218 2981 1303 3020 only
1319 2980 1460 3012 created
1483 2978 1653 3012 Cardinal
1676 2988 1722 3009 on

970 3036 1009 3057 10
1025 3026 1120 3065 Sept.
1142 3034 1231 3064 1515.
