2010 3417
283 172 363 210 378
741 168 993 208 LETTERS
1031 168 1101 207 OF
1139 167 1406 208 ERASMUS
1747 167 1816 222 [ν
1852 171 1876 206 6

336 278 551 328 Lopsenus
587 277 658 316 ille
703 278 846 316 noster
887 277 1087 316 Aurelius
1131 277 1237 316 serio
1256 275 1513 328 {triumphat
1558 278 1680 328 quod,
1719 277 1878 317 relictis

282 342 495 393 leopardis,
536 342 814 393 peculiaribus
851 345 893 382 te
930 342 1125 382 leonibus
1167 342 1387 384 addixeris.
1457 343 1615 382 Verum
1652 356 1737 382 non
1775 343 1880 382 satis

282 406 409 458 probe
428 409 550 447 tuum
569 407 705 447 noscit
731 407 960 458 ingenium,
983 410 1031 448 vt
1057 407 1129 458 qui
1151 408 1309 447 aulicos
1335 408 1512 458 deosque
1531 409 1708 459 deasque
1727 421 1779 447 ne
1799 408 1876 458 pili

222 479 262 512 55
283 473 451 524 quidem
482 473 617 521 facias,
650 475 817 513 tantum
854 474 967 512 abest
1001 476 1047 513 vt
1084 474 1136 512 iis
1168 475 1210 513 te
1248 474 1377 513 semel
1410 473 1626 513 deuoueas.
1695 474 1881 525 Dorpius

281 538 416 578 adhuc
447 539 783 578 constantissime
815 538 860 578 in
893 539 967 578 illa
996 551 1072 578 sua
1105 538 1250 588 heresi,
1286 539 1366 578 scis
1399 552 1488 590 qua,
1520 540 1687 590 perstat,
1721 539 1878 590 pariter

281 606 322 643 et
340 603 480 644 Musas
500 606 541 643 et
561 603 694 643 Musis
712 603 868 643 amicos

444 692 605 732 Laudat
632 694 825 743 amatque
853 691 977 740 domi,
1009 692 1160 742 premit
1188 694 1306 731 extra
1334 691 1465 730 limen
1491 691 1686 744 iniquus:

280 780 322 819 id
353 780 462 831 quod
491 779 668 830 experiri
692 779 976 819 manifestarie
1001 779 1140 830 quiuis
1162 780 1310 830 potest,
1339 778 1377 818 si
1403 779 1598 819 adhibeat
1623 780 1811 819 animum
1835 782 1874 818 et

222 845 263 876 60
282 845 612 885 animaduertere
639 845 690 884 ad
716 845 759 884 id
783 846 966 884 conetur.
1026 845 1123 884 Non
1148 845 1248 884 haec
1273 844 1407 884 scribo
1431 846 1478 884 vt
1502 844 1696 895 frigidam
1720 845 1882 885 suffun--

281 911 388 959 dam,
422 911 492 950 sed
520 912 566 950 vt
597 910 670 949 ille
702 910 945 949 meminerit
977 910 1150 949 tandem
1182 910 1347 949 Daretis
1378 912 1420 949 et
1447 910 1614 960 Entelli,
1644 912 1771 961 vtque
1798 910 1878 949 tibi

281 976 453 1016 herbam
471 976 684 1027 porrigens
705 975 810 1014 illud
831 977 968 1015 exerta
986 989 1085 1015 voce
1104 975 1190 1015 tuis
1210 975 1395 1026 opploret
1415 975 1594 1024 auribus,

497 1063 560 1102 Tu
589 1063 745 1111 maim-3
783 1063 862 1101 tibi
890 1076 958 1101 me
986 1064 1049 1102 est
1077 1076 1255 1113 aequum
1284 1076 1439 1113 parere,
1469 1063 1653 1103 Erasme.

283 1156 400 1205 Quod
420 1156 504 1196 nisi
521 1156 762 1207 propediem
781 1156 945 1204 dixerit,
965 1157 1053 1195 iure
1073 1157 1233 1207 optimo
1255 1156 1409 1207 eulogii
1427 1155 1516 1195 vice
1537 1156 1696 1195 dicetur
1712 1171 1721 1196 ε

220 1243 260 1285 65
498 1244 594 1294 Ipse
621 1243 720 1283 tulit
748 1243 935 1294 precium
962 1244 1046 1283 iam
1075 1257 1186 1283 nunc
1214 1244 1452 1283 certaminis
1480 1244 1620 1291 huius,

499 1309 579 1358 Qui
607 1323 703 1348 cum
731 1310 867 1349 victus
896 1309 974 1348 erit
1002 1311 1140 1348 tecum
1170 1312 1344 1349 certasse
1372 1310 1534 1349 feretur.

280 1400 394 1451 Vale,
430 1401 670 1441 charissime
709 1402 757 1442 D.
795 1402 982 1450 Erasme,
1017 1404 1057 1441 et
1095 1403 1173 1441 hoc
1206 1402 1310 1442 scias
1343 1403 1488 1451 velim,
1522 1404 1563 1442 te
1597 1416 1679 1442 vno
1712 1401 1882 1442 nullum

282 1480 518 1517 quenquam
538 1467 782 1506 mortalium
801 1467 1040 1506 chariorem.
1101 1468 1263 1507 Iterum
1283 1468 1385 1506 vale.

337 1532 512 1571 Louanii
533 1533 661 1571 natali
681 1532 769 1571 diui
788 1532 960 1571 Martini
985 1534 1096 1581 1516.

462 1702 560 1742 486.
622 1701 754 1743 FRoM
787 1701 1006 1742 W1LL1AM
1038 1700 1239 1752 BLoUNT,
1271 1701 1398 1742 LORD
1429 1700 1700 1743 MoUNTJor.

330 1792 515 1839 Deventer
532 1801 609 1838 MS.
629 1813 684 1848 91,
706 1803 732 1839 f.
758 1813 823 1848 144
840 1808 889 1840 νο.
1516 1803 1701 1849 Tournay.

329 1861 402 1896 LB.
422 1861 517 1907 App.
537 1872 592 1907 90.
1392 1871 1433 1897 12
1451 1860 1660 1898 November
1679 1860 1836 1909 (1516).

634 1954 746 1995 [1516‚
766 1954 915 1985 because
933 1952 970 1984 of
985 1953 1046 1985 the
1062 1953 1285 1993 publication
1303 1954 1341 1985 of
1353 1953 1375 1984 J
1378 1953 1526 1996 e1·ome.]

547 2062 825 2093 GVILIELMVS
855 2063 1117 2094 MONTIOYVS
1147 2063 1364 2094 HERASMO
1395 2064 1478 2094 SVO
1510 2064 1543 2093 S.
1572 2064 1614 2095 D.

338 2144 510 2192 ACCEPI,
529 2144 589 2182 mi
609 2143 826 2192 Herasme,
847 2143 1009 2183 litteras
1034 2146 1141 2192 tuas,
1161 2145 1203 2183 et
1229 2144 1337 2195 quod
1363 2144 1511 2184 scribis
1541 2144 1590 2183 de
1618 2144 1879 2194 Hieronymo

281 2207 470 2247 absoluto
490 2208 659 2259 gaudeo.
720 2209 800 2248 Sed
828 2210 937 2259 quod
964 2223 1114 2259 magno
1134 2209 1340 2258 venditur,
1360 2223 1605 2260 persuasum
1631 2209 1739 2248 mihi
1756 2209 1880 2259 plane

281 2275 344 2312 est
372 2273 679 2313 lucubrationes
708 2274 971 2313 Herasmicas
998 2288 1083 2313 non
1111 2288 1232 2325 posse
1259 2276 1369 2314 tanti
1396 2275 1522 2315 vendi
1550 2275 1695 2326 quanti
1722 2274 1875 2314 valent.

281 2338 457 2377 Decreui
485 2339 612 2389 igitur
639 2339 771 2388 breui,
791 2353 886 2378 cum
915 2340 964 2378 de
993 2340 1128 2390 precio
1157 2340 1266 2379 mihi
1291 2340 1512 2389 constabit,
1531 2340 1599 2379 vel
1624 2340 1675 2379 ad
1703 2340 1879 2379 Petrum

245 2419 263 2453 5
282 2404 506 2455 Aegidium
533 2404 601 2444 vel
631 2405 681 2443 ad
712 2407 751 2444 te
785 2419 860 2456 pro
888 2419 936 2443 eo
964 2406 1143 2444 mittere.
1204 2406 1321 2454 Quod
1351 2405 1568 2444 Bruxellas
1596 2404 1885 2456 commigrasti

281 2468 342 2507 ibi
378 2469 662 2519 hyematurus,
699 2483 785 2508 non
822 2483 991 2520 possum
1028 2483 1114 2508 non
1151 2470 1316 2509 laudare
1353 2472 1475 2509 tuum
1513 2470 1752 2519 consilium,
1786 2472 1880 2509 tum

285 2534 446 2584 (quod)
467 2534 601 2584 possis
619 2548 721 2585 quae
742 2548 837 2574 cum
857 2535 1051 2585 Principe
1071 2538 1145 2574 tuo
1164 2535 1323 2586 agenda
1347 2535 1426 2574 tibi
1451 2535 1536 2574 sint
1556 2535 1763 2583 conficere,
1785 2537 1877 2574 tum

283 2612 379 2638 eum
413 2599 634 2638 Tunstallo
668 2603 822 2648 nostro,
857 2600 946 2639 viro
982 2602 1069 2639 tam
1103 2600 1236 2639 amico
1270 2603 1312 2639 et
1345 2601 1480 2649 docto,
1511 2601 1621 2650 quod
1654 2601 1712 2640 sis
1743 2600 1886 2651 sepius

548 2709 623 2740 486.
642 2717 673 2747 5.
700 2708 868 2752 Bruxelle
885 2710 955 2739 MS.
974 2720 982 2740 :
1005 2719 1078 2740 corr.
1097 2711 1160 2741 LB.
1295 2718 1325 2748 7.
1351 2708 1446 2748 quod
1462 2711 1537 2742 add.
1554 2711 1617 2741 LB.

328 2808 402 2839 485.
419 2818 472 2847 52.
491 2807 691 2849 Lopsenus]
709 2807 760 2839 cf.
776 2808 839 2847 Ep.
857 2818 895 2848 17
909 2807 1041 2839 introd.
1156 2808 1210 2846 58.
1235 2806 1391 2848 Laudat]
1415 2807 1467 2839 Of.
1486 2807 1572 2839 Hor.
1591 2810 1650 2845 Ep.
1671 2817 1701 2840 1.
1722 2817 1772 2848 19.
1790 2809 1845 2849 36.

329 2861 381 2890 53.
429 2850 624 2892 leopardis]
670 2853 693 2882 i.
707 2862 735 2883 e.
787 2852 850 2882 the
904 2851 1045 2882 ‘leones
1157 2852 1210 2881 62.
1235 2850 1411 2892 opploret]
1435 2851 1539 2883 Auct.
1558 2851 1644 2882 Her.
1664 2862 1696 2891 4.
1714 2861 1767 2891 52.
1784 2853 1840 2890 65.

287 2894 468 2932 lopardes’
500 2895 538 2925 of
566 2894 744 2935 England.
807 2895 841 2926 A
868 2894 943 2926 lion
971 2904 1045 2926 was
1155 2896 1210 2933 63.
1233 2894 1286 2924 'ru
1304 2893 1434 2935 maior]
1460 2895 1561 2934 Vei-g.
1581 2897 1647 2926 Ecl.
1664 2904 1696 2934 5.
1712 2906 1744 2934 4.

286 2937 349 2967 the
371 2938 547 2978 principal
571 2939 710 2969 feature
734 2940 773 2969 in
796 2938 859 2969 the
888 2948 984 2969 arms
1011 2938 1050 2969 of
1156 2939 1211 2976 65.
1235 2937 1335 2979 Ipse]
1360 2937 1411 2969 cf.
1428 2938 1491 2970 Ov.
1510 2941 1583 2969 Met.
1603 2948 1652 2978 13.
1674 2948 1780 2978 19,20.

288 2979 373 3010 both
390 2980 550 3012 Holland
567 2982 638 3012 and
654 2982 825 3012 Brabant.
1156 2981 1231 3012 486.
1259 2990 1324 3012 Trr.
1355 2980 1538 3022 nniusno]
1581 2981 1648 3012 For
1677 2981 1753 3012 this
1783 2979 1874 3011 form

331 3031 382 3061 55.
409 3023 579 3064 Dorpius]
605 3024 657 3056 Cf.
676 3025 739 3065 Ep.
758 3034 830 3063 474.
851 3035 887 3063 17
903 3035 938 3056 n.
1116 3024 1160 3056 cf.
1177 3025 1241 3064 Ep.
1262 3033 1289 3056 1.
1307 3034 1371 3056 'rm
1388 3034 1423 3055 n.
