2010 3417
132 129 232 185 38⁹]
448 186 510 218 ³⁶⁰1
530 186 686 228 ³⁷⁸389.
750 187 880 228 FROM
913 186 1119 228 ANDREW
1148 187 1417 228 AMMomUs,
1654 132 1730 170 199

178 276 349 324 Epistole
367 278 415 313 ad
433 277 629 314 Erasmum
647 278 690 313 f0.
710 277 759 313 (13.
1355 276 1521 314 London.

182 335 386 381 0².p.228:
416 335 454 372 F.
472 348 507 382 p.
523 339 590 381 83:
618 336 709 372 HN:
738 335 960 379 Lond.ii.7:
988 336 1058 371 LB.
1071 337 1151 381 236.
1198 334 1289 382 (18)
1312 335 1505 382 February
1526 333 1683 382 (1516).

176 416 281 458 [Like
304 417 368 456 Ep.
388 418 452 457 388
476 417 663 457 evidently
685 427 704 447 a
728 417 806 448 first
831 416 937 448 letter
959 418 996 447 to
1021 417 1202 456 Erasmus,
1222 416 1321 447 since
1345 415 1404 447 his
1426 415 1615 456 departure
1637 415 1729 446 from

133 460 303 501 England
334 462 373 491 in
415 461 497 500 May
531 469 626 500 1515.
688 460 724 491 It
761 470 833 491 was
869 462 949 491 sent
986 462 1022 491 to
1060 460 1159 501 Pace,
1192 460 1276 491 who
1310 470 1385 491 was
1419 460 1459 491 in
1493 459 1729 491 Switzerland

131 504 212 545 (Ep.
232 505 305 544 388.
323 515 366 544 94
383 505 448 545 n.),
468 508 506 535 to
528 505 570 535 be
594 504 807 544 forwarded,
828 504 892 535 but
908 503 1017 534 failed
1035 506 1072 534 to
1088 504 1193 535 reach
1209 504 1378 535 Erasmus
1393 514 1400 542 ;
1424 503 1497 534 and
1513 503 1730 534 Ammonius

130 548 309 579 therefore
331 550 412 578 sent
432 548 586 579 another
607 557 696 587 copy
712 547 750 578 of
768 548 798 578 it
819 548 858 578 in
881 547 986 587 June,
1005 547 1113 578 when
1134 548 1303 578 Erasmus
1324 547 1396 578 had
1418 546 1592 578 returned
1608 548 1644 577 to
1664 546 1728 577 the
1777 546 1787 555 ¹'

131 591 374 623 Netherlands
400 590 504 632 (Epp.
527 601 589 630 427
617 591 688 621 and
711 594 801 632 429).
846 591 919 621 The
943 591 1171 622 mouth-date
1193 591 1299 630 given
1322 592 1353 622 is
1375 591 1552 622 incorrect
1575 591 1614 621 in
1637 590 1730 620 view

131 635 170 666 of
189 636 251 666 the
274 635 440 666 mention
467 635 506 666 of
524 635 587 665 the
615 634 782 665 Princess
809 634 940 674 Mary's
964 635 1062 665 birth
1088 635 1127 676 (1.
1154 644 1197 673 59
1220 635 1287 675 11.).
1350 634 1387 665 It
1410 644 1477 665 can
1501 635 1543 665 be
1567 632 1728 665 rectified

131 679 245 719 easily
260 679 300 709 in
316 679 378 709 the
394 687 472 718 way
491 677 678 718 suggested
694 680 733 708 in
750 678 812 708 the
828 679 903 708 text
919 688 927 716 ;
950 678 1032 709 that
1047 677 1264 708 Ammonius
1280 678 1410 709 should
1426 678 1517 709 have
1532 677 1729 709 calculated

131 722 185 753 for
200 723 265 754 the
280 722 460 762 leap-year
475 722 632 752 without
650 721 846 761 reckoning
860 721 915 752 for
930 721 991 752 the
1008 721 1191 753 bissextile
1207 721 1275 761 day
1292 722 1323 752 is
1339 721 1410 752 less
1426 721 1569 762 likely]

487 820 699 851 ANDREAS
727 819 969 850 AMMONIVS
1001 818 1181 850 ERASMO
1212 821 1246 850 S.
1271 820 1309 851 P.
1337 820 1378 849 D.

186 901 348 950 QVIBVS
367 901 554 940 victimis
573 901 650 940 hoc
665 900 853 951 expiabo,
872 902 918 939 vt
937 900 1048 939 binis
1067 900 1151 938 mei
1170 900 1335 939 Erasmi
1353 899 1487 939 literis
1506 913 1590 938 non
1608 902 1730 939 antea

130 966 416 1017 responderim
450 980 576 1017 quam
613 968 756 1005 ternas
787 966 1016 1016 acceperim
1029 967 1050 1004 ⁶?
1106 965 1216 1004 Malo
1253 965 1410 1004 crimen
1445 965 1569 1004 fateri
1605 977 1732 1015 quam

131 1045 273 1072 causas
298 1032 460 1082 ineptas
482 1032 656 1079 afferre3
683 1045 921 1082 quanquam
950 1032 1178 1071 nonnullae
1206 1033 1305 1070 sunt
1334 1031 1445 1070 haud
1474 1031 1645 1070 omnino
1673 1030 1732 1080 (vt

129 1098 238 1137 mihi
261 1097 469 1147 videntur)
492 1097 667 1147 ineptae.
728 1097 896 1136 Veritus
924 1097 1039 1136 enim
1068 1110 1163 1136 sum
1192 1111 1245 1136 ne
1274 1110 1428 1147 operae,
1461 1097 1579 1136 cuius
1604 1096 1733 1135 tantis

130 1161 246 1200 tricis
278 1160 545 1200 vehementer
577 1159 806 1209 impeditus
836 1173 983 1210 parcus
1021 1173 1110 1199 esse
1145 1174 1277 1210 cogor,
1308 1160 1509 1199 iacturam
1541 1159 1728 1207 facerem,

130 1239 262 1277 quum
281 1225 328 1265 in
346 1225 552 1264 incertum
572 1225 840 1264 scribendum
859 1225 910 1264 ad
931 1227 972 1264 te
991 1227 1110 1274 esset,
1130 1225 1240 1276 quod
1260 1227 1306 1264 tu
1323 1227 1512 1275 pertesus
1530 1224 1733 1275 hypocau-

130 1294 294 1331 storum
309 1291 498 1329 nidorem
517 1304 539 1329 e
556 1290 778 1330 Germania
797 1291 848 1329 ad
865 1290 1066 1330 Calendas
1085 1291 1221 1340 primo
1241 1291 1430 1338 Nouem.,
1446 1289 1594 1328 deinde
1614 1289 1729 1327 festis

131 1356 350 1397 Natalibus
368 1355 547 1406 peractis
565 1356 828 1395 auolaturum
843 1358 884 1394 te
904 1356 1188 1406 significabas:
1215 1356 1405 1394 nondum
1421 1358 1564 1394 tamen
1583 1354 1729 1393 consti-

130 1421 260 1462 tuisse
288 1421 482 1460 videbare
511 1421 743 1460 Romamne
777 1420 860 1459 ires
889 1434 942 1460 an
971 1421 1052 1460 huc
1082 1423 1321 1471 reuerteres,
1353 1434 1426 1460 seu
1460 1419 1657 1459 Venetias
1690 1421 1730 1458 te
1792 1420 1795 1423 ’

130 1487 349 1527 conferres.
401 1487 679 1536 Quamobrem
698 1486 943 1537 priusquam
963 1487 1013 1525 ad
1030 1489 1071 1525 te
1091 1487 1370 1535 rescriberem,
1387 1486 1459 1525 vbi
1475 1485 1732 1524 constitisses

128 1566 306 1605 gnarum
329 1565 398 1591 me
425 1552 515 1591 fieri
541 1551 819 1601 expectabam.
881 1551 1061 1590 Interim
1089 1554 1231 1591 tamen
1260 1552 1297 1591 si
1326 1552 1505 1590 Romam
1533 1550 1730 1601 petiisses,

129 1619 262 1658 veteri
282 1631 376 1657 meo
398 1619 575 1668 patrono
599 1617 801 1668 Episcopo
824 1617 1132 1669 Vuigorniensi,
1154 1618 1288 1657 nostri
1311 1617 1399 1656 illic
1425 1617 1548 1667 Regis
1569 1616 1727 1664 oratori,

129 1684 313 1723 studiose
333 1686 374 1722 te
394 1683 706 1722 commendaui:
736 1696 786 1721 ex
804 1697 852 1722 eo
867 1687 991 1733 atque
1005 1683 1104 1722 adeo
1125 1696 1175 1722 ex
1195 1683 1298 1734 ipsis
1312 1683 1509 1732 palatinis
1528 1680 1732 1720 columnis

130 1748 386 1800 singularem
417 1747 636 1786 Pontificis
665 1748 839 1786 Maximi
871 1748 916 1786 in
949 1750 990 1787 te
1022 1748 1212 1787 animum
1245 1748 1437 1798 protinus
1471 1746 1733 1798 cognouisses

130 1817 355 1864 raptusque
384 1813 606 1852 confestim
636 1813 687 1851 ad
713 1827 810 1851 eum
838 1813 997 1851 fuisses.
1059 1814 1133 1852 Sin
1163 1827 1261 1852 vero
1290 1813 1555 1852 Britanniam
1584 1812 1731 1851 Italiae

129 1879 413 1930 praetulisses,
433 1878 532 1928 quid
558 1879 691 1916 literis
721 1878 833 1916 inter
861 1881 1101 1928 praesentes
1125 1893 1226 1929 opus
1243 1881 1263 1917 ‘?
1319 1879 1442 1917 Nunc
1464 1881 1604 1917 autem
1625 1880 1732 1928 post-

132 1957 269 1995 quam,
300 1946 347 1983 vt
373 1945 419 1982 tu
450 1943 604 1991 scribis,
635 1944 685 1982 ad
715 1943 919 1982 Calendas
946 1944 1128 1992 Martias,
1151 1946 1198 1983 vt
1226 1944 1313 1995 ipse
1342 1944 1426 1983 iam
1455 1943 1650 1992 coniecto,
1679 1942 1731 1981 ad

132 2010 263 2048 Maias
293 2011 415 2048 tuum
448 2009 574 2047 istinc
607 2008 834 2048 discessum
873 2009 1118 2059 produxisti,
1146 2006 1378 2060 ‘periclitari
1409 2009 1516 2048 hanc
1554 2008 1730 2059 opellam

131 2074 256 2114 volui.
316 2075 449 2123 Quare
473 2074 522 2113 de
541 2074 608 2113 his
628 2087 731 2124 quae
749 2076 894 2124 putem
913 2074 1016 2113 scire
1033 2076 1075 2113 te
1095 2076 1283 2125 oportere
1301 2074 1401 2113 haec
1420 2074 1567 2125 accipe.

185 2141 342 2179 Ternas
362 2139 582 2178 Pontificis
601 2139 776 2178 Maximi
794 2139 947 2188 literas,
964 2152 1066 2188 quas
1079 2140 1237 2178 Breues
1251 2141 1410 2189 vocant,
1429 2139 1565 2189 accepi
1583 2152 1592 2176 ε
1611 2138 1731 2177 binas

129 2207 181 2245 ad
209 2209 252 2245 te
280 2206 468 2245 eiusdem
496 2205 619 2255 plane
649 2205 839 2254 exempli,
873 2205 977 2244 alias
1006 2205 1057 2243 ad
1089 2206 1254 2256 Regem,
1278 2205 1432 2255 quibus
1463 2206 1500 2243 ei
1529 2216 1730 2255 perquam

131 2271 362 2322 diligenter,
402 2272 449 2309 vt
487 2283 538 2308 ex
574 2283 717 2309 earum
754 2270 946 2320 exemplo
983 2270 1204 2321 intelliges,
1243 2270 1558 2309 commendaris.
1619 2270 1730 2318 Quae

132 2339 250 2376 erant
277 2337 328 2376 ad
357 2340 409 2385 te,
432 2335 629 2386 quoniam
658 2334 758 2386 quid
788 2336 920 2374 bonae
949 2336 1038 2386 spei
1060 2336 1321 2374 continerent
1351 2335 1454 2374 scire
1482 2347 1729 2386 magnopere

132 2400 317 2450 auebam,
332 2415 406 2451 pro
425 2404 592 2440 nostrae
612 2401 821 2439 amicitiae
842 2402 932 2440 iure
951 2401 1058 2440 mihi
1077 2402 1237 2452 sumpsi
1257 2403 1303 2440 vt
1322 2401 1574 2451 resignarem
1590 2413 1599 2438 :
1627 2411 1730 2437 vnas

132 2465 183 2504 ad
212 2467 254 2504 te
280 2479 393 2504 nunc
422 2466 546 2505 mitto
574 2479 671 2504 cum
700 2466 888 2516 exemplo
918 2480 1060 2506 earum
1089 2481 1192 2518 quae
1221 2469 1323 2506 sunt
1356 2463 1726 2510 commendatitiae,

132 2530 245 2580 ipsas
266 2544 363 2569 vero
381 2531 523 2569 literas
542 2544 637 2569 cum
656 2532 800 2570 alteris
820 2532 869 2570 ad
890 2534 932 2570 te
952 2532 1176 2581 diligenter
1194 2531 1272 2570 tibi
1292 2544 1423 2569 seruo.
1483 2530 1528 2569 Si
1546 2529 1626 2567 huc
1645 2541 1729 2566 non

132 2596 314 2645 redieris,
337 2596 437 2646 quid
458 2596 507 2634 de
527 2596 613 2634 illis
639 2597 989 2636 commendatitiis
1009 2597 1100 2636 fieri
1118 2597 1224 2635 velis
1243 2596 1482 2647 significato.
1542 2594 1633 2633 Hoc
1651 2592 1730 2631 tibi

176 2696 239 2718 111.
287 2690 332 2717 Fx
357 2696 512 2717 amomvs
527 2689 564 2718 Β.
674 2697 722 2718 10.
750 2690 784 2718 te
802 2687 853 2719 62:
880 2697 917 2718 re
933 2690 972 2719 Β.
1018 2689 1248 2719 rescriberem
1264 2690 1309 2718 B:
1333 2687 1525 2718 scriberem
1543 2684 1587 2716 0².
1679 2695 1728 2716 11.

133 2734 257 2762 tamen
273 2733 324 2761 H:
350 2732 430 2761 tum
446 2733 483 2760 Β.

176 2827 208 2848 2.
239 2815 376 2856 ternas]
423 2816 498 2847 The
526 2815 605 2848 first
635 2826 707 2847 was
744 2817 898 2857 perhaps
967 2818 1007 2848 in
1031 2827 1108 2848 case
1131 2818 1195 2849 the
1215 2818 1455 2858 negotiations
1475 2817 1567 2848 with
1588 2817 1726 2849 Froben

132 2860 404 2899 contemporary
420 2860 514 2891 with
529 2860 592 2900 Ep.
611 2861 685 2900 348.
967 2861 1098 2891 should
1114 2861 1188 2892 fail.
1238 2861 1290 2892 cf.
1309 2861 1373 2901 Ep.
1391 2862 1455 2900 384
1472 2860 1604 2892 introd.

177 2914 209 2943 9.
251 2902 438 2944 Venetias]
473 2903 600 2935 Before
630 2904 773 2944 leaving
804 2904 899 2944 Eng-
1010 2914 1061 2936 20.
1088 2904 1235 2946 Ternas]
1260 2904 1311 2936 Cf.
1329 2905 1391 2945 Ep.
1408 2906 1472 2944 338
1485 2905 1619 2936 introd.
1652 2905 1728 2936 The

132 2947 220 2978 land
255 2947 424 2978 Erasmus
461 2956 544 2986 may
574 2947 666 2978 have
703 2948 826 2978 talked
863 2948 902 2978 of
966 2950 1140 2986 exemplum
1163 2948 1202 2979 of
1221 2949 1284 2988 Ep.
1309 2958 1374 2988 339
1396 2949 1456 2989 (of.
1481 2949 1545 2989 Ep.
1571 2949 1643 2988 338.
1668 2951 1725 2987 34)

131 2991 259 3031 taking
268 2991 331 3022 the
343 2991 374 3021 N
376 3001 430 3021 ew
439 2990 644 3022 Testament
655 2993 692 3022 to
702 2991 895 3030 Asulanus,
966 3001 1038 3023 was
1053 2991 1241 3032 evidently
1257 2995 1319 3024 not
1335 2992 1511 3024 reckoned
1526 3002 1565 3024 as
1579 3003 1599 3023 a
1615 2992 1724 3023 Brief.

1755 1502 1793 1523 10

1755 1829 1791 1861 15

1752 2156 1793 2177 20

1752 2480 1790 2512 25
