2010 3417
98 148 197 203 347]
592 151 744 191 FRoM
782 152 1006 191 MARTm
1045 153 1198 192 nom>
1612 155 1690 193 127

95 263 302 313 copiosius
333 264 375 302 te
407 275 717 313 responsurum.
778 261 895 311 Quod
928 264 976 301 vt
1008 263 1130 302 fatias
1162 265 1279 303 tanto
1312 263 1386 303 abs
1419 266 1460 303 te
1489 264 1690 304 desiderio

95 328 302 367 contendo
333 329 486 378 quanto
518 328 628 378 quod
661 327 869 376 maxim03
905 329 947 367 et
979 328 1158 368 rationes
1191 342 1305 368 meas
1334 332 1381 368 vt
1410 342 1556 369 omnes
1584 330 1691 369 bona
1712 343 1751 365 10

97 394 179 432 fide
197 395 430 444 pertractes,
451 393 641 432 omnium
666 392 783 432 sinus
811 393 1005 443 excutias,
1027 393 1190 433 nullam
1217 407 1358 433 earum
1377 395 1465 434 vim
1491 395 1691 435 intactam

97 460 338 508 praetereas,
361 459 463 509 quin
490 457 631 509 potius
658 457 789 496 exiles
816 471 890 508 per
919 472 961 498 se
992 461 1063 498 tuo
1086 459 1254 510 ingenio
1274 460 1522 501 corrobores.
1581 462 1692 501 Caue

100 527 239 562 tamen
275 523 492 563 rhetoricis
527 525 645 563 vtare
675 523 1024 572 persuasionibus,
1058 525 1206 575 quibus
1240 525 1323 564 scio
1361 525 1530 576 quiduis
1566 526 1692 566 facias

97 588 292 628 credibile
307 603 317 636 ;
345 588 416 627 sed
435 600 525 626 rem
544 587 690 636 ipsam,
714 588 854 637 ipsum
873 588 995 627 ferias
1015 589 1250 628 articulum.
1293 590 1382 629 Scis
1401 592 1492 630 tute
1511 591 1690 631 vetitum

97 666 186 692 esse
204 653 312 703 apud
329 652 600 702 Areopagitas
629 664 682 689 ne
708 651 802 700 quis
830 654 964 691 orator
991 654 1206 692 affectibus
1226 655 1411 693 studeret
1431 668 1691 696 commouen-
1714 668 1750 699 15

99 719 174 766 dis,
197 719 332 757 solum
352 730 440 755 rem
458 717 594 767 ipsam
613 729 784 765 syncere
804 716 1040 766 explicaret.

155 783 276 822 Nunc
302 782 352 820 ad
380 784 497 820 tuam
527 780 756 831 epistolam.
817 781 936 830 Quod
965 782 1140 831 gloriam
1167 782 1277 821 nihil
1305 784 1479 823 morer1s
1511 784 1694 824 inuidiae

99 848 375 895 coniunctam,
415 845 526 897 sapis
564 848 610 885 tu
649 845 828 896 quidem,
860 848 920 885 mi
957 847 1141 887 Erasme.
1200 847 1252 887 Id
1289 848 1485 887 videlicet
1523 852 1619 899 erat,
1658 850 1694 889 si

100 913 280 964 pressius
298 911 506 960 intuearis,
527 910 635 961 quod
656 910 702 950 in
720 911 847 962 priori
866 912 1061 962 epistolae
1081 925 1194 951 meae
1209 914 1325 962 parte
1343 915 1558 963 tantopere
1577 914 1695 954 nisus

100 991 194 1017 sum
213 976 452 1025 ostendere3
481 978 688 1015 extremae
706 976 839 1016 videri
864 977 1109 1025 dementiae,
1131 979 1166 1016 si
1193 978 1285 1028 quis
1311 979 1495 1018 multum
1520 979 1689 1028 nitatur,
1715 990 1753 1011 ²0

98 1044 140 1082 et
160 1041 270 1080 norit
288 1044 428 1080 tamen
448 1054 600 1091 magno
619 1041 835 1080 molimine
853 1041 962 1081 nihil
988 1055 1088 1093 eque
1114 1055 1159 1081 ac
1184 1042 1326 1082 odium
1347 1057 1432 1083 sese
1451 1044 1691 1084 relaturum.

100 1107 263 1146 Miraris
295 1109 434 1146 tantos
463 1106 690 1146 conciuisse
718 1108 858 1146 motus
885 1109 1002 1146 tua-m
1031 1106 1216 1156 Moriam,
1240 1122 1319 1158 que
1345 1109 1540 1158 plurimis
1562 1109 1695 1160 placet

101 1186 186 1211 non
218 1171 422 1222 theologis
455 1172 580 1211 modo
611 1172 683 1210 sed
721 1171 925 1222 episcopis
963 1172 1102 1212 etiam.
1161 1173 1295 1224 Atqui
1322 1187 1397 1224 ego
1426 1176 1466 1213 te
1499 1174 1692 1223 demiror,

102 1237 283 1284 Erasme,
311 1237 384 1286 qui
420 1236 553 1287 pluris
589 1236 715 1276 facias
754 1237 1040 1287 episcoporum
1076 1238 1122 1277 in
1150 1238 1225 1277 hac
1259 1252 1303 1277 re
1336 1239 1536 1278 iuditium
1569 1253 1695 1290 quam

100 1302 413 1352 theologorum;
457 1301 664 1352 siquidem
700 1301 985 1352 episcoporum
1026 1303 1159 1342 nostri
1195 1303 1323 1342 seculi
1360 1304 1502 1352 vitam,
1546 1318 1693 1354 mores,
1716 1316 1753 1348 ²5

100 1366 378 1406 eruditionem
411 1366 546 1406 dicam
576 1380 631 1405 an
663 1367 886 1416 inscitiam,
926 1369 1113 1409 noueris:
1157 1382 1335 1419 quorum
1373 1371 1420 1408 vt
1452 1372 1551 1408 sunt
1589 1373 1695 1410 certe

103 1431 293 1472 nonnulli
312 1433 430 1471 tanto
450 1432 566 1483 digni
585 1431 761 1483 fastigio,
784 1433 843 1471 ita
866 1433 974 1471 mira
994 1435 1056 1472 est
1075 1434 1270 1484 paucitas,
1293 1435 1535 1484 praesertim
1554 1448 1696 1475 eorum

101 1498 174 1547 qui
192 1497 292 1536 diuo
311 1497 443 1536 Paulo
462 1498 718 1537 satisfaciant
736 1498 787 1536 ad
807 1498 1107 1538 Thimotheum
1127 1499 1225 1549 quid
1244 1500 1290 1538 in
1310 1500 1498 1550 episcopo
1518 1501 1697 1551 requirat

101 1562 308 1602 scribenti.
368 1562 528 1601 Deinde
561 1576 760 1613 quorsum
786 1564 938 1602 amicos
965 1564 1127 1613 pridem
1156 1577 1203 1602 ea
1231 1578 1275 1602 re
1303 1565 1407 1604 velis
1434 1578 1696 1604 commouere

101 1641 227 1678 quam
259 1628 367 1667 nihil
404 1628 614 1667 retulisset
648 1641 882 1677 supressam
915 1631 1037 1668 esse?
1092 1629 1206 1668 Num
1235 1630 1458 1668 defuerunt
1491 1630 1697 1670 scribendi
1716 1644 1756 1674 30

101 1695 346 1742 argumenta
373 1693 524 1743 quibus
552 1693 749 1731 maiorem
777 1693 903 1732 etiam
932 1694 1106 1744 gloriam
1131 1697 1220 1734 toto
1243 1695 1519 1745 applaudente
1536 1696 1696 1734 mundo

102 1758 249 1796 fuisses
280 1759 523 1797 assecutus?
579 1758 761 1809 Epicteti
788 1761 1051 1809 praeceptum
1078 1761 1150 1809 est,
1174 1760 1358 1799 hominis
1386 1760 1692 1811 sapientissimi,

107 1823 225 1862 ‘Non
257 1825 378 1872 putes
409 1823 603 1862 omnibus
637 1823 816 1862 iucunda
853 1837 942 1863 esse
978 1825 1123 1863 auditu
1157 1838 1236 1874 que
1269 1825 1348 1864 tibi
1380 1825 1561 1865 iucunda
1598 1828 1697 1865 sunt

103 1888 245 1928 dictu.'
311 1887 357 1926 Si
376 1888 469 1938 quis
494 1888 676 1927 inuicem
694 1888 935 1928 vniuersum
956 1885 1288 1939 ,gx-amnicorum,
1317 1892 1546 1940 poetarum,
1569 1893 1696 1930 orato-

103 1967 198 1992 rum
226 1965 447 2003 eorumque
474 1953 664 1992 omnium
692 1967 842 2003 agmen
870 1954 942 2004 qui
971 1954 1115 1993 literas
1142 1955 1243 1994 istas
1273 1956 1402 1994 bonas
1432 1957 1692 2005 profitentur,
1716 1970 1754 2001 35

103 2018 200 2058 stilo
249 2018 529 2065 insectaretur,
569 2019 876 2069 affirmaretque
920 2019 1117 2059 fabulosis
1157 2020 1240 2059 illis
1278 2020 1401 2070 nugis
1439 2022 1481 2059 et
1526 2021 1697 2072 poeticis

103 2083 315 2134 figmentis
333 2083 591 2134 anilibusque
615 2083 784 2131 deliriis,
807 2084 932 2123 meris
951 2085 1189 2134 mendaciis,
1211 2085 1431 2135 prestigiis,
1455 2086 1697 2136 imposturis

103 2148 444 2187 ludicris—Dum
476 2149 640 2187 Aeneae
673 2148 891 2188 discuntur
921 2163 1090 2198 errores,
1123 2151 1280 2201 proprii
1308 2150 1506 2190 iubentur
1534 2151 1696 2199 valere;

101 2215 206 2254 dum
226 2213 380 2252 Niobes
400 2215 500 2263 quot
523 2213 601 2252 filii
625 2213 793 2263 fuerint,
817 2228 897 2264 que
917 2214 1032 2253 Iouis
1062 2216 1117 2254 sit
1136 2214 1442 2265 Iouialiumque
1462 2216 1698 2266 genealogia

104 2280 260 2318 —dum
291 2278 380 2328 hec,
417 2279 602 2329 inquam,
635 2281 751 2318 tanto
785 2280 924 2319 studio
958 2280 1258 2331 disquiruntur,
1282 2280 1318 2319 si
1350 2281 1444 2330 quis
1474 2281 1696 2320 affirmaret
1715 2289 1757 2320 40

105 2344 288 2382 maximo
307 2343 522 2394 dispendio
547 2344 750 2394 optimam
776 2347 928 2383 etatem
955 2345 1083 2395 perdi,
1106 2345 1295 2395 nihilque
1320 2345 1590 2395 pernitiosius
1609 2359 1698 2385 esse

106 2408 366 2447 Christianae
392 2409 593 2459 religioni,
619 2409 733 2459 quid,
763 2409 944 2458 Erasme,
976 2410 1085 2449 nihil
1113 2410 1159 2448 in
1186 2409 1340 2449 talibus
1370 2410 1491 2449 dictis
1518 2412 1698 2460 punctus

104 2472 301 2511 doleres?
355 2472 505 2512 Omnia
544 2473 784 2524 placerent?
839 2473 934 2513 Non
974 2475 1148 2514 credam.
1205 2475 1337 2525 Atqui
1369 2475 1445 2513 hec
1478 2475 1619 2513 omnia
1649 2476 1696 2513 tu

108 2536 292 2576 acerbius
323 2537 449 2575 etiam
484 2538 532 2576 in
568 2538 790 2589 theologos,
827 2552 930 2589 quos
963 2539 1193 2589 plurimum
1229 2539 1353 2578 refert
1390 2539 1572 2589 integrae
1608 2551 1697 2577 esse

107 2601 386 2647 authoritatis,
417 2602 568 2652 quippe
599 2603 672 2653 qui
699 2616 864 2653 gregem
893 2604 1160 2642 Dominicum
1189 2603 1292 2653 legis
1325 2604 1402 2642 Dei
1433 2603 1585 2652 pabulo
1620 2603 1698 2642 soli
1715 2614 1756 2646 45

107 2667 306 2717 pascunt3
347 2664 429 2704 nisi
455 2666 502 2705 tu
531 2679 696 2705 censeas
724 2670 864 2716 poetas
891 2669 962 2707 aut
989 2680 1059 2706 eos
1087 2668 1222 2707 solum
1252 2667 1325 2717 qui
1354 2668 1507 2706 Graece
1537 2681 1697 2718 quoque

106 2732 241 2771 sciant
259 2729 323 2769 illi
341 2730 642 2780 praefitiendos.

156 2833 208 2854 22.
234 2821 496 2862 plurimisaff:
520 2821 686 2861 pluribus
695 2821 733 2857 3²
743 2822 823 2862 (ΕΒ.
844 2833 925 2862 1914
937 2824 987 2863 A).
1078 2833 1128 2862 23.
1152 2824 1175 2857 Β
1190 2834 1197 2853 :
1213 2823 1332 2862 Atque
1343 2835 1374 2855 α.
1464 2825 1518 2857 26.
1543 2833 1693 2865 quorum

111 2892 119 2898 .
139 2891 147 2899 .
169 2891 176 2899 .
194 2867 288 2897 certe
303 2866 346 2899 B:
370 2866 464 2896 certe
480 2874 633 2904 quorum
649 2867 689 2897 vt
704 2867 789 2896 sunt
805 2877 836 2899 α.
968 2876 1020 2906 27-
1047 2867 1069 2901 β
1085 2877 1092 2897 :
1117 2866 1226 2907 digno
1243 2878 1274 2899 α,

156 2965 205 2993 17.
224 2954 320 2985 nihil
337 2952 501 2994 moreris]
525 2953 587 2994 Ep.
606 2962 682 2992 337.
700 2954 741 2984 28
758 2963 829 2993 seq.
980 2955 1030 2985 28.
1049 2953 1177 2996 Paulo]
1205 2964 1218 2985 1
1239 2957 1314 2987 Tim.
1334 2965 1365 2994 3.
1384 2965 1458 2994 2-7.

153 3008 205 3029 22.
224 2997 381 3038 Miraris]
406 2997 469 3037 Ep,
486 3005 562 3036 337.
578 2997 641 3036 258
657 3007 727 3036 seq.
979 3007 1031 3037 32.
1049 2998 1221 3039 Epicteti]
1249 3001 1346 3030 Ench.
1365 3009 1418 3038 33.
1439 3009 1489 3038 14.
