2010 3417
705 795 1064 844 APPENDIX
1109 795 1185 842 XI

800 974 1103 1018 PREFACES

443 1123 480 1163 1.
538 1120 601 1163 To
632 1132 724 1162 THE
755 1120 978 1162 EPISTOLE
1009 1131 1073 1160 AD
1105 1119 1335 1161 ERASML'M
1371 1117 1453 1176 (B).

165 1255 399 1288 GENEROSO
430 1255 471 1285 D.
504 1254 708 1286 GASPARO
739 1253 961 1284 HALMALO
992 1253 1117 1284 IVRIS
1148 1253 1405 1290 VTRIVSQUE
1436 1254 1631 1286 DOCTORI
1662 1254 1718 1286 AO

348 1322 547 1355 INSIGNIS
578 1323 734 1354 OPPIDI
763 1321 1122 1353 ANTVERPIENSIS
1152 1322 1350 1352 TRIBVNO
1379 1322 1549 1352 PETRVS

463 1391 680 1422 AEGIDIVS
712 1391 914 1421 EIVSDEM
946 1390 1100 1421 OPPIDI
1131 1391 1292 1421 SCRIBA
1324 1391 1358 1422 S.
1380 1391 1423 1420 D.

198 1493 288 1533 Nnc
306 1493 481 1532 scribere
502 1506 575 1532 nec
595 1492 733 1543 eloqui
751 1505 932 1543 possum,
958 1492 1006 1532 D.
1033 1492 1214 1542 Gaspare
1239 1492 1467 1532 clarissime
1487 1495 1608 1544 atque
1627 1494 1735 1532 idem

143 1558 568 1606 iurisconsultissime,
593 1559 797 1608 quantum
823 1557 929 1596 mihi
955 1557 1107 1596 doloris
1140 1557 1365 1606 accesserit,
1388 1557 1459 1596 vbi
1482 1559 1523 1596 te
1553 1558 1656 1597 febri
1680 1560 1736 1597 la-

143 1622 361 1662 borantem
391 1622 649 1662 inaudieram
665 1637 675 1670 ;
713 1635 818 1672 quae
846 1624 893 1660 vt
927 1624 968 1660 te
1000 1622 1200 1660 incolumi
1238 1624 1375 1672 pereat
1412 1623 1530 1671 male,
1567 1637 1737 1674 superos

143 1701 278 1737 queso.
338 1689 471 1726 Tuam
491 1688 603 1726 enim
633 1687 809 1726 salutem
836 1686 944 1725 tanti
972 1699 1018 1725 ac
1045 1700 1181 1725 meam
1209 1687 1326 1727 facio.
1387 1687 1494 1726 Nam
1516 1701 1612 1727 cum
1631 1689 1736 1727 mihi

140 1752 268 1791 fueris
288 1752 414 1792 etiam
426 1752 477 1791 ab
498 1752 584 1802 ipsa
599 1752 776 1801 pueritia
788 1752 1110 1799 amantissimus.
1130 1765 1215 1790 non
1228 1752 1343 1802 potui
1359 1766 1443 1791 non
1455 1753 1732 1801 vehementer,
1753 1769 1770 1799 5

142 1818 188 1855 vt
206 1817 406 1864 addecuit,
429 1817 707 1867 ingemiscere.

195 1878 405 1933 Cogitanti
434 1882 572 1932 itaque
599 1881 706 1920 mihi
736 1895 817 1932 qua
846 1882 1005 1920 ratione
1028 1881 1316 1920 valetudinem
1344 1884 1470 1930 tuam,
1497 1896 1602 1933 quae
1629 1884 1734 1923 mihi

142 1960 303 1997 quoque
322 1947 433 1986 haud
454 1947 627 1986 dubium
647 1947 942 1986 molestissima
962 1949 1034 1996 est,
1057 1947 1174 1997 quasi
1197 1947 1527 1998 alexipharmaco
1540 1949 1733 1999 quopiam

141 2012 413 2060 subleuarem,
431 2012 569 2051 visum
589 2013 652 2050 est
670 2025 719 2050 ex
738 2011 899 2061 ingenti
918 2011 1187 2061 epistolarum
1207 2025 1351 2051 aceruo
1370 2012 1528 2063 aliquot
1543 2013 1731 2064 deligere,

141 2090 243 2127 quas
281 2077 481 2115 Erasmus
517 2076 831 2124 Roterodamus,
864 2076 1082 2126 theologus
1111 2076 1183 2115 ille
1216 2077 1282 2115 vel
1312 2077 1500 2116 omnium
1531 2091 1732 2118 consensu
1756 2094 1792 2117 10

142 2141 407 2181 doctissimus
417 2141 871 2192 eloquentissimusque‚
888 2141 938 2180 ad
955 2141 1086 2180 claros
1099 2143 1139 2180 et
1157 2140 1342 2192 insignes
1360 2142 1470 2180 viros
1489 2143 1729 2193 scripsisset,

140 2208 213 2246 aut
240 2206 292 2246 ad
310 2206 421 2245 hunc
440 2206 528 2253 illi;
557 2206 627 2245 sed
647 2205 840 2256 pauculas
855 2206 986 2254 modo,
1004 2219 1105 2256 quas
1125 2206 1361 2246 diuinabam
1376 2206 1455 2245 tibi
1475 2208 1732 2257 gratissimas

138 2272 226 2310 fore
241 2286 251 2310 :
276 2285 514 2322 quanquam
530 2271 638 2310 nihil
653 2284 738 2309 non
757 2271 883 2310 sciam
899 2270 976 2309 tibi
992 2283 1081 2309 esse
1095 2273 1260 2321 gratum
1276 2271 1472 2322 quicquid
1487 2272 1539 2311 ab
1560 2273 1732 2312 Erasmo

143 2336 440 2387 proficiscitur3
480 2336 552 2387 qui
584 2336 751 2387 quidem
784 2336 834 2374 de
868 2336 1038 2374 homine
1064 2335 1125 2385 (vt
1151 2335 1301 2386 dignus
1327 2338 1403 2383 est)
1425 2339 1511 2376 tam
1540 2340 1732 2377 amanter

140 2400 270 2439 sentis
287 2403 333 2440 vt
361 2401 569 2440 amantius
589 2414 675 2439 non
693 2401 836 2451 possis.
909 2400 964 2439 Et
982 2400 1097 2439 illius
1125 2402 1307 2451 egregiae
1327 2401 1443 2440 dotes
1459 2402 1516 2440 sic
1537 2402 1625 2441 orbi
1643 2403 1731 2441 vni·
1752 2420 1787 2451 15

141 2478 260 2504 uerso
279 2467 399 2504 notae
418 2467 528 2514 sunt,
550 2467 609 2504 sic
628 2465 919 2504 excellentium
946 2465 1131 2504 virorum
1152 2466 1284 2504 literis
1304 2466 1535 2515 celebratae,
1560 2468 1617 2507 sic
1633 2483 1728 2519 quo-

140 2543 221 2581 que
253 2531 410 2569 summa·
448 2530 664 2570 Pontificis
706 2530 954 2569 authoritate
988 2530 1283 2580 comprobatae,
1316 2534 1361 2570 vt
1392 2532 1549 2571 nullius
1585 2538 1729 2584 egeant

139 2595 347 2646 suffragio.
422 2595 518 2645 Ipse
537 2609 633 2635 vero
660 2596 737 2634 hoc
762 2597 825 2634 est
852 2595 993 2634 animo
1012 2597 1058 2633 vt
1084 2609 1249 2645 prorsus
1276 2596 1514 2636 huiusmodi
1542 2598 1728 2637 subsidia

140 2660 327 2709 refugiat.
388 2659 467 2698 Sed
492 2662 538 2698 vt
564 2661 671 2698 esset
700 2673 781 2709 quo
808 2661 847 2698 te
874 2660 1110 2708 oblectares,
1132 2660 1206 2699 has
1233 2661 1426 2711 epistolas
1453 2662 1597 2712 collegi
1624 2663 1726 2711 tibi;

141 2736 254 2775 quae,
289 2737 369 2774 qua
400 2737 443 2763 es
476 2738 569 2774 erga
600 2726 737 2763 virum
767 2724 967 2763 charitate
999 2727 1041 2763 et
1074 2738 1155 2775 quo
1185 2725 1291 2764 soles
1324 2726 1596 2766 oblectamine
1625 2729 1724 2778 capi,
1748 2746 1786 2767 20

140 2789 302 2840 quoties
314 2789 558 2828 Erasmeum
580 2789 734 2839 aliquid
755 2789 937 2838 offertur,
959 2786 1037 2841 [et]
1059 2792 1113 2836 te,
1132 2790 1193 2828 vti
1206 2803 1327 2840 spero
1345 2793 1385 2830 et
1400 2794 1507 2842 opt0‚
1529 2791 1728 2842 pristinae

140 2853 310 2892 sanitati
341 2853 573 2893 restituent.
644 2854 751 2893 Cura
785 2854 912 2904 igitur
937 2856 984 2893 vt
1010 2867 1106 2892 mox
1138 2856 1179 2893 te
1211 2857 1252 2893 et
1282 2855 1444 2896 saluum
1473 2858 1514 2895 et
1545 2857 1726 2896 nitidum

140 2917 368 2957 videamus.
426 2918 539 2957 Vale.

193 2983 429 3033 Anuerpiae
449 2985 564 3022 sexto
585 2982 785 3022 Calendas
805 2983 1012 3024 Octobres.
1065 2985 1146 3023 An.
1167 2997 1343 3025 (πω-ΠΙ.
