2010 3417
198 167 297 222 58⁷]
1712 165 1793 204 587

639 224 733 265 587.
795 221 927 264 FROM
960 222 1063 264 GUY
1095 222 1349 264 MORILLON.

246 319 431 355 Deventer
448 319 526 354 MS.
544 330 599 365 91,
620 319 645 354 f.
668 329 734 365 109
750 324 801 354 νο.
1534 316 1671 352 Ghent.

246 377 316 412 LB.
338 377 434 422 App.
458 388 534 421 140.
1435 384 1451 420 5
1475 374 1570 410 June
1591 373 1743 420 (1517).

571 458 870 500 [Contemporary
886 457 975 489 with
991 457 1054 498 Ep.
1072 458 1135 497 585
1149 468 1158 496 ;
1183 458 1225 488 cs.
1242 457 1304 497 Ep.
1324 455 1416 497 532.]

515 557 658 588 GVIDO
688 557 983 588 MORILLONVS
1015 556 1194 587 DOMINO
1226 555 1405 586 ERASMO
1437 556 1472 583 S.

253 637 431 676 HELENA
452 651 526 677 suo
546 638 697 689 obtigit
716 639 870 677 Paridi.
928 638 1110 677 onrem
1130 638 1241 686 duxi,
1260 637 1323 675 mi
1341 636 1519 684 domine,
1537 649 1662 685 quam
1681 648 1793 673 nunc

196 703 274 741 tibi
293 702 423 741 veluti
445 703 720 754 depingerem,
739 704 822 743 nisi
841 706 881 743 te
900 703 981 743 huc
1001 703 1119 742 breui
1137 704 1364 741 venturum
1384 713 1602 751 sperarem,
1618 702 1658 738 et
1678 699 1730 738 ob
1749 699 1791 737 id

197 780 288 806 eam
301 767 380 806 tibi
392 770 670 807 ostensurum.
717 769 807 817 Quo
819 769 942 807 vultu
959 766 1139 819 leg<er>it
1154 767 1313 806 litteras
1324 769 1417 805 tuas
1429 766 1477 804 D.
1498 764 1788 811 Cancellarius‚

197 845 277 883 quo
298 832 343 870 in
363 834 404 870 te
424 832 480 871 sit
500 833 653 880 animo,
675 847 726 872 ex
746 834 898 872 litteris
917 833 1101 884 theologi
1120 832 1253 871 nostri
1273 843 1501 882 cognosces·
1547 831 1704 869 Omnes
1722 829 1791 879 qui

196 897 276 935 tibi
305 898 408 936 bene
438 898 612 948 cupiunt
641 899 686 937 in
717 913 764 937 eo
792 901 891 938 sunt
919 900 966 937 vt
995 900 1036 937 te
1069 898 1210 936 statim
1243 897 1325 935 huc
1351 896 1548 944 conferas,
1571 896 1790 944 antequam
1810 903 1827 934 5

196 962 474 1002 Cancellarius
500 962 589 1013 ipse
614 963 693 1002 iter
718 964 764 1002 in
793 964 1020 1013 Hispanias
1045 963 1314 1013 aggrediatur.
1375 961 1500 1011 Rogo,
1522 959 1582 997 mi
1610 959 1786 1006 domine,

196 1029 243 1066 vt
268 1028 344 1066 hac
364 1028 410 1066 in
430 1041 474 1066 re
492 1028 638 1067 amicis
663 1031 704 1067 te
724 1028 976 1068 exorabilem
1001 1028 1206 1077 praebeas.
1267 1026 1434 1065 Caetera
1454 1037 1602 1073 coram,
1624 1036 1727 1073 quae
1746 1023 1792 1060 in

197 1105 284 1131 rem
311 1094 429 1131 tuam
457 1105 544 1131 esse
572 1095 758 1143 possunt,
781 1094 932 1133 melius
957 1093 1112 1132 audies.
1167 1092 1281 1130 onr
1310 1105 1377 1129 me
1404 1091 1558 1129 lectum
1588 1089 1677 1127 sine
1709 1089 1792 1126 fine

196 1160 326 1197 vocat.
384 1157 498 1205 Vale,
519 1158 580 1195 mi
599 1158 777 1197 domine.
836 1158 1025 1197 Gandaui
1043 1158 1116 1197 vta,
1139 1157 1265 1196 Iunii.

250 1222 375 1262 Petro
394 1223 581 1273 Aegidio,
600 1223 903 1263 humanissimo
923 1223 1077 1273 hospiti
1096 1225 1181 1269 tuo.
1199 1235 1273 1272 ego
1287 1224 1329 1260 et
1345 1234 1446 1259 vxor
1460 1219 1636 1259 salutem
1656 1217 1791 1269 plenis
1812 1228 1850 1249 10

194 1287 381 1327 faucibus
397 1288 677 1338 propinamus.

586 1445 684 1485 588.
746 1444 878 1484 FROM
910 1443 1136 1485 BAPTISTA
1167 1441 1413 1483 EGNATIUS.

243 1552 432 1588 Deventer
449 1551 526 1586 Ms.
546 1563 600 1597 91,
619 1551 646 1586 f.
665 1561 735 1587 210
751 1555 802 1586 v0.
1522 1548 1676 1584 Venice.

244 1611 318 1646 LB.
335 1611 430 1656 App.
452 1620 527 1654 141.
1463 1618 1503 1643 21
1525 1607 1620 1642 June
1643 1616 1741 1651 1517.

242 1699 332 1741 [The
354 1699 435 1730 date
456 1700 488 1729 is
509 1698 706 1730 confirmed
722 1699 768 1738 by
783 1696 956 1729 Hutten's
977 1699 1062 1729 visit
1084 1700 1119 1729 to
1140 1698 1260 1737 Italy3
1287 1698 1330 1728 cf.
1347 1697 1434 1737 Epp.
1455 1698 1519 1736 365
1540 1696 1612 1727 and
1633 1696 1698 1734 556
1717 1695 1789 1726 and

197 1743 388 1783 especially
411 1742 491 1774 HE.
507 1751 559 1781 55.
579 1745 594 1779 ξ
613 1752 645 1772 2.
691 1742 764 1772 The
787 1743 934 1782 copyist,
953 1741 1064 1772 Hand
1087 1742 1116 1772 B
1135 1740 1210 1782 (α’),
1235 1741 1335 1772 made
1351 1751 1370 1771 a
1386 1741 1540 1771 number
1563 1740 1601 1770 of
1620 1739 1790 1769 mistakes

194 1786 324 1871 {lli-{131}
335 1786 595 1870 ῗὲῃὲοἶέῗῗθᾱ
612 1787 659 1825 by
675 1786 846 1817 Erasmus
863 1785 940 1826 (αἳ),
958 1784 1031 1816 aud
1053 1785 1207 1816 towards
1228 1785 1290 1816 the
1312 1784 1382 1815 end
1398 1785 1445 1823 by
1461 1783 1613 1814 another
1633 1784 1789 1814 contem-

567 1916 785 1946 BAPTISTA
815 1916 1037 1947 EGNATIVS
1070 1916 1250 1946 ERASMO
1280 1916 1362 1946 SVO
1393 1918 1423 1946 S.

250 1995 494 2034 meucvs
512 1994 738 2041 HuttenuS‚
759 1995 834 2042 vir,
852 1996 1054 2045 quantum
1072 2008 1121 2032 ex
1141 1995 1230 2033 eius
1248 2007 1331 2032 vno
1352 2006 1571 2044 congressu
1591 1992 1790 2031 coniicere

198 2060 324 2107 licuit,
349 2073 444 2097 cum
463 2059 651 2098 moribus
671 2061 763 2097 tum
783 2059 936 2098 litteris
957 2059 1258 2106 ornatissimus,
1280 2062 1327 2098 vt
1357 2059 1521 2097 Erasmi
1540 2057 1789 2107 discipulum

197 2137 402 2174 agnoscas,
425 2137 448 2162 a
477 2126 517 2162 te
545 2124 652 2162 mihi
679 2124 856 2162 salutem
885 2124 998 2162 dixit.
1058 2124 1168 2162 Eum
1198 2137 1284 2174 ego,
1308 2126 1354 2162 vt
1385 2137 1458 2172 par
1486 2125 1584 2172 erat,
1605 2122 1788 2172 primum

197 2193 270 2228 tuo
289 2189 459 2227 nomine
478 2189 724 2227 suauissime
744 2189 986 2239 complexus
1005 2202 1099 2228 sum
1120 2204 1128 2236 ;
1148 2203 1246 2228 mox
1264 2189 1400 2228 virtus
1419 2189 1682 2238 suauitasque
1702 2187 1791 2225 eius

198 2254 330 2293 effecit
349 2256 395 2293 vt
415 2268 498 2292 non
529 2255 668 2293 minus
693 2254 764 2292 ille
790 2254 896 2292 mihi
922 2267 996 2292 sua
1025 2267 1148 2304 quam
1173 2255 1246 2293 tua
1265 2255 1622 2293 commendatione
1646 2255 1789 2303 gratus
1808 2269 1824 2299 5

196 2319 485 2369 iucundusque
504 2320 623 2358 foret.
682 2319 902 2358 Referebat
921 2321 1060 2358 autem
1080 2319 1149 2358 ille
1169 2333 1334 2358 summa
1352 2332 1447 2358 cum
1466 2320 1617 2359 amoris
1635 2331 1730 2368 erga
1748 2320 1789 2356 te

196 2384 484 2423 testificatione
504 2398 599 2423 cum
619 2384 698 2422 alia
717 2386 808 2422 tum
828 2384 944 2432 illud,
966 2385 1154 2435 Principi
1186 2385 1330 2423 Carolo
1349 2384 1604 2434 amplissimo
1634 2396 1789 2433 praece·

196 2451 359 2499 ptorem
377 2449 599 2488 Erasmum
613 2450 831 2488 euocatum
847 2462 945 2497 esse,
960 2449 1195 2488 conditione
1215 2449 1515 2488 honestissima.
1568 2449 1679 2498 Quae
1691 2461 1789 2486 sane

196 2527 261 2552 res
281 2516 479 2563 quantam
498 2514 603 2552 mihi
622 2515 880 2564 voluptatem
899 2514 1095 2562 attulerit,
1111 2515 1295 2553 oratione
1314 2515 1424 2553 haud
1444 2514 1561 2553 facile
1580 2526 1784 2563 assequar.

197 2578 439 2628 Cogitabam
459 2579 572 2617 enim
591 2592 766 2626 mecum,
789 2592 874 2617 non
892 2579 935 2617 id
956 2579 1064 2629 quod
1084 2579 1236 2629 vulgus
1254 2579 1338 2617 fere
1358 2579 1470 2627 solet,
1488 2592 1658 2628 magnas
1677 2582 1719 2618 te
1738 2593 1787 2618 ex
1809 2592 1848 2615 10

195 2655 242 2681 ea
274 2643 540 2682 institutione
570 2643 794 2693 dignitates
827 2657 1004 2694 opesque
1036 2645 1231 2694 consequi
1264 2657 1392 2693 posse,
1414 2658 1515 2694 quas
1547 2647 1594 2683 tu
1627 2658 1789 2695 semper

197 2721 346 2757 magno
383 2710 596 2758 erectoque
632 2708 772 2747 animo
810 2709 1107 2758 contempseris
1123 2724 1131 2747 :
1178 2710 1248 2747 sed
1296 2709 1533 2759 Principem
1580 2709 1624 2747 in
1668 2710 1788 2748 terris

241 2826 318 2856 587.
342 2836 372 2864 7.
404 2835 492 2865 quae
514 2828 583 2857 MS.
608 2826 687 2867 (ἔοι
717 2827 780 2866 qui
801 2829 866 2858 LB.
1014 2828 1089 2859 588.
1112 2837 1175 2859 Trr.
1201 2837 1364 2859 BAP‘ns'rA
1388 2831 1460 2860 add.
1486 2828 1529 2858 a².
1662 2839 1693 2868 5.
1725 2831 1787 2871 tue

199 2869 509 2900 commendatione
525 2879 631 2909 quam
651 2879 713 2900 sua
728 2869 783 2902 al:
808 2880 883 2901 corr.
902 2869 945 2902 αἳ.
1049 2872 1081 2902 6.
1104 2869 1140 2901 αι2
1158 2883 1165 2902 :
1188 2881 1325 2902 summe
1340 2871 1384 2903 a¹.
1485 2882 1514 2910 7.
1539 2872 1633 2903 illud
1648 2875 1723 2904 add.
1739 2872 1784 2904 αἳ.

241 2973 316 3004 587.
341 2983 371 3011 4.
397 2973 570 3014 theologi]
600 2974 806 3013 Barbirius3
835 2974 878 3005 cf.
901 2974 963 3014 Ep.
1062 2975 1137 3007 588.
1175 2977 1204 3007 8.
1246 2976 1468 3018 conditione]
1515 2977 1566 3007 Cf.
1605 2977 1668 3017 Ep.
1709 2988 1785 3018 370.

199 3017 271 3055 585.
291 3026 310 3055 4
327 3015 399 3046 and
416 3025 465 3055 15.
1022 3019 1061 3048 18
1076 3029 1113 3050 n.
