2010 3417
292 149 371 187 464
758 148 1010 187 LETTERS
1050 148 1118 186 OF
1156 147 1423 187 ERAsMUS
1764 146 1802 200 [1
1811 160 1832 197 5
1841 161 1856 186 1
1868 158 1886 195 7

292 270 381 296 esse
399 257 514 296 duco.
575 257 708 295 Tuam
728 259 866 295 autem
887 256 1167 306 eloquentiam
1183 256 1355 294 seorsim
1376 256 1435 294 sic
1454 269 1548 295 amo
1567 256 1825 306 suspicioque
1842 260 1889 295 vt

211 330 273 360 180
292 319 520 357 iucundum
540 319 596 357 sit
619 319 693 358 tali
719 332 786 357 ore
809 318 877 358 vel
905 319 1155 368 reprehendi
1178 319 1342 369 teloque
1365 321 1455 358 tam
1478 318 1637 369 insigni
1662 319 1884 358 vulnerari.

291 385 434 433 Neque
459 384 574 423 enim
599 397 666 422 me
692 384 799 423 clam
826 386 889 422 est
917 386 1018 434 quot
1043 384 1180 422 modis
1205 397 1272 423 me
1303 383 1500 434 suggilles
1527 384 1574 422 in
1601 384 1776 434 epistola
1803 385 1884 432 tua,

291 450 391 487 dum
411 451 527 488 tuam
552 462 718 488 causam
744 450 961 498 defendis;
987 451 1035 487 vt
1063 462 1131 487 me
1154 462 1321 488 sursum
1349 462 1395 488 ac
1416 450 1609 488 deorsum
1629 449 1786 488 salibus
1805 450 1889 489 tuis

290 515 470 563 exagites
489 515 691 565 ludosque
709 515 845 553 facias.
898 515 1055 553 Verum
1075 515 1155 554 ista
1174 528 1246 564 per
1265 527 1331 552 me
1347 527 1440 564 sepe
1452 515 1578 553 facias
1596 515 1749 563 licebit,
1764 515 1888 553 modo

289 580 380 629 pari
408 580 531 619 facias
557 580 801 631 eloquentia,
827 580 954 619 etiam
983 580 1020 619 si
1050 593 1162 618 nunc
1191 582 1238 619 tu
1262 579 1432 630 quidem
1449 579 1701 619 amicissime
1728 593 1889 630 quoque

209 655 269 695 185
288 645 416 693 facis3
453 658 581 696 vsque
614 645 713 684 adeo
750 648 873 684 tuum
913 646 1025 684 istud
1064 645 1281 695 ingenium
1321 645 1478 684 deamo.
1539 645 1681 695 Neque
1717 645 1890 684 verebor

288 710 458 760 posthac
478 724 644 760 quoquo
671 713 790 761 pacto
817 711 1021 750 calamum
1040 712 1163 749 tuum
1183 711 1228 749 in
1255 724 1322 749 me
1343 711 1550 749 lacessere.
1610 710 1888 761 Posteaquam

289 775 415 826 coepi,
438 778 597 814 certum
629 779 692 815 est
724 779 860 815 totum
889 776 1078 815 animum
1108 789 1251 815 meum
1277 776 1451 815 effutire.
1511 775 1606 815 Non
1633 775 1884 826 ignorabam,

289 842 443 890 optime
463 841 640 889 Budaee,
663 855 830 881 morum
851 842 1089 892 ingeniique
1109 841 1169 880 tui
1190 841 1526 892 placabilitatem,
1551 842 1593 879 et
1619 842 1761 880 tamen
1783 855 1884 880 non·

289 906 399 945 nihil
418 907 656 946 metuebam
684 907 833 958 nequid
859 907 1084 946 offenderet
1102 920 1194 946 mea
1222 909 1311 946 tam
1337 907 1473 946 audax
1498 920 1672 946 censura
1697 907 1886 946 lucubra-

226 992 269 1026 90
287 971 452 1010 tionum
472 975 639 1011 tuarum
659 988 667 1021 3
696 973 865 1022 perinde
886 974 1004 1022 quasi
1020 972 1287 1023 Areopagites
1306 975 1378 1012 aut
1393 972 1662 1012 Aristarchus
1681 972 1886 1023 quispiam

288 1050 421 1075 essem
442 1051 487 1076 ac
508 1051 592 1076 non
616 1038 747 1088 magis
768 1039 968 1077 Erasmus
986 1039 1204 1088 τριοβόλιος
1224 1038 1495 1088 ἀνθρωπίσκος.
1551 1038 1709 1077 Verum
1733 1039 1887 1087 postea-

288 1116 412 1152 quam
431 1103 531 1141 haec
551 1103 764 1142 temeritas
781 1106 868 1142 tam
893 1103 1071 1142 feliciter
1097 1103 1258 1151 cecidit,
1280 1103 1387 1142 nihil
1407 1103 1608 1142 dubitabo
1628 1103 1800 1154 posthac
1819 1103 1887 1143 vel

288 1168 457 1216 quiduis
494 1172 752 1217 συκοφαντεῖν,
795 1169 921 1208 modo
959 1183 1202 1219 quacunque
1240 1169 1506 1219 improbitate
1544 1168 1650 1207 tales
1690 1168 1886 1219 epistolas

286 1232 410 1272 liceat
429 1247 453 1272 a
472 1234 639 1273 Budaeo
658 1235 895 1274 extundere.

207 1318 268 1352 195
341 1299 420 1338 Sed
451 1301 615 1350 quando
641 1302 714 1339 tua
738 1301 811 1339 illa
842 1303 1127 1353 ἀντικατηγορία
1158 1314 1225 1339 me
1252 1300 1319 1339 vel
1345 1313 1396 1338 ex
1420 1300 1556 1339 iudice
1579 1300 1647 1340 vel
1677 1313 1728 1339 ex
1751 1301 1886 1338 actore

287 1378 405 1403 reum
424 1365 530 1413 fecit,
554 1365 665 1404 haud
685 1379 783 1404 sane
813 1366 991 1404 conabor
1018 1379 1114 1404 cum
1136 1368 1224 1404 tam
1244 1366 1443 1404 confertis
1458 1365 1587 1405 simul
1607 1370 1648 1404 et
1668 1364 1885 1404 instructis

285 1432 625 1479 argumentorum
652 1433 823 1469 tuorum
853 1431 981 1480 copiis
1006 1433 1144 1481 aperto
1165 1430 1295 1469 Marte
1323 1431 1514 1481 iustaque
1541 1431 1625 1469 acie
1652 1431 1882 1481 confligere,

285 1495 395 1544 quod
424 1495 511 1545 ipse
539 1496 691 1534 Xerses
715 1496 786 1534 vix
814 1499 975 1545 posset:
1008 1498 1194 1535 attamen
1222 1496 1434 1545 aggrediar
1462 1509 1535 1534 ceu
1563 1496 1886 1546 populabundus

284 1560 591 1600 incursionibus
624 1561 826 1600 incessere
857 1562 1015 1612 aliquot
1045 1561 1224 1611 agminis
1250 1562 1312 1599 tui
1342 1563 1489 1611 partes,
1520 1574 1631 1599 nunc
1663 1561 1740 1600 hac
1771 1574 1884 1599 nunc

206 1646 267 1668 200
284 1625 377 1663 illac
406 1625 605 1673 assiliens,
634 1629 675 1665 et
708 1626 858 1665 caudae
888 1626 1061 1677 equinae
1094 1626 1202 1676 pilos
1234 1626 1436 1676 paulatim
1472 1626 1637 1665 vellere.
1697 1626 1884 1676 Singulis

284 1690 471 1729 fortassis
494 1691 712 1741 negocium
737 1691 975 1739 exhibuero,
998 1705 1127 1742 quum
1154 1691 1362 1730 vniuersis
1385 1704 1459 1741 par
1487 1704 1575 1730 esse
1601 1704 1686 1729 non
1711 1691 1883 1741 possim.

286 1756 487 1802 Primum»
507 1769 646 1795 meam
676 1758 895 1809 εἰσαγωγὴν,
926 1757 971 1795 in
995 1770 1074 1807 qua
1099 1769 1166 1795 me
1193 1756 1340 1795 scribis
1367 1756 1552 1806 argutari
1577 1756 1645 1795 vel
1671 1757 1886 1802 ἀκκίζεσθαι

284 1821 451 1871 potius:
491 1822 602 1860 belle
636 1823 683 1859 tu
717 1823 887 1873 quidem
927 1822 1071 1869 eludis,
1109 1822 1144 1860 si
1183 1821 1307 1860 modo
1344 1835 1418 1871 per
1451 1834 1526 1860 nos
1558 1821 1731 1872 impune
1762 1821 1885 1860 liceat

284 1887 456 1931 auferre,
481 1887 590 1936 quod
610 1900 694 1926 non
714 1887 834 1926 aliter
853 1890 978 1938 atque
999 1887 1180 1926 maxime
1201 1887 1438 1926 confessum
1457 1887 1662 1934 assumis;
1691 1886 1886 1926 videlicet

205 1970 265 2002 205
284 1963 308 1988 a
334 1964 400 1989 me
426 1952 627 2001 praestari
649 1965 768 2002 posse
795 1953 1009 2003 quippiam
1033 1953 1143 2002 quod
1169 1953 1221 1991 ab
1250 1952 1330 1991 alio
1357 1952 1525 1990 nemine
1547 1951 1690 2002 possit.
1749 1952 1884 2003 Atqui

284 2016 390 2054 istuc
410 2017 550 2067 ipsum
571 2019 634 2056 est
653 2018 762 2068 quod
791 2031 865 2067 ego
894 2020 1131 2057 constanter
1151 2017 1339 2068 clareque
1363 2031 1469 2067 nego
1495 2018 1617 2067 atque
1643 2017 1769 2056 etiam
1797 2030 1883 2067 per-

287 2095 392 2131 nego
411 2096 421 2129 3
448 2085 589 2132 vtpote
608 2083 679 2121 vix
699 2083 980 2122 mediocribus
999 2084 1126 2121 etiam
1139 2096 1213 2133 par
1226 2082 1494 2132 argumentis.
1512 2082 1516 2088 ’
1561 2082 1690 2130 ‘Quid
1710 2082 1746 2120 si
1767 2095 1884 2132 quae-

285 2147 382 2185 dam
402 2149 499 2185 sunt
516 2149 525 2164 ⁷
545 2147 685 2198 inquis
708 2150 830 2199 ‘quae
850 2151 897 2187 tu
918 2162 1026 2187 vnus
1052 2149 1186 2199 possis
1205 2148 1450 2186 absoluere?
1466 2148 1475 2163 ’
1533 2147 1643 2196 Quid
1664 2147 1700 2186 si
1719 2147 1882 2186 coelum

283 2213 409 2250 ruat?
464 2213 531 2250 Ad
552 2213 652 2251 haec
675 2226 770 2252 cum
793 2213 992 2252 orationis
1018 2227 1135 2252 meae
1163 2213 1490 2252 mediocritatem
1515 2226 1610 2251 cum
1628 2214 1702 2251 tua
1721 2213 1882 2262 grandi-

204 2297 264 2320 210
283 2276 496 2327 loquentia
535 2278 758 2328 componis,
788 2279 975 2318 fortassis
1014 2281 1102 2317 erat
1131 2279 1361 2317 accuratius
1402 2277 1693 2328 explicandum
1731 2278 1883 2328 quibus

283 2342 452 2380 tandem
476 2343 520 2381 in
547 2344 669 2382 rebus
691 2343 817 2382 istam
845 2344 1166 2394 amplitudinem
1195 2344 1318 2382 sitam
1346 2357 1434 2382 esse
1462 2345 1594 2393 putes.
1655 2343 1826 2382 Etenim
1846 2343 1882 2382 si

283 2407 328 2445 in
347 2421 495 2458 genere
514 2410 762 2458 argumenti,
786 2409 893 2448 nihil
917 2409 1051 2448 adhuc
1071 2423 1094 2447 a
1115 2408 1234 2448 nobis
1253 2409 1408 2459 grande
1428 2410 1667 2458 susceptum
1687 2410 1750 2447 est
1769 2409 1879 2459 quod

283 2473 534 2512 cothurnum
563 2475 797 2524 requireret.
860 2474 944 2512 Nec
967 2477 1065 2512 tuus
1088 2474 1208 2512 Assis
1229 2487 1302 2523 per
1329 2486 1373 2512 se
1399 2474 1555 2523 grande
1577 2475 1641 2512 est
1666 2486 1881 2523 argumen-

282 2540 385 2584 tum,
410 2539 493 2577 nisi
513 2541 715 2589 quatenus
735 2539 900 2578 difficile
916 2553 925 2588 ;
956 2540 1027 2577 sed
1053 2542 1127 2577 tua
1149 2540 1384 2589 eloquentia
1403 2538 1557 2588 grande
1577 2541 1650 2578 est.
1709 2539 1881 2589 Alioqui

203 2624 262 2655 215
282 2603 389 2641 mihi
408 2604 604 2642 videntur
629 2605 810 2643 maxima
834 2618 1100 2654 quaecunque
1127 2604 1212 2642 sint
1239 2605 1407 2654 optima.
1465 2605 1541 2642 Sin
1561 2604 1605 2642 in
1631 2605 1720 2654 ipsa
1739 2604 1880 2654 phrasi

282 2669 542 2707 maiestatem
562 2670 684 2708 sitam
706 2683 795 2708 esse
822 2672 955 2720 putas,
978 2670 1171 2720 equidem
1191 2670 1235 2707 in
1250 2670 1328 2708 hac
1347 2683 1442 2708 sum
1463 2670 1686 2716 sententia,
1706 2672 1753 2707 vt
1772 2668 1877 2707 illud
1934 2702 1937 2705 .

283 2734 480 2772 orationis
517 2747 648 2783 genus
685 2735 922 2774 existimem
955 2734 1423 2784 magnificentissimum
1457 2735 1567 2784 quod
1600 2733 1878 2772 efficacissime

282 2799 529 2846 persuaserit
558 2799 600 2837 id
630 2800 737 2849 quod
775 2802 837 2838 est
866 2800 1134 2838 institutum:
1164 2800 1239 2838 hac
1270 2799 1440 2850 quidem
1468 2799 1514 2837 in
1541 2801 1657 2849 parte
1683 2799 1877 2837 nonnihil

282 2875 305 2899 a
326 2863 582 2910 Quintiliano
603 2864 860 2913 dissentiens,
883 2865 953 2915 qui
972 2867 1095 2914 negat
1115 2864 1394 2914 eloquentiam
1421 2877 1509 2902 esse
1527 2864 1757 2903 vocandam
1776 2877 1878 2913 quae

312 2936 400 2983 ι181.
426 2940 511 2976 quot
529 2939 583 2968 (5²2
607 2940 699 2977 quod
718 2939 764 2970 0¹.
857 2950 924 2978 191.
948 2938 1135 2979 τριωβόλιος
1151 2943 1186 2979 F,
1205 2943 1257 2969 sm]
1272 2942 1309 2976 cf.
1327 2942 1385 2976 Ep.
1404 2941 1477 2978 456.
1499 2940 1571 2979 196.
1673 2948 1744 2978 193.
1769 2939 1876 2978 quod—

284 2988 339 3006 ηις
362 2982 452 3009 fond.
566 2992 639 3019 205.
663 2983 782 3022 Atque
800 2986 896 3014 Lozzd.

284 3065 358 3084 200.
377 3038 689 3096 caudaesd'f5140r.
703 3059 759 3094 Ep.
775 3068 803 3089 2.
824 3069 849 3089 1.
862 3059 951 3098 45,6.
999 3069 1071 3098 219.
1091 3058 1349 3098 eloquentiam]
1368 3057 1438 3089 Cic.
1453 3067 1504 3094 (cp.
1520 3057 1641 3096 Quint.
1655 3059 1734 3088 Insl.
1751 3058 1782 3089 8.
1797 3068 1827 3097 3.
1842 3060 1872 3088 6.
