2010 3417
292 130 372 169 368
758 127 1008 166 LETTERS
1048 127 1117 165 OF
1155 127 1421 167 ERASMUS
1766 128 1891 182 [1516

292 238 515 278 eruditioni
535 237 779 283 tribuamus,
801 238 911 287 quod
932 237 1084 286 vulgus
1102 237 1292 286 tempori,

507 326 587 374 Qui
615 326 721 365 redit
750 326 801 364 ad
830 326 958 365 fastos
988 327 1030 365 et
1057 326 1257 365 virtutem
1286 326 1477 364 aestimat
1505 326 1636 373 annis,

291 418 338 455 vt
357 415 417 453 ait
438 415 605 454 Flaccus
617 418 638 454 ‘?

347 481 466 529 Loca,
505 481 672 520 tametsi
705 481 789 520 iam
827 483 923 519 ante
959 494 1045 519 non
1084 482 1257 519 omnino
1290 481 1561 531 indiligenter
1594 481 1786 531 legeram,
1819 485 1894 522 tuo

213 556 273 589 195
291 547 455 585 monitu
476 546 612 596 relegi.
674 546 735 585 Ob
754 547 941 596 primum
960 545 1084 585 illum
1107 559 1193 584 non
1216 546 1479 585 mediocriter
1497 546 1576 585 tibi
1597 547 1746 585 debent
1764 546 1893 586 bonae

292 613 437 653 literae
466 613 590 662 atque
621 612 772 650 harum
804 611 1024 657 candidati,
1055 624 1231 662 quarum
1260 625 1426 651 causam
1454 614 1542 650 tam
1572 612 1766 662 gnauiter
1794 613 1893 663 agis,

291 678 400 717 Vero
420 678 560 717 verius
579 679 643 715 est
663 677 771 727 quod
793 676 964 716 scribis:
994 677 1111 716 nulla
1136 677 1247 727 regio
1275 691 1359 716 non
1386 677 1522 728 gignit
1546 677 1697 716 eximia
1716 677 1892 728 ingenia,

294 743 330 782 si
349 743 472 780 modo
492 741 579 780 sint
601 742 673 792 qui
691 742 859 780 foueant
886 742 1211 792 prouehantque.
1271 742 1331 781 At
1356 742 1406 781 iis
1433 756 1610 792 quorum
1635 743 1805 782 arbitrio
1832 756 1899 783 res

293 809 377 846 fere
410 809 629 846 versantur
662 807 915 854 mortalium,
955 807 1064 846 nihil
1096 821 1223 858 aeque
1256 807 1444 846 inuisum
1478 821 1524 846 ac
1558 820 1604 846 ea
1636 808 1773 847 studia
1806 808 1897 847 sine

215 883 276 906 200
295 873 447 924 quibus
466 886 542 911 nec
561 872 754 910 homines
775 885 933 912 sumus,
995 872 1047 911 In
1075 873 1255 912 secundo
1277 885 1396 922 saepe
1421 873 1648 912 demiratus
1667 886 1760 912 sum
1778 875 1896 912 tuam

293 939 418 978 istam
438 941 483 979 ὡς
504 938 651 987 ἀληθῶς
666 939 877 990 Φραγκικὴν
892 938 1104 989 παρρησίαν
1120 938 1202 976 οὐδὲ
1216 941 1281 977 τοῦ
1300 938 1516 990 Ἀρχιερέως
1536 941 1647 978 αὑτοῦ
1662 940 1897 990 φειδομένην.

295 1004 375 1043 Sed
408 1004 594 1053 primum
633 1004 925 1053 ἀσφαλέστερον
964 1004 1024 1042 καὶ
1063 1004 1345 1055 ἀκινδυνώτερον
1383 1004 1523 1044 δάκνεις
1555 1005 1619 1043 τὸν
1649 1005 1894 1044 ἀποθανόντα.

294 1068 454 1108 Deinde
473 1068 640 1119 prodest
662 1068 740 1108 hac
765 1069 934 1118 quidem
960 1069 1004 1107 in
1028 1071 1155 1119 parte,
1179 1069 1287 1120 quod
1312 1082 1336 1108 a
1361 1069 1621 1120 paucissimis
1647 1069 1899 1120 intelligitur

294 1135 337 1172 τὸ
358 1134 501 1186 δῆγμα;
531 1133 737 1183 siquidem
758 1147 854 1172 cum
873 1134 1025 1184 vbique
1048 1134 1106 1173 sic
1130 1135 1321 1174 intendas
1347 1134 1605 1186 eloquentiae
1632 1137 1726 1174 tuae
1749 1148 1899 1174 neruos

217 1211 276 1243 205
294 1201 342 1239 vt
361 1212 445 1238 non
466 1198 602 1237 Midae
623 1199 694 1237 sed
714 1199 949 1249 Apollineis
969 1199 1139 1238 auribus
1158 1213 1301 1239 canere
1321 1199 1512 1249 videaris,
1536 1202 1678 1239 tamen
1698 1200 1784 1239 illic
1805 1200 1899 1240 data

297 1277 419 1315 opera
451 1265 734 1314 Λυκοφρώνειόν
766 1281 801 1302 τι
832 1264 1047 1312 miscuisti,
1081 1265 1241 1305 Loxian
1275 1265 1514 1315 quempiam
1551 1265 1672 1305 nobis
1704 1265 1895 1305 referens.

297 1329 429 1380 quue
448 1328 581 1380 magis
600 1330 726 1368 etiam
746 1329 846 1368 facis
866 1329 910 1368 in
929 1330 1065 1380 priore
1091 1329 1165 1368 illa
1191 1330 1515 1370 stomachatione
1534 1345 1544 1378 ;
1574 1343 1698 1382 quam
1718 1344 1792 1370 nec
1811 1330 1899 1382 ipse

297 1395 413 1445 quiui
439 1394 678 1445 intelligere,
703 1395 811 1445 quod
837 1407 903 1433 res
926 1395 1036 1445 ipsas
1058 1408 1205 1445 parum
1230 1398 1350 1435 notas
1376 1395 1562 1444 habeam,
1586 1397 1628 1434 et
1653 1398 1700 1434 tu
1726 1396 1900 1435 nomina

298 1459 534 1510 supprimis.
594 1459 686 1498 Iam
707 1460 751 1498 in
772 1460 906 1510 operis
925 1460 1030 1499 calce
1050 1460 1155 1499 mire
1175 1460 1482 1510 philosopharis
1500 1473 1594 1500 cum
1615 1463 1687 1500 tuo
1708 1461 1898 1510 Deloino,

219 1539 281 1561 210
297 1524 388 1564 viro
426 1524 510 1563 iam
549 1525 651 1563 olim
692 1525 798 1563 mihi
837 1526 1003 1575 cognito
1042 1539 1093 1564 ex
1131 1525 1265 1564 Ooleti
1307 1526 1621 1576 praedicatione,
1663 1526 1811 1565 deinde
1849 1539 1900 1566 ex

299 1602 520 1640 congressu
540 1603 700 1641 quoque
729 1591 845 1641 prius
864 1591 1040 1639 Aurelii,
1065 1604 1163 1630 111οΧ
1182 1591 1375 1631 Parisiis:
1405 1594 1446 1630 at
1475 1591 1543 1630 hic
1564 1605 1736 1642 quoque,
1762 1593 1899 1632 Deum

298 1655 591 1703 immortalem,
605 1669 686 1706 qua
700 1656 976 1705 vehementia,
996 1670 1077 1707 qua
1092 1656 1283 1696 libertate
1299 1658 1610 1709 καταβακχεύσας
1631 1658 1690 1696 καὶ
1706 1659 1901 1708 ἀστράψας

301 1725 351 1762 εἷς
369 1723 454 1762 τοὺς
475 1722 589 1771 ἱερέας
608 1722 692 1762 τοὺς
710 1725 773 1760 νῦν
791 1724 799 1760 !

355 1787 434 1826 Sed
463 1787 569 1826 illud
600 1800 724 1838 quam
751 1787 950 1826 festiuum
977 1787 1116 1837 exigis,
1145 1790 1192 1826 vt
1221 1787 1271 1826 de
1301 1789 1374 1825 tuo
1401 1787 1570 1837 ingenio
1598 1788 1900 1837 pronunciem;

223 1865 282 1897 215
302 1853 420 1904 quasi
442 1866 537 1891 vero
565 1853 600 1891 is
627 1853 708 1891 sim
734 1853 805 1903 qui
828 1852 895 1891 vel
918 1866 1113 1902 assequar
1141 1852 1374 1892 rarissimas
1401 1853 1500 1891 istas
1528 1866 1573 1891 ac
1602 1866 1706 1903 pene
1736 1853 1901 1897 diuinas

301 1919 433 1958 animi
452 1919 516 1958 tui
536 1919 664 1957 dotes·
726 1918 786 1957 De
815 1918 982 1957 Budaeo
1008 1918 1255 1957 iamdudum
1281 1918 1659 1957 eruditissimorum
1678 1919 1901 1959 hominum

303 1986 471 2023 senatus
500 1997 652 2034 magno
680 1996 883 2022 consensu
907 1983 1211 2033 pronunciauit.
1273 1983 1458 2032 Quorum
1487 1984 1716 2023 sententiae
1745 1985 1782 2023 si
1811 1984 1903 2023 sub-

304 2050 516 2098 scripsero,
554 2049 807 2099 quantulum
841 2049 965 2087 fuerit
999 2049 1076 2088 hoc
1114 2048 1320 2088 momenti
1355 2049 1464 2099 quod
1499 2048 1623 2087 vnius
1658 2049 1903 2088 homunculi

304 2114 454 2165 plebeii
487 2114 617 2164 possit
654 2114 813 2152 adferre
851 2113 1064 2153 calculus?
1106 2115 1174 2153 sin
1212 2114 1464 2162 dissentiam,
1504 2114 1597 2163 quis
1631 2114 1736 2153 ferat
1770 2114 1902 2164 impu-

226 2191 287 2214 220
306 2179 491 2218 dentiam
504 2180 525 2216 ⁶?
580 2179 686 2218 Cum
706 2181 779 2218 tua
797 2179 901 2228 lego,
925 2179 985 2217 mi
1005 2179 1184 2228 Budaee,
1203 2179 1346 2218 videre
1365 2180 1510 2220 videor
1529 2178 1902 2228 locupletissimum

305 2244 511 2294 quendam
540 2244 893 2294 patremfamilias,
918 2257 1002 2282 non
1031 2243 1165 2294 qualis
1194 2244 1275 2283 fuit
1305 2243 1515 2292 Lucullus,
1545 2243 1612 2282 cui
1641 2243 1760 2293 plura
1788 2244 1903 2283 domi

305 2311 421 2348 erant
451 2322 554 2359 quae
582 2307 775 2348 fallerent
803 2308 1035 2357 dominum,
1068 2309 1415 2359 quemadmodum
1445 2308 1582 2358 inquit
1613 2308 1827 2358 Horatius,
1860 2310 1903 2347 et

305 2375 547 2424 prodessent
579 2373 768 2421 furibus3
808 2374 879 2413 sed
913 2387 997 2412 non
1032 2374 1174 2412 minus
1209 2374 1451 2424 diligentem
1482 2386 1606 2423 quam
1637 2373 1899 2423 locupletem,

306 2440 373 2478 cui
404 2452 499 2478 suae
530 2452 626 2488 opes
656 2440 698 2477 et
731 2439 857 2489 probe
888 2435 1075 2489 cognitae
1106 2439 1202 2479 sint.
1236 2452 1282 2477 ac
1315 2437 1493 2489 singulis
1522 2438 1569 2477 in
1603 2451 1700 2477 suos
1733 2439 1904 2488 digestis

228 2519 286 2550 225
307 2503 473 2543 nidulos
504 2506 651 2542 cuncta
683 2504 728 2542 in
761 2503 977 2553 procinctu
1010 2503 1095 2542 sint
1126 2516 1171 2541 ac
1201 2503 1316 2542 velut
1346 2504 1391 2542 in
1421 2504 1648 2541 numerato.
1706 2503 1903 2542 Prestant

305 2571 382 2609 hoc
413 2569 489 2608 tibi
518 2568 672 2618 partim
700 2568 1000 2607 accuratissimi
1029 2568 1197 2617 indices,
1227 2582 1329 2618 quos
1359 2568 1460 2607 olim
1490 2567 1535 2606 in
1561 2568 1673 2606 hunc
1702 2581 1825 2606 vsum
1853 2568 1903 2608 ad

307 2648 451 2674 omnes
472 2638 565 2673 tuos
585 2634 742 2673 codices
759 2634 925 2684 parasti,
949 2634 1101 2683 partim
1125 2636 1248 2684 atque
1271 2634 1371 2673 adeo
1397 2633 1532 2672 multo
1553 2633 1735 2671 maxime
1757 2633 1903 2672 felicis·

308 2700 413 2738 sima
443 2701 522 2738 ista
555 2700 756 2738 memoria
789 2701 829 2737 et
862 2699 1009 2749 quouis
1042 2698 1179 2737 indice
1210 2699 1393 2743 fidelior;
1441 2698 1550 2737 vnde
1583 2698 1673 2737 fieri
1705 2698 1825 2736 video
1858 2699 1904 2736 vt
1943 2689 1945 2691 ¹

626 2797 699 2835 196.
726 2795 778 2827 0²:
804 2796 961 2836 grauiter
979 2794 1022 2826 0¹.
1157 2805 1232 2834 214.
1258 2798 1309 2826 F:
1333 2804 1440 2835 quam
1458 2793 1550 2825 illud
1568 2796 1597 2827 C.

357 2905 426 2933 193.
455 2895 618 2937 Flaccus]
642 2899 700 2933 Ep.
721 2906 750 2926 2.
773 2905 799 2927 1.
819 2897 873 2934 48.
1140 2895 1342 2926 attributed
1365 2896 1401 2925 to
1428 2894 1650 2934 Lycophron,
1676 2904 1723 2925 an
1747 2893 1900 2924 Alexan-

355 2948 428 2969 202.
453 2938 510 2968 τὸν
527 2939 749 2976 ἀποθανόντα]
766 2940 886 2970 Julius
901 2949 943 2970 11.
1141 2939 1247 2970 drine
1262 2939 1355 2978 poet,
1375 2938 1417 2968 cf.
1434 2938 1573 2968 Statius
1588 2940 1623 2969 S.
1640 2947 1672 2976 5.
1688 2948 1717 2977 3.
1738 2945 1810 2974 157.

355 2983 427 3012 206.
442 2977 886 3023 ΛυκοφρώνειόντιῘῈοηῘιε
896 2982 1074 3022 obscurity
1186 2992 1259 3013 222.
1289 2980 1479 3022 Horatius]
1506 2983 1562 3018 Ep.
1587 2991 1613 3012 1.
1632 2982 1664 3012 6.
1684 2980 1768 3019 45,6.
