2010 3417
122 186 221 241 2457]
629 189 698 228 ΤΟ
736 188 887 229 JOHN
927 189 1223 229 REUOHLIN
1639 188 1716 226 331

120 312 221 338 suos
240 299 431 338 obtinent
459 299 756 338 authoritatem
775 314 784 347 ;
814 300 983 339 Goletus
1011 300 1135 339 etiam
1156 300 1290 350 regiae
1309 299 1518 338 maiestati
1543 297 1721 337 intimus

118 365 187 403 -est
206 366 248 403 et
267 364 317 403 ad
331 364 662 415 priuatissimum
675 365 926 414 colloquium
947 366 1107 415 quoties
1125 366 1217 403 vult
1236 365 1483 404 admittitur.

179 430 261 468 Leo
291 443 479 468 summus
501 430 687 479 pontifex
717 430 767 468 ad
797 443 933 468 meam
959 430 1175 480 epistolam
1205 443 1329 480 quam
1357 442 1551 469 excusam
1579 428 1721 479 legisti
1739 438 1780 470 30

125 494 348 544 diligenter
369 495 581 545 respondit
601 510 610 543 ;
639 508 714 533 nec
734 495 875 533 minus
894 498 1082 534 amanter
1103 509 1230 545 quam
1252 495 1482 545 diligenter.
1554 494 1720 533 Adiecit

115 559 304 598 alterum
337 559 483 608 Breue‚
517 573 598 610 quo
626 574 694 599 me
724 574 798 599 sua
830 563 974 610 sponte
1007 560 1111 610 Regi
1142 561 1378 610 Anglorum
1416 559 1721 599 commendauit

124 625 236 663 haud
271 638 479 674 quaquam
517 638 632 663 more
664 625 828 674 vulgari
846 640 854 672 ;
901 627 1022 676 atque
1059 626 1101 664 id
1134 626 1382 664 nominatim
1411 625 1569 674 adiecit,
1606 639 1648 663 se
1678 624 1720 662 id

126 691 268 739 suapte
289 692 436 739 sponte
455 691 585 728 facere
605 703 679 728 nec
699 703 722 728 a
741 703 810 728 me
839 703 913 728 nec
932 703 956 728 a
979 703 1187 740 quoquam
1206 692 1253 729 vt
1278 690 1319 728 id
1340 691 1490 728 faceret
1517 691 1717 739 rogatum.

126 751 407 804 Responderat
431 757 605 805 vterque
637 754 893 802 Gardinalis;
931 768 1077 793 verum
1116 755 1190 794 hae
1221 755 1364 793 literae
1396 755 1440 792 in
1471 757 1587 792 tuam
1622 755 1721 793 Ger·
1740 765 1779 798 35

125 819 309 858 maniam
328 820 478 858 missae
500 821 600 858 sunt
618 820 669 858 ad
689 819 915 858 Ricardum
926 820 1120 867 Paceum,
1136 819 1349 857 hominem
1368 819 1528 869 egregie
1542 818 1717 866 doctum,

117 884 199 934 -qui
227 898 338 923 nunc
368 885 476 934 apud
508 884 696 923 Eluetios
722 886 927 923 oratorem
955 884 1073 934 gerit.
1134 885 1243 933 Quin
1265 886 1306 922 et
1330 884 1549 923 Pontificis
1568 883 1721 923 Breuia

126 949 233 988 mihi
251 963 337 987 non
357 952 450 988 ante
472 951 569 988 sunt
591 950 752 988 reddita
773 962 896 999 quam
917 949 961 987 in
979 948 1179 999 Angliam
1199 948 1413 987 rediissem
1433 964 1441 997 ;
1481 961 1582 999 quae
1612 948 1647 986 si
1676 949 1721 986 in

124 1016 312 1064 tempore
330 1015 509 1053 fuissent
529 1015 698 1062 reddita,
723 1015 911 1053 fortassis
926 1016 966 1053 et
979 1014 1289 1064 Hieronymum
1304 1014 1434 1052 Leoni
1457 1014 1716 1052 dedicassem.

125 1080 233 1119 Mihi
264 1080 439 1119 vixdum
467 1081 511 1118 in
535 1079 803 1118 Brabantiam
838 1092 1004 1118 reuerso
1037 1079 1349 1119 illustrissimus
1379 1080 1578 1129 Princeps
1602 1093 1722 1118 meus
1738 1089 1781 1120 40

118 1144 298 1184 Carolus
317 1145 595 1195 praebendam
619 1145 789 1183 donauit
809 1145 910 1183 satis
929 1147 970 1183 et
988 1144 1260 1183 honorificam
1280 1147 1321 1183 et
1340 1145 1557 1194 copiosam.

181 1210 321 1249 Reuisi
340 1211 604 1249 Britanniam
625 1210 882 1249 salutaturus
894 1209 1152 1249 Moecenates
1171 1223 1285 1249 meos
1305 1211 1346 1248 et
1360 1211 1514 1248 amicos
1532 1212 1692 1248 veteres
1712 1223 1721 1257 ;

126 1275 259 1325 reperi
276 1275 411 1315 multo
445 1275 579 1314 nostri
610 1289 733 1325 quam
768 1275 1018 1326 reliqueram
1042 1276 1301 1314 amantiores.
1371 1275 1722 1325 Archiepiscopus

121 1353 223 1378 -cum
255 1353 417 1390 semper
436 1341 587 1379 amarit
605 1341 734 1388 vnice,
756 1354 868 1379 nunc
886 1343 1055 1379 tantum
1072 1341 1262 1379 adiunxit
1280 1341 1411 1380 veteri
1430 1341 1475 1378 in
1495 1354 1562 1378 me
1582 1339 1720 1378 studio

126 1404 172 1440 vt
191 1403 287 1440 ante
306 1415 455 1452 parum
473 1416 632 1441 amasse
650 1403 785 1441 videri
804 1403 945 1453 possit.
1005 1404 1157 1442 Omnia
1177 1417 1251 1442 sua
1274 1403 1382 1441 mihi
1402 1403 1552 1441 detulit
1570 1417 1578 1450 3
1608 1415 1720 1440 recu·
1738 1414 1779 1446 45

117 1467 216 1506 -saui
240 1468 470 1517 pecuniam.
530 1468 717 1507 Abeunti
749 1468 920 1507 donauit
952 1482 1106 1518 equum
1139 1470 1179 1507 et
1209 1469 1379 1507 calicem
1409 1481 1504 1507 cum
1532 1467 1721 1518 operculo

127 1529 484 1579 elegantissimum
531 1531 779 1579 inauratum,
820 1530 1028 1581 pollicitus
1074 1531 1182 1581 apud
1230 1530 1459 1570 mensarios
1503 1529 1721 1580 pecuniam

119 1597 492 1645 quantamcunque
538 1596 697 1634 iussero
745 1609 787 1634 se
834 1595 1129 1645 depositurum.
1202 1595 1369 1634 Nouum
1407 1596 1721 1634 Testamentum

127 1659 329 1709 plurimos
357 1661 511 1699 amicos
539 1660 645 1699 mihi
678 1660 914 1699 conciliauit
944 1660 1104 1711 vbique,
1134 1661 1301 1699 tametsi
1332 1660 1525 1699 nonnulli
1553 1663 1721 1699 strenue

128 1725 404 1774 reclamarint,
426 1726 672 1775 praesertim
692 1725 816 1764 initio
835 1741 844 1773 ;
886 1725 956 1764 sed
975 1725 1021 1764 hi
1042 1726 1086 1763 in
1105 1726 1317 1764 absentem
1335 1728 1501 1764 tantum
1529 1727 1570 1763 et
1591 1725 1720 1763 ferme
1741 1739 1782 1772 50

127 1789 233 1828 tales
251 1791 297 1828 vt
316 1802 392 1828 nec
411 1790 589 1839 legerint
610 1804 714 1840 opus
732 1803 873 1829 meum
892 1792 944 1838 et,
963 1791 999 1829 si
1013 1791 1206 1840 legerent,
1228 1803 1311 1828 non
1331 1789 1592 1828 intellecturi.

183 1855 325 1894 Scribe
358 1855 410 1893 ad
439 1869 515 1894 nos
543 1855 791 1905 frequenter,
815 1855 1050 1894 doctissime
1080 1856 1320 1894 Reuchline.
1381 1855 1586 1905 Quicquid
1615 1856 1722 1893 Ant-

132 1920 314 1970 uerpiam
348 1920 514 1959 miseris
535 1921 585 1958 ad
619 1920 794 1958 Petrum
818 1920 1058 1971 Aegidium,
1088 1921 1266 1960 scribam
1293 1920 1520 1970 publicum,
1544 1920 1586 1958 id
1614 1920 1721 1958 mihi

121 1988 239 2023 ‘certo
260 1985 465 2024 reddetur.
521 1985 635 2023 Bene
654 1985 754 2034 vale,
780 1986 1023 2024 Germaniae
1038 1988 1202 2024 nostrae
1221 1986 1356 2024 decus.

183 2050 227 2088 Si
256 2050 504 2100 Philippum
524 2051 721 2089 iuuenem
746 2051 797 2089 ad
824 2051 1060 2090 Roffensem
1080 2051 1246 2089 miseris
1273 2052 1358 2089 tuis
1385 2051 1720 2089 commendatum
1739 2066 1778 2098 55

129 2115 273 2163 literis,
295 2115 401 2154 mihi
428 2115 556 2165 crede,
578 2115 824 2155 tractabitur
842 2116 1142 2155 humanissime
1161 2118 1201 2155 et
1230 2116 1280 2155 ad
1309 2116 1610 2166 amplissimam
1637 2116 1719 2155 for-

126 2182 276 2219 tunam
290 2181 542 2230 prouehetur
560 2196 569 2229 3
591 2194 665 2220 nec
680 2194 855 2231 vsquam
872 2182 1083 2232 continget
1098 2181 1194 2231 plus
1209 2181 1289 2219 ocii
1304 2181 1355 2220 ad
1371 2181 1550 2230 optimas
1563 2180 1716 2220 literas.

129 2246 334 2285 Fortassis
353 2246 422 2284 ille
443 2246 531 2285 sitit
550 2246 728 2286 Italiam.
801 2248 860 2286 At
879 2247 944 2286 his
962 2247 1216 2297 temporibus
1236 2246 1402 2286 Italiam
1423 2246 1546 2285 habet
1565 2247 1721 2296 Anglia

122 2313 179 2359 et,
203 2311 249 2349 ni
266 2312 389 2361 plane
407 2312 541 2360 fallor,
567 2312 764 2361 quiddam
785 2312 908 2351 Italia
926 2312 1215 2362 praestantius.
1275 2312 1460 2351 Rursum
1477 2312 1582 2351 vale.

184 2375 345 2414 Calecii.
368 2389 424 2415 vl.
446 2377 553 2415 KAL.
577 2377 849 2427 Septembres.
1737 2381 1778 2413 60

613 2476 668 2513 36.
697 2475 848 2505 Paceum
864 2477 993 2512 scripsi:
1019 2475 1187 2505 Pacorum
1204 2486 1235 2506 α.

174 2573 226 2604 28.
253 2572 408 2613 Coletus]
431 2573 499 2604 For
523 2573 580 2604 his
602 2575 778 2614 intimacy
799 2574 890 2605 with
959 2584 1040 2605 cum
1064 2575 1238 2614 operculo,
1262 2575 1375 2605 forma
1398 2574 1558 2614 Anglica.
1576 2574 1718 2605 Donum

132 2617 259 2656 Henry
275 2616 319 2646 cf.
333 2615 443 2646 Lond.
464 2625 520 2647 xv.
537 2627 586 2656 14,
600 2617 670 2648 LB.
685 2627 749 2656 435
765 2620 808 2648 acl
817 2620 879 2654 fin.
959 2617 1158 2649 Guilhelmi
1182 2617 1387 2656 Montioii’3
1417 2618 1537 2648 where
1564 2617 1664 2647 there
1688 2618 1720 2648 is

174 2670 228 2699 30.
252 2668 368 2690 meam
385 2659 590 2700 epistolam]
616 2661 680 2699 Ep.
699 2669 774 2699 335.
957 2661 1110 2700 perhaps
1126 2671 1146 2691 a
1161 2660 1312 2692 mistake
1332 2661 1371 2691 in
1387 2660 1450 2691 the
1472 2669 1576 2691 name
1598 2660 1637 2691 of
1655 2661 1718 2692 the

175 2713 229 2743 32.
254 2703 406 2733 alterum
424 2703 553 2743 Breue]
580 2703 643 2742 Ep.
661 2712 734 2742 339.
959 2704 1084 2734 donor.

173 2755 225 2786 35.
248 2745 412 2786 vterque]
438 2746 488 2776 Cf.
506 2746 567 2786 Ep.
584 2747 657 2785 456.
674 2747 749 2777 206.
1001 2757 1052 2785 55.
1079 2746 1303 2788 Philippum]
1352 2747 1481 2786 Geiger
1526 2747 1555 2777 is
1587 2746 1719 2787 clearly

179 2799 230 2828 41.
255 2788 510 2829 praebendam]
536 2789 587 2820 Cf.
604 2790 667 2829 Ep.
679 2790 751 2828 436.
772 2798 791 2828 5
808 2798 845 2819 n.
960 2790 1056 2829 right
1068 2790 1106 2820 in
1118 2790 1715 2831 identifyingwithMehmchthon,

179 2834 231 2872 46.
255 2831 418 2873 calicem]
440 2832 553 2863 There
569 2834 599 2863 is
615 2842 662 2863 no
678 2832 839 2863 mention
856 2832 895 2862 of
958 2833 1041 2863 who
1057 2843 1129 2863 was
1145 2843 1226 2864 now
1241 2836 1278 2864 at
1293 2833 1488 2873 Tiibingen.

136 2877 211 2908 this
232 2877 271 2907 in
293 2877 355 2907 the
380 2876 442 2906 list
464 2877 501 2905 of
521 2874 702 2907 Erasmus'
722 2877 890 2916 property
1003 2877 1053 2914 58.
1080 2876 1229 2917 Anglia]
1254 2876 1322 2907 For
1344 2877 1418 2908 this
1441 2877 1530 2916 high
1553 2878 1718 2909 estimate

132 2919 255 2951 which
279 2919 326 2950 he
353 2919 424 2949 had
451 2919 622 2959 prepared
647 2929 693 2950 on
721 2928 761 2950 10
786 2919 890 2958 April
960 2919 997 2950 of
1021 2919 1184 2959 learning
1210 2921 1247 2950 in
1276 2919 1442 2960 England
1466 2930 1504 2951 as
1531 2921 1717 2961 compared

137 2973 218 3003 1534
236 2963 358 3003 (Basle
373 2962 443 2994 MS.
462 2962 499 2994 C.
515 2962 600 2995 V11.
620 2973 669 3001 19,
686 2961 709 2993 f.
727 2962 774 3002 2).
820 2963 891 2993 But
959 2963 1049 2993 with
1094 2963 1190 3003 Italy
1229 2963 1271 2994 cf.
1309 2963 1374 3003 Ep.
1414 2970 1488 3002 540,
1527 2964 1717 3004 especially

127 3016 260 3047 among
286 3007 347 3037 the
378 3005 459 3046 gold
486 3016 572 3046 cups
599 3007 629 3037 is
654 3016 674 3037 a
702 3006 887 3046 ‘poculum
960 3006 996 3037 ll.
1015 3016 1058 3046 50
1074 3015 1172 3046 seq.;
1196 3006 1269 3038 also
1286 3007 1348 3048 Ep.
1368 3009 1442 3046 456.
1462 3016 1579 3047 235-7.
