2010 3417
358 166 410 204 98
823 164 1072 205 LETTERS
1111 164 1180 204 OF
1217 163 1481 203 ERASMUS
1827 160 1865 215 [1
1875 171 1896 211 5
1905 174 1920 199 1
1930 172 1951 210 5

360 275 460 324 Quis
479 288 663 325 vnquam
692 274 772 313 fuit
801 276 888 312 tam
916 273 1138 323 impudens
1167 285 1239 311 rex
1264 272 1336 321 qui
1364 284 1450 310 non
1478 271 1655 310 fateatur
1681 284 1826 321 regum
1854 284 1955 310 non-

359 339 497 378 nullos
533 352 621 377 esse
654 338 787 377 malos
815 340 858 376 et
888 338 967 376 hoc
999 337 1154 376 honore
1192 336 1421 385 indignos?
1477 335 1579 384 Quis
1615 335 1830 385 episcopus
1865 337 1954 375 tam

279 416 340 448 270
358 404 543 442 insolens
572 404 674 452 quin
707 403 819 441 idem
853 402 904 441 de
934 415 1007 441 suo
1040 402 1217 441 fateatur
1248 401 1423 440 ordine?
1478 402 1549 440 An
1577 414 1686 439 vnus
1714 400 1815 439 ordo
1844 400 1956 440 theo-

358 469 547 518 logorum
567 467 612 505 in
632 469 748 506 tanto
767 480 942 505 numero
962 467 1130 505 nullum
1148 466 1272 505 habet
1292 465 1519 516 stupidum,
1538 465 1705 504 nullum
1725 465 1952 514 indoctum,

358 531 523 570 nullum
551 532 749 580 rixosum,
775 532 846 571 sed
870 534 1037 571 tantum
1061 532 1231 579 Paulos,
1252 531 1434 570 Basilios
1461 533 1502 569 et
1526 531 1807 580 Hieronymos
1837 530 1956 570 nobis

358 596 560 635 exhibet?
601 597 697 635 Imo
717 599 860 636 contra
879 598 928 636 fit
943 599 990 637 vt
1005 611 1084 648 quo
1099 610 1283 647 quaeque
1303 596 1501 647 professio
1521 596 1765 647 praeclarior
1783 598 1856 644 est,
1878 595 1957 635 hoc

357 662 569 711 pauciores
593 662 740 702 habeat
760 663 833 713 qui
859 663 1146 714 respondeant.
1203 662 1352 702 Plures
1377 662 1566 701 inuenies
1591 662 1720 701 bonos
1744 661 1958 701 naucleros

279 741 338 774 275
359 740 484 777 quam
510 727 639 766 bonos
664 727 882 778 principes,
904 728 1044 778 plures
1069 728 1252 768 medicos
1279 727 1410 767 bonos
1430 741 1554 778 quam
1579 727 1711 767 bonos
1733 727 1954 778 episcopos.

358 791 491 841 Atqui
518 805 564 831 ea
592 805 658 831 res
680 792 791 831 haud
819 793 998 843 pertinet
1024 792 1074 832 ad
1101 792 1399 832 contumeliam
1425 793 1594 842 ordinis,
1617 794 1688 832 sed
1714 794 1765 833 ad
1791 793 1958 832 laudem

358 870 585 907 paucorum
619 858 690 908 qui
721 857 767 895 in
797 857 1076 908 pulcherrimo
1114 859 1256 897 ordine
1296 872 1383 898 sese
1421 859 1698 909 pulcherrime
1729 861 1958 909 gesserunt.

357 925 485 974 Rogo,
513 925 579 963 dic
608 924 725 974 mihi,
752 938 825 964 cur
852 925 986 976 magis
1015 926 1284 965 offenduntur
1312 925 1507 976 theologi,
1540 927 1575 965 si
1603 926 1727 965 modo
1755 928 1856 965 sunt
1885 924 1958 975 qui

359 990 633 1040 offendantur,
665 1003 789 1041 quam
818 1004 943 1041 reges,
974 1004 1099 1041 quam
1127 991 1341 1042 primates,
1370 1004 1495 1041 quam
1524 991 1801 1041 magistratus,
1833 1003 1958 1041 quam

279 1059 341 1090 280
359 1055 550 1106 episcopi,
601 1069 723 1106 quam
773 1056 1011 1105 cardinales,
1062 1069 1188 1107 quam
1243 1056 1400 1095 summi
1450 1056 1711 1096 Pontifices?
1781 1055 1959 1105 denique

359 1134 484 1172 quam
517 1121 805 1171 negociatores,
839 1135 964 1172 quam
997 1122 1148 1170 mariti,
1179 1135 1305 1172 quam
1333 1135 1489 1170 vxores,
1521 1135 1645 1173 quam
1674 1120 1956 1169 iureconsulti,

359 1199 485 1237 quam
516 1189 659 1237 poetae
673 1187 914 1226 ‘?—nullum
951 1188 1065 1226 enim
1099 1188 1272 1226 omnino
1306 1187 1548 1226 mortalium
1581 1200 1709 1237 genus
1744 1185 1959 1236 praeteriit

358 1253 626 1291 Moria—-nisi
639 1253 745 1302 quod
762 1252 858 1302 <hi>
870 1266 954 1291 non
967 1266 1095 1302 vsque
1108 1253 1207 1291 adeo
1221 1253 1430 1303 desipiunt
1443 1254 1489 1291 vt
1502 1253 1546 1291 in
1558 1265 1601 1291 se
1615 1253 1787 1303 quisque
1800 1251 1959 1290 dictum

359 1318 567 1357 existimet
591 1318 699 1368 quod
725 1317 770 1356 in
796 1331 943 1368 genere
967 1318 1125 1357 dictum
1151 1319 1206 1357 sit
1228 1318 1273 1356 in
1300 1319 1464 1357 11131052>
1519 1318 1655 1357 1)111115
1675 1317 1959 1368 Hieronymus

279 1388 340 1427 285
357 1383 526 1433 scripsit
557 1383 609 1422 ad
639 1383 913 1422 Eustochium
943 1384 992 1422 de
1020 1383 1272 1433 virginitate,
1307 1386 1430 1434 atque
1460 1384 1505 1422 in
1535 1398 1581 1422 eo
1610 1383 1717 1422 libro
1751 1383 1960 1422 malarum

358 1447 571 1497 virginum
599 1461 733 1487 mores
763 1448 821 1486 ita
852 1448 1038 1498 depingit
1066 1451 1114 1487 vt
1142 1449 1285 1487 nullus
1313 1449 1484 1499 Apelles
1511 1448 1645 1499 magis
1673 1448 1802 1498 possit
1830 1447 1959 1487 oculis

358 1526 571 1563 exponere.
631 1512 831 1562 Nunquid
860 1513 1015 1552 offensa
1042 1515 1105 1552 est
1132 1514 1439 1552 Eustochium?
1495 1513 1695 1564 Nunquid
1725 1513 1960 1552 succensuit

360 1577 632 1628 Hieronymo,
659 1578 767 1628 quod
793 1579 1006 1627 virginum
1036 1579 1225 1617 ordinem
1255 1579 1597 1618 dehonestasset?
1653 1578 1715 1616 Ne
1743 1578 1958 1617 tantulum

359 1642 537 1693 quidem.
595 1644 655 1682 At
674 1643 942 1693 quamobrem
969 1644 1174 1683 tandem?
1230 1658 1377 1695 nempe
1397 1645 1504 1695 quod
1524 1645 1639 1694 virgo
1666 1644 1847 1694 prudens
1873 1656 1960 1682 non

280 1724 341 1757 ²90
359 1707 614 1751 existimaret
653 1708 705 1747 ad
743 1721 785 1747 se
818 1709 1035 1759 pertinere,
1071 1710 1108 1747 si
1139 1709 1239 1759 quid
1278 1710 1437 1748 dictum
1476 1711 1582 1748 esset
1618 1709 1664 1747 in
1697 1709 1840 1757 malas,
1873 1708 1958 1747 imo

357 1773 562 1823 gaudebat
581 1772 798 1812 admoneri
816 1773 954 1822 bonas,
977 1787 1029 1812 ne
1055 1774 1099 1812 in
1122 1774 1226 1813 tales
1246 1774 1562 1825 degenerarent;
1593 1774 1796 1825 gaudebat
1821 1773 1957 1812 admo-

358 1838 447 1876 neri
466 1838 606 1887 malas,
628 1840 675 1877 vt
694 1838 797 1877 tales
823 1852 910 1877 esse
930 1839 1176 1878 desinerent.
1236 1840 1410 1889 Scripsit
1434 1840 1485 1879 ad
1505 1839 1783 1889 Nepotianum
1804 1838 1853 1877 de
1872 1839 1961 1878 vita

358 1903 610 1942 clericorum.
671 1903 846 1953 Scripsit
879 1904 930 1942 ad
963 1904 1188 1943 Rusticum
1219 1905 1269 1943 de
1299 1904 1386 1943 vita
1420 1905 1729 1953 monachorum,
1763 1917 1809 1943 ac
1841 1903 1961 1942 miris

360 1967 565 2008 coloribus
593 1968 738 2018 pingit,
767 1969 886 2007 miris
915 1969 1072 2008 salibus
1101 1971 1214 2008 taxat
1240 1970 1454 2020 vtriusque
1482 1969 1644 2020 generis
1669 1969 1782 2009 vitia.
1842 1968 1961 2007 Nihil

280 2045 340 2078 295
360 2033 505 2072 offensi
520 2035 618 2071 sunt
634 2034 684 2072 ad
701 2047 803 2084 quos
823 2034 996 2084 scripsit,
1014 2034 1122 2085 quod
1143 2035 1295 2073 scirent
1309 2035 1461 2073 horum
1476 2035 1585 2074 nihil
1605 2036 1655 2074 ad
1676 2048 1719 2073 se
1738 2034 1955 2085 pertinere.

361 2098 444 2137 Cur
472 2111 556 2136 non
584 2098 789 2137 alienatus
817 2100 880 2137 est
900 2099 1137 2138 Gulielmus
1156 2100 1393 2147 Montioius,
1419 2101 1529 2139 inter
1558 2100 1777 2150 optimates
1805 2098 1961 2137 aulicos

361 2176 447 2202 non
471 2163 652 2212 infimus,
676 2164 784 2213 quod
804 2164 939 2202 multa
957 2163 1102 2203 luserit
1122 2164 1250 2203 Moria
1273 2164 1318 2203 in
1344 2179 1530 2214 proceres
1557 2165 1744 2203 aulicos?
1800 2163 1960 2213 Nempe

361 2241 456 2267 cum
476 2228 564 2278 ipse
584 2228 638 2266 sit
652 2228 717 2266 vir
735 2230 776 2267 et
797 2228 980 2278 optimus
998 2231 1040 2268 et
1059 2230 1421 2278 prudentissimus,
1443 2230 1680 2278 arbitratur,
1702 2229 1744 2267 id
1765 2228 1873 2278 quod
1894 2241 1961 2267 res

361 2295 433 2341 est,
455 2293 560 2343 quod
579 2293 623 2331 in
638 2293 771 2332 malos
787 2306 831 2331 ac
848 2293 998 2332 stultos
1013 2294 1171 2332 dictum
1187 2295 1248 2332 est
1263 2294 1472 2344 primates,
1491 2294 1598 2333 nihil
1615 2295 1666 2333 ad
1682 2307 1724 2332 se
1739 2293 1958 2344 pertinere.

281 2371 344 2402 300
363 2359 496 2408 Quam
524 2359 659 2397 multa
688 2358 788 2397 lusit
817 2358 862 2396 in
891 2359 1023 2397 malos
1051 2361 1093 2397 et
1120 2359 1247 2398 laicos
1279 2359 1490 2410 episcopos
1520 2359 1683 2398 Moria‘?
1739 2358 1821 2397 Cur
1851 2357 1960 2396 nihil

361 2423 474 2462 hisce
495 2423 618 2462 rebus
637 2423 820 2462 offensus
846 2425 908 2462 est
926 2423 1273 2474 Archiepiscopus
1294 2424 1599 2463 Cantuariensis
1613 2426 1633 2463 ‘?
1688 2424 1846 2474 Nempe
1866 2423 1960 2473 quia

361 2490 426 2527 vir
459 2489 575 2527 omni
606 2488 811 2528 virtutum
843 2501 993 2538 genere
1025 2488 1240 2528 absolutus
1273 2489 1382 2528 nihil
1415 2490 1564 2528 horum
1597 2489 1647 2529 ad
1681 2502 1723 2528 se
1755 2488 1960 2539 pertinere

361 2554 528 2593 iudicat.

418 2619 525 2668 Quid
551 2632 625 2670 ego
651 2618 730 2657 tibi
755 2632 923 2669 pergam
949 2632 1273 2658 commemorare
1299 2620 1550 2659 nominatim
1577 2621 1625 2659 de
1652 2621 1830 2660 summis
1849 2621 1960 2672 prin÷

282 2696 342 2727 305
363 2684 533 2734 cipibus,
558 2684 607 2722 de
634 2684 804 2723 caeteris
828 2685 1038 2735 episcopis,
1062 2686 1110 2724 de
1136 2685 1364 2734 abbatibus,
1389 2686 1437 2723 de
1467 2686 1757 2735 cardinalibus,
1783 2687 1832 2725 de
1858 2686 1961 2725 viris

362 2749 593 2788 eruditione
624 2750 757 2799 claris,
794 2763 971 2800 quorum
1005 2750 1217 2789 neminem
1250 2750 1384 2789 adhuc
1418 2752 1554 2789 sentio
1588 2752 1655 2790 vel
1686 2751 1770 2802 pilo
1801 2751 1960 2790 factum

364 2815 600 2854 alieniorem
641 2814 792 2854 Moriae
832 2816 994 2866 gratia?
1062 2816 1147 2854 Nec
1185 2816 1334 2854 adduci
1367 2829 1534 2865 possum
1567 2818 1613 2855 vt
1650 2818 1814 2855 credam
1851 2816 1960 2855 vllos

364 2879 577 2929 theologos
597 2880 779 2920 irritatos
799 2881 875 2920 hoc
895 2880 1049 2929 libello,
1074 2880 1158 2919 nisi
1176 2880 1280 2919 forte
1304 2881 1502 2930 pauculos
1521 2881 1678 2931 aliquot
1698 2880 1768 2931 qui
1787 2881 1854 2919 vel
1873 2894 1959 2920 non

901 3015 974 3045 307.
1001 3006 1131 3037 adduci
1147 3007 1211 3041 Αβ
1227 3017 1234 3038 :
1258 3006 1385 3038 abduci
1401 3018 1431 3038 α.
