<?xml version="1.0" encoding="UTF-8"?>
<!DOCTYPE html PUBLIC "-//W3C//DTD XHTML 1.0 Transitional//EN"
    "http://www.w3.org/TR/xhtml1/DTD/xhtml1-transitional.dtd">
<html xmlns="http://www.w3.org/1999/xhtml" xml:lang="en" lang="en">
 <head>
  <title>
</title>
<meta http-equiv="Content-Type" content="text/html;charset=utf-8" />
  <meta name='ocr-system' content='tesseract 3.04.00' />
  <meta name='ocr-capabilities' content='ocr_page ocr_carea ocr_par ocr_line ocrx_word'/>
</head>
<body>
  <div class='ocr_page' id='page_1' title='image "./opusepistolarumd02erasuoft_0101.png"; bbox 0 0 2010 3417; ppageno 0'>
   <div class='ocr_carea' id='block_1_1' title="bbox 94 137 1683 192">
    <p class='ocr_par' dir='ltr' id='par_1_1' title="bbox 94 137 1683 192">
     <span class='ocr_line' id='line_1_1' title="bbox 94 137 1683 192; baseline 0.001 -14"><span class='ocrx_word' id='word_1_1' title='bbox 94 137 193 192; x_wconf 82' lang='lat'>334]</span> <span class='ocrx_word' id='word_1_2' title='bbox 546 140 616 179; x_wconf 88' lang='grc' dir='ltr'>ΤΟ</span> <span class='ocrx_word' id='word_1_3' title='bbox 655 139 948 180; x_wconf 88' lang='lat' dir='ltr'>DOMENICO</span> <span class='ocrx_word' id='word_1_4' title='bbox 987 139 1242 179; x_wconf 87' lang='lat' dir='ltr'><strong>GRIMANI</strong></span> <span class='ocrx_word' id='word_1_5' title='bbox 1634 142 1683 180; x_wconf 79' lang='lat'>77</span> 
     </span>
    </p>
   </div>
   <div class='ocr_carea' id='block_1_2' title="bbox 91 250 1696 2713">
    <p class='ocr_par' dir='ltr' id='par_1_2' title="bbox 91 250 1691 1267">
     <span class='ocr_line' id='line_1_2' title="bbox 91 250 1684 300; baseline 0.001 -12"><span class='ocrx_word' id='word_1_6' title='bbox 91 251 227 300; x_wconf 86' lang='lat' dir='ltr'>gionis</span> <span class='ocrx_word' id='word_1_7' title='bbox 245 251 465 289; x_wconf 77' lang='lat' dir='ltr'><strong>autoritate</strong></span> <span class='ocrx_word' id='word_1_8' title='bbox 485 250 534 289; x_wconf 89' lang='lat' dir='ltr'>ad</span> <span class='ocrx_word' id='word_1_9' title='bbox 556 250 692 300; x_wconf 89' lang='lat' dir='ltr'>operis</span> <span class='ocrx_word' id='word_1_10' title='bbox 711 250 960 288; x_wconf 88' lang='lat' dir='ltr'>aeditionem</span> <span class='ocrx_word' id='word_1_11' title='bbox 987 263 1137 300; x_wconf 85' lang='lat' dir='ltr'>magno</span> <span class='ocrx_word' id='word_1_12' title='bbox 1157 251 1250 289; x_wconf 89' lang='lat' dir='ltr'>vsui</span> <span class='ocrx_word' id='word_1_13' title='bbox 1269 251 1466 300; x_wconf 87' lang='lat' dir='ltr'>futuram,</span> <span class='ocrx_word' id='word_1_14' title='bbox 1490 252 1558 290; x_wconf 91' lang='lat' dir='ltr'>sed</span> <span class='ocrx_word' id='word_1_15' title='bbox 1580 265 1684 291; x_wconf 89' lang='lat' dir='ltr'>com-</span> 
     </span>
     <span class='ocr_line' id='line_1_3' title="bbox 93 315 1685 366; baseline 0.001 -12"><span class='ocrx_word' id='word_1_16' title='bbox 93 315 265 354; x_wconf 90' lang='lat' dir='ltr'>modum</span> <span class='ocrx_word' id='word_1_17' title='bbox 296 315 448 354; x_wconf 86' lang='lat' dir='ltr'>offendi</span> <span class='ocrx_word' id='word_1_18' title='bbox 478 315 666 355; x_wconf 89' lang='lat' dir='ltr'>Basileae</span> <span class='ocrx_word' id='word_1_19' title='bbox 695 316 898 366; x_wconf 87' lang='lat' dir='ltr'>quosdam</span> <span class='ocrx_word' id='word_1_20' title='bbox 928 316 978 354; x_wconf 86' lang='lat' dir='ltr'>ad</span> <span class='ocrx_word' id='word_1_21' title='bbox 1007 315 1049 353; x_wconf 90' lang='lat' dir='ltr'>id</span> <span class='ocrx_word' id='word_1_22' title='bbox 1079 316 1211 366; x_wconf 90' lang='lat' dir='ltr'>operis</span> <span class='ocrx_word' id='word_1_23' title='bbox 1239 316 1455 365; x_wconf 88' lang='lat' dir='ltr'>accinctos,</span> <span class='ocrx_word' id='word_1_24' title='bbox 1488 316 1572 355; x_wconf 89' lang='lat' dir='ltr'>imo</span> <span class='ocrx_word' id='word_1_25' title='bbox 1602 318 1685 356; x_wconf 90' lang='lat' dir='ltr'>iam</span> 
     </span>
     <span class='ocr_line' id='line_1_4' title="bbox 92 380 1687 432; baseline 0.001 -13"><span class='ocrx_word' id='word_1_26' title='bbox 92 393 306 432; x_wconf 83' lang='lat' dir='ltr'>aggressos</span> <span class='ocrx_word' id='word_1_27' title='bbox 322 395 330 428; x_wconf 89' lang='lat'><strong>;</strong></span> <span class='ocrx_word' id='word_1_28' title='bbox 361 381 577 431; x_wconf 83' lang='lat' dir='ltr'>praecipue</span> <span class='ocrx_word' id='word_1_29' title='bbox 596 380 830 420; x_wconf 84' lang='lat' dir='ltr'>Iohannem</span> <span class='ocrx_word' id='word_1_30' title='bbox 851 380 1112 427; x_wconf 87' lang='lat' dir='ltr'>Frobenium,</span> <span class='ocrx_word' id='word_1_31' title='bbox 1128 382 1245 420; x_wconf 89' lang='lat' dir='ltr'>cuius</span> <span class='ocrx_word' id='word_1_32' title='bbox 1259 383 1299 419; x_wconf 90' lang='lat' dir='ltr'>et</span> <span class='ocrx_word' id='word_1_33' title='bbox 1312 383 1398 419; x_wconf 89' lang='lat' dir='ltr'>arte</span> <span class='ocrx_word' id='word_1_34' title='bbox 1417 383 1458 420; x_wconf 88' lang='lat' dir='ltr'>et</span> <span class='ocrx_word' id='word_1_35' title='bbox 1478 382 1687 432; x_wconf 87' lang='lat' dir='ltr'>impendio</span> 
     </span>
     <span class='ocr_line' id='line_1_5' title="bbox 92 445 1688 496; baseline -0.001 -10"><span class='ocrx_word' id='word_1_36' title='bbox 92 459 243 496; x_wconf 87' lang='lat' dir='ltr'>magna</span> <span class='ocrx_word' id='word_1_37' title='bbox 262 459 310 484; x_wconf 82' lang='lat' dir='ltr'>ex</span> <span class='ocrx_word' id='word_1_38' title='bbox 331 447 444 495; x_wconf 90' lang='lat' dir='ltr'>parte</span> <span class='ocrx_word' id='word_1_39' title='bbox 463 459 528 484; x_wconf 89' lang='lat' dir='ltr'>res</span> <span class='ocrx_word' id='word_1_40' title='bbox 546 446 684 496; x_wconf 85' lang='lat' dir='ltr'>agitur</span> <span class='ocrx_word' id='word_1_41' title='bbox 700 461 709 494; x_wconf 89' lang='lat'>;</span> <span class='ocrx_word' id='word_1_42' title='bbox 746 459 822 484; x_wconf 92' lang='lat' dir='ltr'>nec</span> <span class='ocrx_word' id='word_1_43' title='bbox 841 459 926 485; x_wconf 91' lang='lat' dir='ltr'>non</span> <span class='ocrx_word' id='word_1_44' title='bbox 948 446 1049 485; x_wconf 88' lang='lat' dir='ltr'>treis</span> <span class='ocrx_word' id='word_1_45' title='bbox 1069 446 1331 485; x_wconf 89' lang='lat' dir='ltr'>doctissimos</span> <span class='ocrx_word' id='word_1_46' title='bbox 1350 445 1523 486; x_wconf 90' lang='lat' dir='ltr'>iuuenes</span> <span class='ocrx_word' id='word_1_47' title='bbox 1542 447 1688 487; x_wconf 88' lang='lat' dir='ltr'>fratres</span> 
     </span>
     <span class='ocr_line' id='line_1_6' title="bbox 94 511 1687 563; baseline 0.001 -13"><span class='ocrx_word' id='word_1_48' title='bbox 94 511 402 558; x_wconf 86' lang='lat' dir='ltr'>Amorbachios,</span> <span class='ocrx_word' id='word_1_49' title='bbox 421 511 723 549; x_wconf 88' lang='lat' dir='ltr'>Hebraicarum</span> <span class='ocrx_word' id='word_1_50' title='bbox 743 524 903 561; x_wconf 88' lang='lat' dir='ltr'>quoque</span> <span class='ocrx_word' id='word_1_51' title='bbox 925 511 1158 549; x_wconf 86' lang='lat' dir='ltr'>litterarum</span> <span class='ocrx_word' id='word_1_52' title='bbox 1177 511 1349 561; x_wconf 82' lang='lat' dir='ltr'>pulchre</span> <span class='ocrx_word' id='word_1_53' title='bbox 1369 512 1510 551; x_wconf 90' lang='lat' dir='ltr'>doctos</span> <span class='ocrx_word' id='word_1_54' title='bbox 1527 526 1535 550; x_wconf 92' lang='lat'><strong>:</strong></span> <span class='ocrx_word' id='word_1_55' title='bbox 1565 515 1687 563; x_wconf 90' lang='lat' dir='ltr'>atque</span> 
     </span>
     <span class='ocr_line' id='line_1_7' title="bbox 94 575 1688 628; baseline 0.001 -13"><span class='ocrx_word' id='word_1_56' title='bbox 94 577 160 616; x_wconf 91' lang='lat' dir='ltr'>his</span> <span class='ocrx_word' id='word_1_57' title='bbox 178 576 331 615; x_wconf 86' lang='lat' dir='ltr'>litteris</span> <span class='ocrx_word' id='word_1_58' title='bbox 349 589 435 614; x_wconf 88' lang='lat' dir='ltr'>non</span> <span class='ocrx_word' id='word_1_59' title='bbox 456 576 594 625; x_wconf 83' lang='lat' dir='ltr'>paucis</span> <span class='ocrx_word' id='word_1_60' title='bbox 613 575 659 614; x_wconf 90' lang='lat' dir='ltr'>in</span> <span class='ocrx_word' id='word_1_61' title='bbox 678 576 778 615; x_wconf 91' lang='lat' dir='ltr'>locis</span> <span class='ocrx_word' id='word_1_62' title='bbox 797 575 930 614; x_wconf 90' lang='lat' dir='ltr'>vtitur</span> <span class='ocrx_word' id='word_1_63' title='bbox 949 575 1245 625; x_wconf 85' lang='lat' dir='ltr'>Hieronymus.</span> <span class='ocrx_word' id='word_1_64' title='bbox 1308 577 1368 615; x_wconf 91' lang='lat' dir='ltr'>Ac</span> <span class='ocrx_word' id='word_1_65' title='bbox 1389 577 1495 615; x_wconf 90' lang='lat' dir='ltr'>mihi</span> <span class='ocrx_word' id='word_1_66' title='bbox 1521 577 1688 628; x_wconf 91' lang='lat' dir='ltr'>quidem</span> 
     </span>
     <span class='ocr_line' id='line_1_8' title="bbox 93 640 1685 693; baseline 0 -12"><span class='ocrx_word' id='word_1_67' title='bbox 93 643 168 681; x_wconf 84' lang='lat' dir='ltr'>hac</span> <span class='ocrx_word' id='word_1_68' title='bbox 188 643 233 680; x_wconf 92' lang='lat' dir='ltr'>in</span> <span class='ocrx_word' id='word_1_69' title='bbox 253 643 368 691; x_wconf 90' lang='lat' dir='ltr'>parte</span> <span class='ocrx_word' id='word_1_70' title='bbox 386 642 501 679; x_wconf 86' lang='lat' dir='ltr'>iuxta</span> <span class='ocrx_word' id='word_1_71' title='bbox 522 641 773 679; x_wconf 84' lang='lat' dir='ltr'>Graecorum</span> <span class='ocrx_word' id='word_1_72' title='bbox 792 641 1059 690; x_wconf 88' lang='lat' dir='ltr'>prouerbium</span> <span class='ocrx_word' id='word_1_73' title='bbox 1079 640 1237 680; x_wconf 85' lang='lat' dir='ltr'>Theseo</span> <span class='ocrx_word' id='word_1_74' title='bbox 1258 643 1454 692; x_wconf 89' lang='lat' dir='ltr'>quopiam</span> <span class='ocrx_word' id='word_1_75' title='bbox 1473 642 1554 681; x_wconf 88' lang='lat' dir='ltr'>fuit</span> <span class='ocrx_word' id='word_1_76' title='bbox 1573 656 1685 693; x_wconf 89' lang='lat' dir='ltr'>opus,</span> 
     </span>
     <span class='ocr_line' id='line_1_9' title="bbox 93 704 1689 757; baseline -0.001 -10"><span class='ocrx_word' id='word_1_77' title='bbox 93 710 139 747; x_wconf 89' lang='lat' dir='ltr'>vt</span> <span class='ocrx_word' id='word_1_78' title='bbox 158 706 230 757; x_wconf 91' lang='lat' dir='ltr'>qui</span> <span class='ocrx_word' id='word_1_79' title='bbox 248 706 408 744; x_wconf 76' lang='lat' dir='ltr'>litteras</span> <span class='ocrx_word' id='word_1_80' title='bbox 428 717 495 743; x_wconf 90' lang='lat' dir='ltr'>eas</span> <span class='ocrx_word' id='word_1_81' title='bbox 514 705 586 743; x_wconf 82' lang='lat' dir='ltr'>vix</span> <span class='ocrx_word' id='word_1_82' title='bbox 604 704 870 755; x_wconf 85' lang='lat' dir='ltr'>primoribus,</span> <span class='ocrx_word' id='word_1_83' title='bbox 892 707 937 743; x_wconf 90' lang='lat' dir='ltr'>vt</span> <span class='ocrx_word' id='word_1_84' title='bbox 957 705 1084 753; x_wconf 88' lang='lat' dir='ltr'>aiunt,</span> <span class='ocrx_word' id='word_1_85' title='bbox 1108 706 1236 744; x_wconf 87' lang='lat' dir='ltr'>labris</span> <span class='ocrx_word' id='word_1_86' title='bbox 1255 706 1547 756; x_wconf 87' lang='lat' dir='ltr'>degustassem.</span> <span class='ocrx_word' id='word_1_87' title='bbox 1607 708 1689 747; x_wconf 88' lang='lat' dir='ltr'>His</span> 
     </span>
     <span class='ocr_line' id='line_1_10' title="bbox 93 770 1688 824; baseline 0.001 -14"><span class='ocrx_word' id='word_1_88' title='bbox 93 772 222 822; x_wconf 88' lang='lat' dir='ltr'>igitur</span> <span class='ocrx_word' id='word_1_89' title='bbox 249 771 293 809; x_wconf 91' lang='lat' dir='ltr'>in</span> <span class='ocrx_word' id='word_1_90' title='bbox 319 770 472 809; x_wconf 90' lang='lat' dir='ltr'>laboris</span> <span class='ocrx_word' id='word_1_91' title='bbox 497 772 658 819; x_wconf 87' lang='lat' dir='ltr'>partem</span> <span class='ocrx_word' id='word_1_92' title='bbox 686 770 826 809; x_wconf 75' lang='lat' dir='ltr'>ascitis</span> <span class='ocrx_word' id='word_1_93' title='bbox 845 770 1093 819; x_wconf 76' lang='lat' dir='ltr'>Herculan0‚</span> <span class='ocrx_word' id='word_1_94' title='bbox 1117 771 1228 820; x_wconf 91' lang='lat' dir='ltr'>quod</span> <span class='ocrx_word' id='word_1_95' title='bbox 1251 771 1380 819; x_wconf 88' lang='lat' dir='ltr'>aiunt,</span> <span class='ocrx_word' id='word_1_96' title='bbox 1402 772 1542 811; x_wconf 83' lang='lat' dir='ltr'>animo</span> <span class='ocrx_word' id='word_1_97' title='bbox 1569 787 1688 824; x_wconf 85' lang='lat' dir='ltr'>nego-</span> 
     </span>
     <span class='ocr_line' id='line_1_11' title="bbox 93 835 1690 886; baseline 0.001 -11"><span class='ocrx_word' id='word_1_98' title='bbox 93 837 204 875; x_wconf 85' lang='lat' dir='ltr'>cium</span> <span class='ocrx_word' id='word_1_99' title='bbox 237 848 454 886; x_wconf 82' lang='lat' dir='ltr'>aggressus</span> <span class='ocrx_word' id='word_1_100' title='bbox 489 848 595 874; x_wconf 90' lang='lat' dir='ltr'>sum.</span> <span class='ocrx_word' id='word_1_101' title='bbox 668 835 818 874; x_wconf 82' lang='lat' dir='ltr'>Feruet</span> <span class='ocrx_word' id='word_1_102' title='bbox 847 835 995 885; x_wconf 87' lang='lat' dir='ltr'>ingens</span> <span class='ocrx_word' id='word_1_103' title='bbox 1023 835 1193 883; x_wconf 86' lang='lat' dir='ltr'>officina,</span> <span class='ocrx_word' id='word_1_104' title='bbox 1228 835 1445 874; x_wconf 81' lang='lat' dir='ltr'>excuditur</span> <span class='ocrx_word' id='word_1_105' title='bbox 1476 837 1690 886; x_wconf 83' lang='lat' dir='ltr'>elegantis-</span> 
     </span>
     <span class='ocr_line' id='line_1_12' title="bbox 93 900 1690 951; baseline 0.001 -10"><span class='ocrx_word' id='word_1_106' title='bbox 93 901 212 941; x_wconf 82' lang='lat' dir='ltr'>simis</span> <span class='ocrx_word' id='word_1_107' title='bbox 226 901 420 940; x_wconf 85' lang='lat' dir='ltr'>formulis</span> <span class='ocrx_word' id='word_1_108' title='bbox 436 901 558 940; x_wconf 90' lang='lat' dir='ltr'>diuus</span> <span class='ocrx_word' id='word_1_109' title='bbox 577 900 873 950; x_wconf 82' lang='lat' dir='ltr'>Hieronymus,</span> <span class='ocrx_word' id='word_1_110' title='bbox 894 901 980 939; x_wconf 92' lang='lat' dir='ltr'>imo</span> <span class='ocrx_word' id='word_1_111' title='bbox 999 901 1235 950; x_wconf 85' lang='lat' dir='ltr'>renascitur,</span> <span class='ocrx_word' id='word_1_112' title='bbox 1254 901 1383 940; x_wconf 87' lang='lat' dir='ltr'>tantis</span> <span class='ocrx_word' id='word_1_113' title='bbox 1401 901 1624 951; x_wconf 89' lang='lat' dir='ltr'>impendiis</span> <span class='ocrx_word' id='word_1_114' title='bbox 1649 909 1690 942; x_wconf 91' lang='lat' dir='ltr'>et</span> 
     </span>
     <span class='ocr_line' id='line_1_13' title="bbox 92 966 1688 1017; baseline 0 -11"><span class='ocrx_word' id='word_1_115' title='bbox 92 967 359 1017; x_wconf 79' lang='lat' dir='ltr'>pecuniarum</span> <span class='ocrx_word' id='word_1_116' title='bbox 387 969 429 1005; x_wconf 90' lang='lat' dir='ltr'>et</span> <span class='ocrx_word' id='word_1_117' title='bbox 453 967 652 1005; x_wconf 90' lang='lat' dir='ltr'>sudorum</span> <span class='ocrx_word' id='word_1_118' title='bbox 682 968 727 1005; x_wconf 89' lang='lat' dir='ltr'>vt</span> <span class='ocrx_word' id='word_1_119' title='bbox 756 966 930 1005; x_wconf 91' lang='lat' dir='ltr'>minoris</span> <span class='ocrx_word' id='word_1_120' title='bbox 958 966 1189 1005; x_wconf 87' lang='lat' dir='ltr'>eonstiterit</span> <span class='ocrx_word' id='word_1_121' title='bbox 1218 966 1477 1016; x_wconf 88' lang='lat' dir='ltr'>Hieronymo</span> <span class='ocrx_word' id='word_1_122' title='bbox 1500 980 1574 1006; x_wconf 89' lang='lat' dir='ltr'>sua</span> <span class='ocrx_word' id='word_1_123' title='bbox 1597 981 1688 1006; x_wconf 92' lang='lat' dir='ltr'>con-</span> 
     </span>
     <span class='ocr_line' id='line_1_14' title="bbox 93 1031 1690 1083; baseline 0 -12"><span class='ocrx_word' id='word_1_124' title='bbox 93 1033 306 1083; x_wconf 85' lang='lat' dir='ltr'>scripsisse</span> <span class='ocrx_word' id='word_1_125' title='bbox 339 1045 464 1083; x_wconf 87' lang='lat' dir='ltr'>quam</span> <span class='ocrx_word' id='word_1_126' title='bbox 503 1032 623 1071; x_wconf 90' lang='lat' dir='ltr'>nobis</span> <span class='ocrx_word' id='word_1_127' title='bbox 655 1031 895 1071; x_wconf 87' lang='lat' dir='ltr'>restituisse.</span> <span class='ocrx_word' id='word_1_128' title='bbox 965 1031 1071 1071; x_wconf 89' lang='lat' dir='ltr'>Mihi</span> <span class='ocrx_word' id='word_1_129' title='bbox 1101 1034 1210 1070; x_wconf 88' lang='lat' dir='ltr'>certe</span> <span class='ocrx_word' id='word_1_130' title='bbox 1243 1033 1409 1070; x_wconf 89' lang='lat' dir='ltr'>tantum</span> <span class='ocrx_word' id='word_1_131' title='bbox 1442 1032 1511 1071; x_wconf 90' lang='lat' dir='ltr'>hic</span> <span class='ocrx_word' id='word_1_132' title='bbox 1539 1033 1690 1071; x_wconf 90' lang='lat' dir='ltr'>laboris</span> 
     </span>
     <span class='ocr_line' id='line_1_15' title="bbox 93 1096 1690 1147; baseline 0.001 -12"><span class='ocrx_word' id='word_1_133' title='bbox 93 1097 341 1136; x_wconf 78' lang='lat' dir='ltr'>exhaustum</span> <span class='ocrx_word' id='word_1_134' title='bbox 370 1100 434 1135; x_wconf 90' lang='lat' dir='ltr'>est</span> <span class='ocrx_word' id='word_1_135' title='bbox 458 1099 503 1136; x_wconf 87' lang='lat' dir='ltr'>vt</span> <span class='ocrx_word' id='word_1_136' title='bbox 525 1110 671 1147; x_wconf 86' lang='lat' dir='ltr'>parum</span> <span class='ocrx_word' id='word_1_137' title='bbox 697 1096 875 1136; x_wconf 83' lang='lat' dir='ltr'>abfuerit</span> <span class='ocrx_word' id='word_1_138' title='bbox 900 1097 1001 1147; x_wconf 91' lang='lat' dir='ltr'>quin</span> <span class='ocrx_word' id='word_1_139' title='bbox 1024 1097 1111 1147; x_wconf 90' lang='lat' dir='ltr'>ipse</span> <span class='ocrx_word' id='word_1_140' title='bbox 1135 1097 1390 1146; x_wconf 68' lang='lat' dir='ltr'>immorarer,</span> <span class='ocrx_word' id='word_1_141' title='bbox 1416 1098 1516 1137; x_wconf 91' lang='lat' dir='ltr'>dum</span> <span class='ocrx_word' id='word_1_142' title='bbox 1543 1100 1690 1138; x_wconf 87' lang='lat' dir='ltr'>studeo</span> 
     </span>
     <span class='ocr_line' id='line_1_16' title="bbox 93 1162 1691 1213; baseline 0.001 -12"><span class='ocrx_word' id='word_1_143' title='bbox 93 1164 139 1201; x_wconf 89' lang='lat' dir='ltr'>vt</span> <span class='ocrx_word' id='word_1_144' title='bbox 171 1162 243 1201; x_wconf 90' lang='lat' dir='ltr'>ille</span> <span class='ocrx_word' id='word_1_145' title='bbox 272 1164 520 1202; x_wconf 87' lang='lat' dir='ltr'>renascatur.</span> <span class='ocrx_word' id='word_1_146' title='bbox 594 1162 779 1211; x_wconf 87' lang='lat' dir='ltr'>Summa,</span> <span class='ocrx_word' id='word_1_147' title='bbox 804 1162 851 1201; x_wconf 88' lang='lat' dir='ltr'>ni</span> <span class='ocrx_word' id='word_1_148' title='bbox 884 1162 1014 1211; x_wconf 86' lang='lat' dir='ltr'>fallor,</span> <span class='ocrx_word' id='word_1_149' title='bbox 1051 1163 1184 1213; x_wconf 91' lang='lat' dir='ltr'>operis</span> <span class='ocrx_word' id='word_1_150' title='bbox 1217 1162 1268 1202; x_wconf 88' lang='lat' dir='ltr'>ad</span> <span class='ocrx_word' id='word_1_151' title='bbox 1303 1163 1443 1202; x_wconf 89' lang='lat' dir='ltr'>decem</span> <span class='ocrx_word' id='word_1_152' title='bbox 1477 1163 1691 1203; x_wconf 89' lang='lat' dir='ltr'>volumina</span> 
     </span>
     <span class='ocr_line' id='line_1_17' title="bbox 93 1229 330 1267; baseline 0 0"><span class='ocrx_word' id='word_1_153' title='bbox 93 1229 330 1267; x_wconf 80' lang='lat' dir='ltr'>succrescet.</span> 
     </span>
    </p>

    <p class='ocr_par' dir='ltr' id='par_1_3' title="bbox 93 1293 1696 2713">
     <span class='ocr_line' id='line_1_18' title="bbox 149 1293 1690 1345; baseline 0.001 -13"><span class='ocrx_word' id='word_1_154' title='bbox 149 1293 229 1333; x_wconf 88' lang='lat' dir='ltr'>Sed</span> <span class='ocrx_word' id='word_1_155' title='bbox 249 1306 446 1343; x_wconf 86' lang='lat' dir='ltr'>quorsum</span> <span class='ocrx_word' id='word_1_156' title='bbox 457 1294 533 1333; x_wconf 93' lang='lat' dir='ltr'>hoc</span> <span class='ocrx_word' id='word_1_157' title='bbox 546 1293 678 1332; x_wconf 77' lang='lat' dir='ltr'>mihi?</span> <span class='ocrx_word' id='word_1_158' title='bbox 698 1293 871 1344; x_wconf 86' lang='lat' dir='ltr'>inquies.</span> <span class='ocrx_word' id='word_1_159' title='bbox 933 1293 1126 1332; x_wconf 90' lang='lat' dir='ltr'>Primum</span> <span class='ocrx_word' id='word_1_160' title='bbox 1143 1293 1323 1332; x_wconf 88' lang='lat' dir='ltr'>sciebam</span> <span class='ocrx_word' id='word_1_161' title='bbox 1342 1295 1385 1332; x_wconf 84' lang='lat' dir='ltr'>te</span> <span class='ocrx_word' id='word_1_162' title='bbox 1404 1307 1477 1344; x_wconf 90' lang='lat' dir='ltr'>pro</span> <span class='ocrx_word' id='word_1_163' title='bbox 1497 1297 1690 1345; x_wconf 88' lang='lat' dir='ltr'>perpetuo</span> 
     </span>
     <span class='ocr_line' id='line_1_19' title="bbox 95 1359 1690 1410; baseline 0.001 -12"><span class='ocrx_word' id='word_1_164' title='bbox 95 1359 274 1409; x_wconf 90' lang='lat' dir='ltr'>quodam</span> <span class='ocrx_word' id='word_1_165' title='bbox 293 1361 366 1398; x_wconf 90' lang='lat' dir='ltr'>tuo</span> <span class='ocrx_word' id='word_1_166' title='bbox 386 1372 481 1408; x_wconf 89' lang='lat' dir='ltr'>erga</span> <span class='ocrx_word' id='word_1_167' title='bbox 499 1359 629 1398; x_wconf 91' lang='lat' dir='ltr'>bonas</span> <span class='ocrx_word' id='word_1_168' title='bbox 654 1359 817 1398; x_wconf 87' lang='lat' dir='ltr'>litteras</span> <span class='ocrx_word' id='word_1_169' title='bbox 842 1359 980 1398; x_wconf 88' lang='lat' dir='ltr'>studio</span> <span class='ocrx_word' id='word_1_170' title='bbox 1005 1360 1161 1409; x_wconf 89' lang='lat' dir='ltr'>pariter</span> <span class='ocrx_word' id='word_1_171' title='bbox 1179 1361 1219 1398; x_wconf 89' lang='lat' dir='ltr'>et</span> <span class='ocrx_word' id='word_1_172' title='bbox 1239 1360 1498 1410; x_wconf 86' lang='lat' dir='ltr'>Hieronymo</span> <span class='ocrx_word' id='word_1_173' title='bbox 1517 1361 1690 1410; x_wconf 83' lang='lat' dir='ltr'>gratula-</span> 
     </span>
     <span class='ocr_line' id='line_1_20' title="bbox 94 1423 1691 1475; baseline 0.001 -13"><span class='ocrx_word' id='word_1_174' title='bbox 94 1424 237 1462; x_wconf 89' lang='lat' dir='ltr'>turum</span> <span class='ocrx_word' id='word_1_175' title='bbox 265 1425 307 1462; x_wconf 91' lang='lat' dir='ltr'>et</span> <span class='ocrx_word' id='word_1_176' title='bbox 335 1425 488 1462; x_wconf 89' lang='lat' dir='ltr'>nostris</span> <span class='ocrx_word' id='word_1_177' title='bbox 521 1424 735 1463; x_wconf 88' lang='lat' dir='ltr'>fauturum</span> <span class='ocrx_word' id='word_1_178' title='bbox 768 1423 996 1472; x_wconf 75' lang='lat' dir='ltr'>conatibus,</span> <span class='ocrx_word' id='word_1_179' title='bbox 1027 1424 1113 1463; x_wconf 87' lang='lat' dir='ltr'>imo</span> <span class='ocrx_word' id='word_1_180' title='bbox 1149 1425 1365 1464; x_wconf 86' lang='lat' dir='ltr'>fauturum</span> <span class='ocrx_word' id='word_1_181' title='bbox 1402 1425 1549 1475; x_wconf 87' lang='lat' dir='ltr'>pietati</span> <span class='ocrx_word' id='word_1_182' title='bbox 1577 1425 1691 1464; x_wconf 85' lang='lat' dir='ltr'>Chri-</span> 
     </span>
     <span class='ocr_line' id='line_1_21' title="bbox 93 1489 1692 1540; baseline 0.001 -11"><span class='ocrx_word' id='word_1_183' title='bbox 93 1490 263 1537; x_wconf 86' lang='lat' dir='ltr'>stianae,</span> <span class='ocrx_word' id='word_1_184' title='bbox 281 1489 348 1528; x_wconf 92' lang='lat' dir='ltr'>cui</span> <span class='ocrx_word' id='word_1_185' title='bbox 362 1489 594 1539; x_wconf 90' lang='lat' dir='ltr'>plurimum</span> <span class='ocrx_word' id='word_1_186' title='bbox 609 1490 841 1528; x_wconf 88' lang='lat' dir='ltr'>adiumenti</span> <span class='ocrx_word' id='word_1_187' title='bbox 852 1503 902 1528; x_wconf 84' lang='lat' dir='ltr'>ex</span> <span class='ocrx_word' id='word_1_188' title='bbox 918 1489 1261 1540; x_wconf 88' lang='lat' dir='ltr'>Hieronymianis</span> <span class='ocrx_word' id='word_1_189' title='bbox 1272 1490 1423 1529; x_wconf 87' lang='lat' dir='ltr'>litteris</span> <span class='ocrx_word' id='word_1_190' title='bbox 1434 1504 1692 1530; x_wconf 89' lang='lat' dir='ltr'>accessurum</span> 
     </span>
     <span class='ocr_line' id='line_1_22' title="bbox 94 1553 1692 1606; baseline 0.001 -13"><span class='ocrx_word' id='word_1_191' title='bbox 94 1567 224 1604; x_wconf 91' lang='lat' dir='ltr'>spero.</span> <span class='ocrx_word' id='word_1_192' title='bbox 278 1553 413 1604; x_wconf 87' lang='lat' dir='ltr'>Atqui</span> <span class='ocrx_word' id='word_1_193' title='bbox 432 1554 531 1593; x_wconf 89' lang='lat' dir='ltr'>haec</span> <span class='ocrx_word' id='word_1_194' title='bbox 553 1567 618 1593; x_wconf 90' lang='lat' dir='ltr'>res</span> <span class='ocrx_word' id='word_1_195' title='bbox 638 1554 742 1594; x_wconf 88' lang='lat' dir='ltr'>citra</span> <span class='ocrx_word' id='word_1_196' title='bbox 760 1554 1034 1604; x_wconf 90' lang='lat' dir='ltr'>plurimarum</span> <span class='ocrx_word' id='word_1_197' title='bbox 1056 1557 1096 1594; x_wconf 84' lang='lat' dir='ltr'>et</span> <span class='ocrx_word' id='word_1_198' title='bbox 1115 1555 1530 1606; x_wconf 90' lang='lat' dir='ltr'>locupletissimarum</span> <span class='ocrx_word' id='word_1_199' title='bbox 1549 1556 1692 1595; x_wconf 90' lang='lat' dir='ltr'>biblio-</span> 
     </span>
     <span class='ocr_line' id='line_1_23' title="bbox 95 1619 1691 1672; baseline 0 -12"><span class='ocrx_word' id='word_1_200' title='bbox 95 1620 308 1660; x_wconf 86' lang='lat' dir='ltr'>thecarum</span> <span class='ocrx_word' id='word_1_201' title='bbox 326 1619 479 1659; x_wconf 79' lang='lat' dir='ltr'>auxilia</span> <span class='ocrx_word' id='word_1_202' title='bbox 498 1620 643 1660; x_wconf 90' lang='lat' dir='ltr'>confici</span> <span class='ocrx_word' id='word_1_203' title='bbox 668 1622 716 1659; x_wconf 91' lang='lat' dir='ltr'>vt</span> <span class='ocrx_word' id='word_1_204' title='bbox 743 1621 919 1670; x_wconf 84' lang='lat' dir='ltr'>dignum</span> <span class='ocrx_word' id='word_1_205' title='bbox 946 1622 1008 1660; x_wconf 90' lang='lat' dir='ltr'>est</span> <span class='ocrx_word' id='word_1_206' title='bbox 1029 1634 1113 1659; x_wconf 89' lang='lat' dir='ltr'>non</span> <span class='ocrx_word' id='word_1_207' title='bbox 1133 1623 1278 1670; x_wconf 89' lang='lat' dir='ltr'>potest.</span> <span class='ocrx_word' id='word_1_208' title='bbox 1339 1621 1519 1660; x_wconf 88' lang='lat' dir='ltr'>Proinde</span> <span class='ocrx_word' id='word_1_209' title='bbox 1539 1621 1575 1660; x_wconf 91' lang='lat' dir='ltr'>si</span> <span class='ocrx_word' id='word_1_210' title='bbox 1594 1622 1691 1672; x_wconf 88' lang='lat' dir='ltr'>quid</span> 
     </span>
     <span class='ocr_line' id='line_1_24' title="bbox 95 1685 1694 1737; baseline 0.001 -13"><span class='ocrx_word' id='word_1_211' title='bbox 95 1685 220 1724; x_wconf 90' lang='lat' dir='ltr'>habet</span> <span class='ocrx_word' id='word_1_212' title='bbox 236 1685 303 1723; x_wconf 85' lang='lat' dir='ltr'>vel</span> <span class='ocrx_word' id='word_1_213' title='bbox 321 1687 393 1724; x_wconf 92' lang='lat' dir='ltr'>tua</span> <span class='ocrx_word' id='word_1_214' title='bbox 412 1685 670 1732; x_wconf 87' lang='lat' dir='ltr'>bibliotheca,</span> <span class='ocrx_word' id='word_1_215' title='bbox 692 1698 815 1736; x_wconf 88' lang='lat' dir='ltr'>quam</span> <span class='ocrx_word' id='word_1_216' title='bbox 843 1685 956 1724; x_wconf 90' lang='lat' dir='ltr'>domi</span> <span class='ocrx_word' id='word_1_217' title='bbox 983 1685 1110 1724; x_wconf 90' lang='lat' dir='ltr'>habes</span> <span class='ocrx_word' id='word_1_218' title='bbox 1137 1686 1390 1725; x_wconf 92' lang='lat' dir='ltr'>ditissimam</span> <span class='ocrx_word' id='word_1_219' title='bbox 1409 1688 1450 1724; x_wconf 87' lang='lat' dir='ltr'>et</span> <span class='ocrx_word' id='word_1_220' title='bbox 1470 1687 1694 1737; x_wconf 85' lang='lat' dir='ltr'>omniiugis</span> 
     </span>
     <span class='ocr_line' id='line_1_25' title="bbox 97 1749 1690 1800; baseline 0.001 -12"><span class='ocrx_word' id='word_1_221' title='bbox 97 1750 286 1788; x_wconf 80' lang='lat' dir='ltr'>omnium</span> <span class='ocrx_word' id='word_1_222' title='bbox 305 1749 544 1800; x_wconf 84' lang='lat' dir='ltr'>linguarum</span> <span class='ocrx_word' id='word_1_223' title='bbox 563 1750 683 1789; x_wconf 90' lang='lat' dir='ltr'>libris</span> <span class='ocrx_word' id='word_1_224' title='bbox 701 1751 905 1798; x_wconf 86' lang='lat' dir='ltr'>refertam,</span> <span class='ocrx_word' id='word_1_225' title='bbox 924 1750 991 1789; x_wconf 90' lang='lat' dir='ltr'>vel</span> <span class='ocrx_word' id='word_1_226' title='bbox 1005 1751 1160 1789; x_wconf 89' lang='lat' dir='ltr'>summi</span> <span class='ocrx_word' id='word_1_227' title='bbox 1180 1751 1399 1789; x_wconf 89' lang='lat' dir='ltr'>Pontificis</span> <span class='ocrx_word' id='word_1_228' title='bbox 1410 1753 1482 1790; x_wconf 89' lang='lat' dir='ltr'>aut</span> <span class='ocrx_word' id='word_1_229' title='bbox 1501 1751 1690 1799; x_wconf 84' lang='lat' dir='ltr'>aliorum,</span> 
     </span>
     <span class='ocr_line' id='line_1_26' title="bbox 97 1815 1693 1865; baseline 0.001 -12"><span class='ocrx_word' id='word_1_230' title='bbox 97 1815 263 1865; x_wconf 91' lang='lat' dir='ltr'>pietatis</span> <span class='ocrx_word' id='word_1_231' title='bbox 286 1816 380 1853; x_wconf 90' lang='lat' dir='ltr'>tuae</span> <span class='ocrx_word' id='word_1_232' title='bbox 405 1815 530 1854; x_wconf 88' lang='lat' dir='ltr'>fuerit</span> <span class='ocrx_word' id='word_1_233' title='bbox 552 1815 599 1853; x_wconf 88' lang='lat' dir='ltr'>in</span> <span class='ocrx_word' id='word_1_234' title='bbox 625 1815 835 1864; x_wconf 85' lang='lat' dir='ltr'>publicam</span> <span class='ocrx_word' id='word_1_235' title='bbox 865 1815 977 1854; x_wconf 87' lang='lat' dir='ltr'>orbis</span> <span class='ocrx_word' id='word_1_236' title='bbox 1005 1815 1233 1854; x_wconf 88' lang='lat' dir='ltr'>vtilitatem</span> <span class='ocrx_word' id='word_1_237' title='bbox 1252 1816 1475 1865; x_wconf 90' lang='lat' dir='ltr'>impartire.</span> <span class='ocrx_word' id='word_1_238' title='bbox 1534 1816 1693 1856; x_wconf 86' lang='lat' dir='ltr'>Deinde</span> 
     </span>
     <span class='ocr_line' id='line_1_27' title="bbox 98 1879 1691 1931; baseline 0.001 -13"><span class='ocrx_word' id='word_1_239' title='bbox 98 1880 204 1918; x_wconf 90' lang='lat' dir='ltr'>mihi</span> <span class='ocrx_word' id='word_1_240' title='bbox 223 1879 361 1918; x_wconf 89' lang='lat' dir='ltr'>visum</span> <span class='ocrx_word' id='word_1_241' title='bbox 381 1882 445 1918; x_wconf 90' lang='lat' dir='ltr'>est</span> <span class='ocrx_word' id='word_1_242' title='bbox 463 1879 737 1919; x_wconf 83' lang='lat' dir='ltr'>vehementer</span> <span class='ocrx_word' id='word_1_243' title='bbox 764 1893 986 1930; x_wconf 88' lang='lat' dir='ltr'>congruere</span> <span class='ocrx_word' id='word_1_244' title='bbox 1012 1882 1058 1919; x_wconf 87' lang='lat' dir='ltr'>vt</span> <span class='ocrx_word' id='word_1_245' title='bbox 1085 1893 1274 1919; x_wconf 92' lang='lat' dir='ltr'>summus</span> <span class='ocrx_word' id='word_1_246' title='bbox 1298 1881 1518 1931; x_wconf 84' lang='lat' dir='ltr'>theologus</span> <span class='ocrx_word' id='word_1_247' title='bbox 1536 1882 1691 1920; x_wconf 88' lang='lat' dir='ltr'>summi</span> 
     </span>
     <span class='ocr_line' id='line_1_28' title="bbox 98 1944 1694 1995; baseline 0.001 -12"><span class='ocrx_word' id='word_1_248' title='bbox 98 1944 318 1983; x_wconf 90' lang='lat' dir='ltr'>Pontificis</span> <span class='ocrx_word' id='word_1_249' title='bbox 336 1944 528 1984; x_wconf 86' lang='lat' dir='ltr'>felicibus</span> <span class='ocrx_word' id='word_1_250' title='bbox 556 1945 749 1995; x_wconf 88' lang='lat' dir='ltr'>auspiciis</span> <span class='ocrx_word' id='word_1_251' title='bbox 769 1945 897 1983; x_wconf 82' lang='lat' dir='ltr'>exiret</span> <span class='ocrx_word' id='word_1_252' title='bbox 920 1945 964 1983; x_wconf 90' lang='lat' dir='ltr'>in</span> <span class='ocrx_word' id='word_1_253' title='bbox 990 1958 1139 1984; x_wconf 90' lang='lat' dir='ltr'>manus</span> <span class='ocrx_word' id='word_1_254' title='bbox 1158 1946 1380 1984; x_wconf 90' lang='lat' dir='ltr'>hominum</span> <span class='ocrx_word' id='word_1_255' title='bbox 1400 1947 1458 1985; x_wconf 89' lang='lat' dir='ltr'>ita</span> <span class='ocrx_word' id='word_1_256' title='bbox 1477 1947 1694 1986; x_wconf 89' lang='lat' dir='ltr'>restitutus</span> 
     </span>
     <span class='ocr_line' id='line_1_29' title="bbox 98 2010 1694 2061; baseline 0.001 -13"><span class='ocrx_word' id='word_1_257' title='bbox 98 2012 144 2048; x_wconf 90' lang='lat' dir='ltr'>vt</span> <span class='ocrx_word' id='word_1_258' title='bbox 162 2010 336 2049; x_wconf 89' lang='lat' dir='ltr'>antehac</span> <span class='ocrx_word' id='word_1_259' title='bbox 356 2024 430 2049; x_wconf 91' lang='lat' dir='ltr'>nec</span> <span class='ocrx_word' id='word_1_260' title='bbox 449 2011 610 2050; x_wconf 85' lang='lat' dir='ltr'>aeditus</span> <span class='ocrx_word' id='word_1_261' title='bbox 629 2011 762 2049; x_wconf 81' lang='lat' dir='ltr'>videri</span> <span class='ocrx_word' id='word_1_262' title='bbox 780 2010 911 2061; x_wconf 86' lang='lat' dir='ltr'>possit</span> <span class='ocrx_word' id='word_1_263' title='bbox 927 2024 936 2058; x_wconf 94' lang='lat'>;</span> <span class='ocrx_word' id='word_1_264' title='bbox 965 2013 1093 2061; x_wconf 88' lang='lat' dir='ltr'>vtque</span> <span class='ocrx_word' id='word_1_265' title='bbox 1108 2012 1284 2061; x_wconf 88' lang='lat' dir='ltr'>scriptor</span> <span class='ocrx_word' id='word_1_266' title='bbox 1300 2011 1491 2050; x_wconf 90' lang='lat' dir='ltr'>omnium</span> <span class='ocrx_word' id='word_1_267' title='bbox 1506 2011 1694 2050; x_wconf 90' lang='lat' dir='ltr'>eruditis-</span> 
     </span>
     <span class='ocr_line' id='line_1_30' title="bbox 98 2075 1694 2125; baseline 0.001 -11"><span class='ocrx_word' id='word_1_268' title='bbox 98 2076 229 2114; x_wconf 91' lang='lat' dir='ltr'>simus</span> <span class='ocrx_word' id='word_1_269' title='bbox 243 2075 332 2115; x_wconf 91' lang='lat' dir='ltr'>eius</span> <span class='ocrx_word' id='word_1_270' title='bbox 346 2076 516 2115; x_wconf 90' lang='lat' dir='ltr'>nomine</span> <span class='ocrx_word' id='word_1_271' title='bbox 532 2076 894 2115; x_wconf 86' lang='lat' dir='ltr'>commendaretur</span> <span class='ocrx_word' id='word_1_272' title='bbox 918 2076 1019 2125; x_wconf 88' lang='lat' dir='ltr'>orbi,</span> <span class='ocrx_word' id='word_1_273' title='bbox 1036 2090 1058 2115; x_wconf 93' lang='lat' dir='ltr'>e</span> <span class='ocrx_word' id='word_1_274' title='bbox 1073 2077 1189 2115; x_wconf 88' lang='lat' dir='ltr'>cuius</span> <span class='ocrx_word' id='word_1_275' title='bbox 1204 2077 1362 2115; x_wconf 79' lang='lat' dir='ltr'>familia</span> <span class='ocrx_word' id='word_1_276' title='bbox 1380 2079 1443 2116; x_wconf 92' lang='lat' dir='ltr'>tot</span> <span class='ocrx_word' id='word_1_277' title='bbox 1462 2077 1694 2116; x_wconf 90' lang='lat' dir='ltr'>litterarum</span> 
     </span>
     <span class='ocr_line' id='line_1_31' title="bbox 97 2141 1694 2192; baseline 0.001 -12"><span class='ocrx_word' id='word_1_278' title='bbox 97 2154 284 2191; x_wconf 89' lang='lat' dir='ltr'>proceres</span> <span class='ocrx_word' id='word_1_279' title='bbox 307 2141 427 2180; x_wconf 90' lang='lat' dir='ltr'>nobis</span> <span class='ocrx_word' id='word_1_280' title='bbox 449 2142 730 2192; x_wconf 88' lang='lat' dir='ltr'>prodiissent:</span> <span class='ocrx_word' id='word_1_281' title='bbox 768 2142 826 2181; x_wconf 90' lang='lat' dir='ltr'>sic</span> <span class='ocrx_word' id='word_1_282' title='bbox 855 2141 970 2180; x_wconf 91' lang='lat' dir='ltr'>enim</span> <span class='ocrx_word' id='word_1_283' title='bbox 999 2142 1152 2192; x_wconf 90' lang='lat' dir='ltr'>pariter</span> <span class='ocrx_word' id='word_1_284' title='bbox 1179 2142 1265 2181; x_wconf 91' lang='lat' dir='ltr'>fore</span> <span class='ocrx_word' id='word_1_285' title='bbox 1287 2144 1332 2181; x_wconf 89' lang='lat' dir='ltr'>vt</span> <span class='ocrx_word' id='word_1_286' title='bbox 1361 2155 1411 2181; x_wconf 80' lang='lat' dir='ltr'>ex</span> <span class='ocrx_word' id='word_1_287' title='bbox 1438 2145 1526 2182; x_wconf 91' lang='lat' dir='ltr'>tam</span> <span class='ocrx_word' id='word_1_288' title='bbox 1552 2143 1694 2182; x_wconf 76' lang='lat' dir='ltr'>eximii</span> 
     </span>
     <span class='ocr_line' id='line_1_32' title="bbox 98 2206 1695 2258; baseline 0.001 -13"><span class='ocrx_word' id='word_1_289' title='bbox 98 2206 316 2245; x_wconf 87' lang='lat' dir='ltr'>Pontificis</span> <span class='ocrx_word' id='word_1_290' title='bbox 352 2207 572 2247; x_wconf 86' lang='lat' dir='ltr'>autoritate</span> <span class='ocrx_word' id='word_1_291' title='bbox 611 2207 796 2246; x_wconf 90' lang='lat' dir='ltr'>multum</span> <span class='ocrx_word' id='word_1_292' title='bbox 831 2206 1089 2258; x_wconf 89' lang='lat' dir='ltr'>Hieronymo</span> <span class='ocrx_word' id='word_1_293' title='bbox 1126 2207 1358 2258; x_wconf 88' lang='lat' dir='ltr'>splendoris</span> <span class='ocrx_word' id='word_1_294' title='bbox 1397 2221 1442 2247; x_wconf 90' lang='lat' dir='ltr'>ac</span> <span class='ocrx_word' id='word_1_295' title='bbox 1480 2208 1695 2258; x_wconf 86' lang='lat' dir='ltr'>dignitatis</span> 
     </span>
     <span class='ocr_line' id='line_1_33' title="bbox 98 2271 1694 2323; baseline 0.001 -13"><span class='ocrx_word' id='word_1_296' title='bbox 98 2271 360 2323; x_wconf 84' lang='lat' dir='ltr'>adiungatur,</span> <span class='ocrx_word' id='word_1_297' title='bbox 395 2273 436 2311; x_wconf 86' lang='lat' dir='ltr'>et</span> <span class='ocrx_word' id='word_1_298' title='bbox 464 2272 650 2312; x_wconf 85' lang='lat' dir='ltr'>vicissim</span> <span class='ocrx_word' id='word_1_299' title='bbox 678 2287 729 2312; x_wconf 83' lang='lat' dir='ltr'>ex</span> <span class='ocrx_word' id='word_1_300' title='bbox 767 2272 1088 2312; x_wconf 89' lang='lat' dir='ltr'>eminentissimi</span> <span class='ocrx_word' id='word_1_301' title='bbox 1124 2272 1304 2311; x_wconf 90' lang='lat' dir='ltr'>doctoris</span> <span class='ocrx_word' id='word_1_302' title='bbox 1341 2273 1575 2312; x_wconf 86' lang='lat' dir='ltr'>celebritate</span> <span class='ocrx_word' id='word_1_303' title='bbox 1611 2286 1694 2312; x_wconf 87' lang='lat' dir='ltr'>non</span> 
     </span>
     <span class='ocr_line' id='line_1_34' title="bbox 99 2337 1694 2388; baseline 0 -13"><span class='ocrx_word' id='word_1_304' title='bbox 99 2337 319 2377; x_wconf 88' lang='lat' dir='ltr'>mediocris</span> <span class='ocrx_word' id='word_1_305' title='bbox 342 2338 519 2377; x_wconf 88' lang='lat' dir='ltr'>accessio</span> <span class='ocrx_word' id='word_1_306' title='bbox 545 2338 618 2377; x_wconf 86' lang='lat' dir='ltr'>fiat</span> <span class='ocrx_word' id='word_1_307' title='bbox 638 2338 790 2377; x_wconf 88' lang='lat' dir='ltr'>Leonis</span> <span class='ocrx_word' id='word_1_308' title='bbox 809 2338 969 2388; x_wconf 85' lang='lat' dir='ltr'>gloriae.</span> <span class='ocrx_word' id='word_1_309' title='bbox 1030 2338 1115 2376; x_wconf 90' lang='lat' dir='ltr'>Nec</span> <span class='ocrx_word' id='word_1_310' title='bbox 1139 2338 1253 2376; x_wconf 90' lang='lat' dir='ltr'>enim</span> <span class='ocrx_word' id='word_1_311' title='bbox 1272 2338 1394 2377; x_wconf 88' lang='lat' dir='ltr'>video</span> <span class='ocrx_word' id='word_1_312' title='bbox 1414 2351 1596 2388; x_wconf 88' lang='lat' dir='ltr'>quonam</span> <span class='ocrx_word' id='word_1_313' title='bbox 1614 2338 1694 2376; x_wconf 91' lang='lat' dir='ltr'>alio</span> 
     </span>
     <span class='ocr_line' id='line_1_35' title="bbox 100 2403 1690 2453; baseline 0 -13"><span class='ocrx_word' id='word_1_314' title='bbox 100 2405 371 2442; x_wconf 89' lang='lat' dir='ltr'>monumento</span> <span class='ocrx_word' id='word_1_315' title='bbox 407 2403 542 2453; x_wconf 86' lang='lat' dir='ltr'>magis</span> <span class='ocrx_word' id='word_1_316' title='bbox 574 2404 736 2453; x_wconf 90' lang='lat' dir='ltr'>possint</span> <span class='ocrx_word' id='word_1_317' title='bbox 773 2403 890 2442; x_wconf 90' lang='lat' dir='ltr'>illius</span> <span class='ocrx_word' id='word_1_318' title='bbox 927 2404 1069 2442; x_wconf 89' lang='lat' dir='ltr'>decora</span> <span class='ocrx_word' id='word_1_319' title='bbox 1108 2403 1414 2442; x_wconf 90' lang='lat' dir='ltr'>immortalitati</span> <span class='ocrx_word' id='word_1_320' title='bbox 1453 2403 1690 2441; x_wconf 84' lang='lat' dir='ltr'>consecrari.</span> 
     </span>
     <span class='ocr_line' id='line_1_36' title="bbox 101 2466 1696 2518; baseline 0 -14"><span class='ocrx_word' id='word_1_321' title='bbox 101 2466 214 2505; x_wconf 90' lang='lat' dir='ltr'>Huic</span> <span class='ocrx_word' id='word_1_322' title='bbox 249 2467 378 2516; x_wconf 89' lang='lat' dir='ltr'>igitur</span> <span class='ocrx_word' id='word_1_323' title='bbox 414 2471 606 2507; x_wconf 90' lang='lat' dir='ltr'>renatum</span> <span class='ocrx_word' id='word_1_324' title='bbox 649 2468 958 2518; x_wconf 84' lang='lat' dir='ltr'>Hieronymum</span> <span class='ocrx_word' id='word_1_325' title='bbox 1003 2468 1343 2513; x_wconf 88' lang='lat' dir='ltr'>consecrabimus,</span> <span class='ocrx_word' id='word_1_326' title='bbox 1382 2468 1622 2518; x_wconf 87' lang='lat' dir='ltr'>praesertim</span> <span class='ocrx_word' id='word_1_327' title='bbox 1660 2467 1696 2505; x_wconf 92' lang='lat' dir='ltr'>si</span> 
     </span>
     <span class='ocr_line' id='line_1_37' title="bbox 102 2532 1696 2583; baseline 0.001 -14"><span class='ocrx_word' id='word_1_328' title='bbox 102 2533 242 2570; x_wconf 89' lang='lat' dir='ltr'>nostro</span> <span class='ocrx_word' id='word_1_329' title='bbox 260 2533 410 2571; x_wconf 91' lang='lat' dir='ltr'>iudicio</span> <span class='ocrx_word' id='word_1_330' title='bbox 429 2535 527 2572; x_wconf 91' lang='lat' dir='ltr'>tuus</span> <span class='ocrx_word' id='word_1_331' title='bbox 551 2534 713 2572; x_wconf 87' lang='lat' dir='ltr'>accedet</span> <span class='ocrx_word' id='word_1_332' title='bbox 742 2533 933 2572; x_wconf 89' lang='lat' dir='ltr'>calculus.</span> <span class='ocrx_word' id='word_1_333' title='bbox 994 2533 1101 2572; x_wconf 88' lang='lat' dir='ltr'>Nam</span> <span class='ocrx_word' id='word_1_334' title='bbox 1123 2533 1275 2583; x_wconf 86' lang='lat' dir='ltr'>alioqui</span> <span class='ocrx_word' id='word_1_335' title='bbox 1292 2532 1590 2583; x_wconf 88' lang='lat' dir='ltr'>propemodum</span> <span class='ocrx_word' id='word_1_336' title='bbox 1610 2535 1696 2571; x_wconf 87' lang='lat' dir='ltr'>erat</span> 
     </span>
     <span class='ocr_line' id='line_1_38' title="bbox 103 2596 1695 2647; baseline 0 -13"><span class='ocrx_word' id='word_1_337' title='bbox 103 2596 314 2635; x_wconf 87' lang='lat' dir='ltr'>decretum</span> <span class='ocrx_word' id='word_1_338' title='bbox 334 2597 468 2636; x_wconf 87' lang='lat' dir='ltr'>dicare</span> <span class='ocrx_word' id='word_1_339' title='bbox 498 2598 689 2637; x_wconf 90' lang='lat' dir='ltr'>Praesuli</span> <span class='ocrx_word' id='word_1_340' title='bbox 717 2597 1018 2647; x_wconf 86' lang='lat' dir='ltr'>Cantuariensi,</span> <span class='ocrx_word' id='word_1_341' title='bbox 1042 2598 1108 2636; x_wconf 91' lang='lat' dir='ltr'>cui</span> <span class='ocrx_word' id='word_1_342' title='bbox 1134 2598 1331 2637; x_wconf 87' lang='lat' dir='ltr'>debemus</span> <span class='ocrx_word' id='word_1_343' title='bbox 1357 2597 1505 2636; x_wconf 88' lang='lat' dir='ltr'>omnia.</span> <span class='ocrx_word' id='word_1_344' title='bbox 1566 2597 1695 2645; x_wconf 81' lang='lat' dir='ltr'>Quan-</span> 
     </span>
     <span class='ocr_line' id='line_1_39' title="bbox 103 2660 1695 2713; baseline 0.001 -15"><span class='ocrx_word' id='word_1_345' title='bbox 103 2674 228 2711; x_wconf 90' lang='lat' dir='ltr'>quam</span> <span class='ocrx_word' id='word_1_346' title='bbox 257 2660 293 2699; x_wconf 90' lang='lat' dir='ltr'>is</span> <span class='ocrx_word' id='word_1_347' title='bbox 321 2674 481 2712; x_wconf 90' lang='lat' dir='ltr'>quoque</span> <span class='ocrx_word' id='word_1_348' title='bbox 510 2663 655 2702; x_wconf 88' lang='lat' dir='ltr'>lubens</span> <span class='ocrx_word' id='word_1_349' title='bbox 683 2676 729 2701; x_wconf 91' lang='lat' dir='ltr'>ac</span> <span class='ocrx_word' id='word_1_350' title='bbox 757 2663 903 2702; x_wconf 90' lang='lat' dir='ltr'>volens</span> <span class='ocrx_word' id='word_1_351' title='bbox 925 2663 1002 2702; x_wconf 92' lang='lat' dir='ltr'>hoc</span> <span class='ocrx_word' id='word_1_352' title='bbox 1026 2662 1218 2713; x_wconf 88' lang='lat' dir='ltr'>quicquid</span> <span class='ocrx_word' id='word_1_353' title='bbox 1248 2664 1310 2700; x_wconf 91' lang='lat' dir='ltr'>est</span> <span class='ocrx_word' id='word_1_354' title='bbox 1337 2662 1489 2711; x_wconf 85' lang='lat' dir='ltr'>gloriae</span> <span class='ocrx_word' id='word_1_355' title='bbox 1509 2662 1695 2701; x_wconf 88' lang='lat' dir='ltr'>Romano</span> 
     </span>
    </p>
   </div>
   <div class='ocr_carea' id='block_1_3' title="bbox 489 2764 1304 2804">
    <p class='ocr_par' dir='ltr' id='par_1_4' title="bbox 489 2764 1304 2804">
     <span class='ocr_line' id='line_1_40' title="bbox 489 2764 1304 2804; baseline 0 -10"><span class='ocrx_word' id='word_1_356' title='bbox 489 2773 560 2802; x_wconf 87' lang='lat'>150.</span> <span class='ocrx_word' id='word_1_357' title='bbox 586 2774 629 2795; x_wconf 84' lang='lat' dir='ltr'>ex</span> <span class='ocrx_word' id='word_1_358' title='bbox 645 2774 703 2796; x_wconf 83' lang='lat' dir='ltr'>om.</span> <span class='ocrx_word' id='word_1_359' title='bbox 719 2767 760 2795; x_wconf 90' lang='lat' dir='ltr'>N.</span> <span class='ocrx_word' id='word_1_360' title='bbox 900 2774 971 2804; x_wconf 88' lang='lat'>157.</span> <span class='ocrx_word' id='word_1_361' title='bbox 996 2764 1158 2796; x_wconf 85' lang='lat' dir='ltr'>Praesuli</span> <span class='ocrx_word' id='word_1_362' title='bbox 1175 2767 1246 2795; x_wconf 69' lang='lat' dir='ltr'>aad.</span> <span class='ocrx_word' id='word_1_363' title='bbox 1262 2767 1304 2794; x_wconf 86' lang='lat' dir='ltr'>H.</span> 
     </span>
    </p>
   </div>
   <div class='ocr_carea' id='block_1_4' title="bbox 236 2831 450 2835">
    <p class='ocr_par' dir='ltr' id='par_1_5' title="bbox 236 2831 450 2835">
     <span class='ocr_line' id='line_1_41' title="bbox 236 2831 450 2835; baseline 0 0"><span class='ocrx_word' id='word_1_364' title='bbox 236 2831 450 2835; x_wconf 95' lang='lat' dir='ltr'> </span> 
     </span>
    </p>
   </div>
   <div class='ocr_carea' id='block_1_5' title="bbox 106 2861 1695 3033">
    <p class='ocr_par' dir='ltr' id='par_1_6' title="bbox 106 2861 1695 3033">
     <span class='ocr_line' id='line_1_42' title="bbox 151 2861 1695 2903; baseline 0.002 -11"><span class='ocrx_word' id='word_1_365' title='bbox 151 2872 221 2894; x_wconf 82' lang='lat'>121.</span> <span class='ocrx_word' id='word_1_366' title='bbox 232 2862 474 2903; x_wconf 84' lang='lat' dir='ltr'>commodum]</span> <span class='ocrx_word' id='word_1_367' title='bbox 487 2863 653 2893; x_wconf 83' lang='lat' dir='ltr'>Erasmus</span> <span class='ocrx_word' id='word_1_368' title='bbox 663 2865 866 2902; x_wconf 83' lang='lat' dir='ltr'>represents</span> <span class='ocrx_word' id='word_1_369' title='bbox 936 2862 1052 2900; x_wconf 80' lang='lat' dir='ltr'>Basle,</span> <span class='ocrx_word' id='word_1_370' title='bbox 1086 2861 1140 2893; x_wconf 90' lang='lat' dir='ltr'>for</span> <span class='ocrx_word' id='word_1_371' title='bbox 1171 2871 1268 2892; x_wconf 88' lang='lat' dir='ltr'>some</span> <span class='ocrx_word' id='word_1_372' title='bbox 1294 2863 1381 2893; x_wconf 88' lang='lat' dir='ltr'>time</span> <span class='ocrx_word' id='word_1_373' title='bbox 1407 2863 1524 2894; x_wconf 86' lang='lat' dir='ltr'>before</span> <span class='ocrx_word' id='word_1_374' title='bbox 1554 2864 1599 2894; x_wconf 92' lang='lat' dir='ltr'>he</span> <span class='ocrx_word' id='word_1_375' title='bbox 1631 2865 1695 2895; x_wconf 82' lang='lat' dir='ltr'>left</span> 
     </span>
     <span class='ocr_line' id='line_1_43' title="bbox 107 2905 1691 2946; baseline 0.001 -9"><span class='ocrx_word' id='word_1_376' title='bbox 107 2905 181 2937; x_wconf 83' lang='lat' dir='ltr'>this</span> <span class='ocrx_word' id='word_1_377' title='bbox 196 2908 354 2946; x_wconf 86' lang='lat' dir='ltr'>meeting</span> <span class='ocrx_word' id='word_1_378' title='bbox 370 2916 408 2937; x_wconf 89' lang='lat' dir='ltr'>as</span> <span class='ocrx_word' id='word_1_379' title='bbox 425 2906 627 2937; x_wconf 87' lang='lat' dir='ltr'>fortuitous.</span> <span class='ocrx_word' id='word_1_380' title='bbox 674 2906 746 2936; x_wconf 88' lang='lat' dir='ltr'>But</span> <span class='ocrx_word' id='word_1_381' title='bbox 763 2906 866 2936; x_wconf 84' lang='lat' dir='ltr'>there</span> <span class='ocrx_word' id='word_1_382' title='bbox 937 2905 1102 2945; x_wconf 84' lang='lat' dir='ltr'>England</span> <span class='ocrx_word' id='word_1_383' title='bbox 1126 2906 1165 2935; x_wconf 91' lang='lat' dir='ltr'>in</span> <span class='ocrx_word' id='word_1_384' title='bbox 1192 2914 1296 2944; x_wconf 84' lang='lat'>15143</span> <span class='ocrx_word' id='word_1_385' title='bbox 1320 2905 1363 2936; x_wconf 88' lang='lat' dir='ltr'>cf.</span> <span class='ocrx_word' id='word_1_386' title='bbox 1388 2907 1474 2946; x_wconf 91' lang='lat' dir='ltr'>Epp.</span> <span class='ocrx_word' id='word_1_387' title='bbox 1501 2907 1574 2945; x_wconf 88' lang='lat'>263.</span> <span class='ocrx_word' id='word_1_388' title='bbox 1601 2908 1641 2938; x_wconf 88' lang='lat'>28</span> <span class='ocrx_word' id='word_1_389' title='bbox 1658 2917 1691 2938; x_wconf 89' lang='lat' dir='ltr'>n.</span> 
     </span>
     <span class='ocr_line' id='line_1_44' title="bbox 106 2948 1230 2990; baseline 0 -11"><span class='ocrx_word' id='word_1_390' title='bbox 106 2950 137 2980; x_wconf 91' lang='lat' dir='ltr'>is</span> <span class='ocrx_word' id='word_1_391' title='bbox 149 2959 274 2981; x_wconf 82' lang='lat' dir='ltr'>reason</span> <span class='ocrx_word' id='word_1_392' title='bbox 292 2952 331 2980; x_wconf 86' lang='lat' dir='ltr'>to</span> <span class='ocrx_word' id='word_1_393' title='bbox 347 2959 496 2990; x_wconf 81' lang='lat' dir='ltr'>suppose</span> <span class='ocrx_word' id='word_1_394' title='bbox 516 2950 595 2980; x_wconf 83' lang='lat' dir='ltr'>that</span> <span class='ocrx_word' id='word_1_395' title='bbox 612 2950 657 2979; x_wconf 91' lang='lat' dir='ltr'>he</span> <span class='ocrx_word' id='word_1_396' title='bbox 668 2958 740 2979; x_wconf 85' lang='lat' dir='ltr'>was</span> <span class='ocrx_word' id='word_1_397' title='bbox 753 2959 868 2979; x_wconf 67' lang='lat' dir='ltr'>awai-e</span> <span class='ocrx_word' id='word_1_398' title='bbox 936 2948 1008 2979; x_wconf 91' lang='lat' dir='ltr'>and</span> <span class='ocrx_word' id='word_1_399' title='bbox 1025 2949 1099 2988; x_wconf 81' lang='lat'><em>283,</em></span> <span class='ocrx_word' id='word_1_400' title='bbox 1119 2950 1179 2979; x_wconf 85' lang='lat'>162</span> <span class='ocrx_word' id='word_1_401' title='bbox 1195 2958 1230 2979; x_wconf 89' lang='lat' dir='ltr'>n.</span> 
     </span>
     <span class='ocr_line' id='line_1_45' title="bbox 108 2991 1576 3033; baseline 0.001 -10"><span class='ocrx_word' id='word_1_402' title='bbox 108 2993 146 3023; x_wconf 79' lang='lat' dir='ltr'>of</span> <span class='ocrx_word' id='word_1_403' title='bbox 159 2993 222 3024; x_wconf 88' lang='lat' dir='ltr'>the</span> <span class='ocrx_word' id='word_1_404' title='bbox 238 2993 377 3025; x_wconf 86' lang='lat' dir='ltr'>edition</span> <span class='ocrx_word' id='word_1_405' title='bbox 394 2993 433 3025; x_wconf 88' lang='lat' dir='ltr'>of</span> <span class='ocrx_word' id='word_1_406' title='bbox 444 2993 584 3024; x_wconf 85' lang='lat' dir='ltr'>Jerome</span> <span class='ocrx_word' id='word_1_407' title='bbox 602 2993 641 3023; x_wconf 91' lang='lat' dir='ltr'>in</span> <span class='ocrx_word' id='word_1_408' title='bbox 656 3001 818 3032; x_wconf 89' lang='lat' dir='ltr'>progress</span> <span class='ocrx_word' id='word_1_409' title='bbox 831 2995 868 3024; x_wconf 84' lang='lat' dir='ltr'>at</span> <span class='ocrx_word' id='word_1_410' title='bbox 983 3002 1055 3031; x_wconf 82' lang='lat'>127.</span> <span class='ocrx_word' id='word_1_411' title='bbox 1071 2991 1218 3033; x_wconf 87' lang='lat' dir='ltr'>Theseo]</span> <span class='ocrx_word' id='word_1_412' title='bbox 1244 2992 1295 3024; x_wconf 87' lang='lat' dir='ltr'>Cf.</span> <span class='ocrx_word' id='word_1_413' title='bbox 1316 2992 1377 3033; x_wconf 91' lang='lat' dir='ltr'>Ep.</span> <span class='ocrx_word' id='word_1_414' title='bbox 1395 3003 1470 3032; x_wconf 79' lang='lat'>324.</span> <span class='ocrx_word' id='word_1_415' title='bbox 1488 3003 1527 3032; x_wconf 87' lang='lat'>31</span> <span class='ocrx_word' id='word_1_416' title='bbox 1543 3004 1576 3024; x_wconf 88' lang='lat' dir='ltr'>n.</span> 
     </span>
    </p>
   </div>
   <div class='ocr_carea' id='block_1_6' title="bbox 1710 527 1767 559">
    <p class='ocr_par' dir='ltr' id='par_1_7' title="bbox 1710 527 1767 559">
     <span class='ocr_line' id='line_1_46' title="bbox 1710 527 1767 559; baseline 0 -10"><span class='ocrx_word' id='word_1_417' title='bbox 1710 527 1767 559; x_wconf 83' lang='lat'>125</span> 
     </span>
    </p>
   </div>
   <div class='ocr_carea' id='block_1_7' title="bbox 1711 855 1770 886">
    <p class='ocr_par' dir='ltr' id='par_1_8' title="bbox 1711 855 1770 886">
     <span class='ocr_line' id='line_1_47' title="bbox 1711 855 1770 886; baseline 0 -10"><span class='ocrx_word' id='word_1_418' title='bbox 1711 855 1770 886; x_wconf 82' lang='lat'>130</span> 
     </span>
    </p>
   </div>
   <div class='ocr_carea' id='block_1_8' title="bbox 1713 1183 1770 1215">
    <p class='ocr_par' dir='ltr' id='par_1_9' title="bbox 1713 1183 1770 1215">
     <span class='ocr_line' id='line_1_48' title="bbox 1713 1183 1770 1215; baseline 0.018 -1"><span class='ocrx_word' id='word_1_419' title='bbox 1713 1183 1770 1215; x_wconf 82' lang='lat'>135</span> 
     </span>
    </p>
   </div>
   <div class='ocr_carea' id='block_1_9' title="bbox 1715 1509 1773 1540">
    <p class='ocr_par' dir='ltr' id='par_1_10' title="bbox 1715 1509 1773 1540">
     <span class='ocr_line' id='line_1_49' title="bbox 1715 1509 1773 1540; baseline 0.017 -10"><span class='ocrx_word' id='word_1_420' title='bbox 1715 1509 1773 1540; x_wconf 88' lang='lat'>140</span> 
     </span>
    </p>
   </div>
   <div class='ocr_carea' id='block_1_10' title="bbox 1716 1834 1773 1865">
    <p class='ocr_par' dir='ltr' id='par_1_11' title="bbox 1716 1834 1773 1865">
     <span class='ocr_line' id='line_1_50' title="bbox 1716 1834 1773 1865; baseline 0 0"><span class='ocrx_word' id='word_1_421' title='bbox 1716 1834 1773 1865; x_wconf 85' lang='lat'>145</span> 
     </span>
    </p>
   </div>
   <div class='ocr_carea' id='block_1_11' title="bbox 1716 2158 1776 2190">
    <p class='ocr_par' dir='ltr' id='par_1_12' title="bbox 1716 2158 1776 2190">
     <span class='ocr_line' id='line_1_51' title="bbox 1716 2158 1776 2190; baseline 0 -10"><span class='ocrx_word' id='word_1_422' title='bbox 1716 2158 1776 2190; x_wconf 77' lang='lat'>150</span> 
     </span>
    </p>
   </div>
   <div class='ocr_carea' id='block_1_12' title="bbox 1716 2485 1774 2516">
    <p class='ocr_par' dir='ltr' id='par_1_13' title="bbox 1716 2485 1774 2516">
     <span class='ocr_line' id='line_1_52' title="bbox 1716 2485 1774 2516; baseline 0 0"><span class='ocrx_word' id='word_1_423' title='bbox 1716 2485 1774 2516; x_wconf 84' lang='lat'>155</span> 
     </span>
    </p>
   </div>
  </div>
 </body>
</html>
