2073 3464
328 190 377 226 16
784 188 1032 227 LETTERS
1071 188 1141 226 OF
1180 187 1442 227 ERASMUS
1785 188 1822 243 [1
1831 201 1852 239 5
1862 204 1876 228 1
1885 206 1906 238 4

380 297 519 337 Habes
549 297 766 347 epistolam
799 299 840 335 et
870 296 1072 346 prolixam
1106 297 1146 334 et
1176 296 1373 346 ineptam,
1398 297 1469 335 sed
1503 310 1605 346 quae
1638 298 1715 336 tibi
1746 299 1908 349 ingrata

325 376 412 402 esse
441 376 526 401 non
554 363 702 412 potest,
731 363 871 411 vtpote
899 361 950 399 ab
978 361 1043 398 tui
1070 360 1355 399 amantissimo
1384 361 1575 410 profecta.
1631 362 1906 403 Theodericus

324 427 564 466 Alustensis
599 425 932 476 chalcographus,
974 425 1045 474 qui
1089 424 1354 463 Enchiridion
1395 427 1437 464 et
1476 425 1802 476 Panaegyricum
1839 429 1911 466 im-

248 507 307 538 150
325 492 481 541 pressit,
505 491 637 529 orauit
670 503 737 528 me
770 489 832 529 vti
863 503 906 528 se
939 489 1272 529 commendarem
1300 491 1396 528 tuae
1424 490 1686 531 humanitati.
1743 492 1911 542 Cupiuit

324 557 554 606 plurimum
573 555 713 595 videre
733 556 783 603 te,
806 554 963 604 cupiuit
989 554 1173 604 hospicio
1200 556 1374 594 comiter
1398 569 1443 594 ac
1469 555 1694 595 liberaliter
1713 557 1910 607 excipere,

323 624 364 660 et
396 635 441 659 ea
474 621 524 659 de
556 633 676 659 causa
708 620 992 670 Antwerpiam
1026 620 1243 670 profectus,
1265 622 1312 659 vt
1346 620 1514 660 resciuit
1542 623 1583 660 te
1613 635 1696 660 non
1724 621 1811 660 illic
1839 624 1909 662 sed

324 686 498 725 Louanii
516 698 615 733 esse,
638 685 733 723 ilico
752 685 925 724 recurrit
944 698 988 724 ac
1008 687 1138 725 totam
1161 685 1380 724 ambulans
1400 688 1564 726 noctem
1583 687 1697 725 venit
1715 689 1910 738 postridie

324 751 556 790 Louanium
575 750 815 800 sesquihora
832 750 960 789 ferme
980 752 1198 801 postquam
1218 750 1428 790 abiuisses.
1487 751 1531 790 Si
1552 765 1632 802 qua
1650 752 1695 791 in
1714 765 1758 791 re
1777 755 1912 803 potest

246 831 304 863 155
324 817 399 856 tibi
418 816 652 867 gratificari,
674 816 813 854 omnia
839 815 1067 866 pollicetur,
1091 818 1133 854 et
1158 816 1269 855 haud
1293 816 1376 855 scio
1402 830 1456 856 an
1481 817 1670 856 omnium
1688 818 1908 858 hominum

323 885 439 923 viuat
475 883 600 922 homo
638 882 700 920 tui
736 882 952 921 amantior.
1012 882 1211 920 Catonem
1252 881 1327 920 abs
1363 883 1403 920 te
1442 883 1688 933 castigatum
1725 884 1908 935 mihique

324 949 525 989 creditum
554 947 750 996 castigate
777 947 996 997 impressit,
1026 959 1093 984 me
1122 948 1349 985 erratorum
1378 946 1552 987 vindice.
1612 948 1716 987 Eam
1745 962 1909 999 operam

323 1014 521 1064 magistro
568 1011 719 1050 Ioanni
764 1011 905 1060 Neuio,
945 1012 1204 1050 Lilianorum
1247 1012 1593 1061 gymnasiarchae,
1636 1013 1698 1052 vti
1740 1014 1907 1057 iussisti.

324 1079 482 1127 dicaui3
515 1078 587 1128 qui
610 1079 649 1115 te
679 1077 730 1115 ob
752 1076 829 1115 hoc
857 1077 1103 1115 beneficium
1123 1076 1182 1116 ita
1210 1077 1506 1126 complectitur,
1530 1080 1576 1117 vt
1599 1091 1699 1128 qum
1724 1079 1906 1128 redieris,

248 1153 307 1183 160
324 1146 381 1184 sis
399 1142 683 1195 profusissime
713 1155 919 1180 sensurus.
980 1142 1024 1180 Si
1052 1142 1234 1192 aliquam
1263 1144 1429 1181 tuarum
1458 1142 1715 1182 aeditionum
1741 1144 1908 1183 domino

323 1209 558 1259 Meynardo,
590 1206 730 1246 abbati
757 1207 1039 1256 Egmondano,
1073 1207 1274 1246 Mecenati
1302 1220 1405 1256 meo,
1439 1207 1652 1257 dicaueris,
1684 1211 1792 1248 certo
1824 1210 1909 1249 seio

324 1274 607 1326 gratissimum
627 1272 689 1310 illi
707 1272 897 1311 futurum
912 1274 951 1311 et
967 1272 1210 1311 beneficium
1226 1272 1336 1311 haud
1351 1273 1609 1312 illiberaliter
1627 1276 1907 1324 pensaturum.

325 1340 441 1390 Quod
461 1341 508 1379 vt
526 1338 662 1386 facias,
685 1339 726 1376 te
740 1337 869 1376 eciam
889 1340 1010 1388 atque
1031 1337 1158 1376 eciam
1177 1351 1258 1377 oro.
1302 1338 1540 1377 Hollandus
1559 1341 1620 1377 est
1641 1341 1681 1377 et
1700 1339 1911 1390 religionis

325 1404 597 1444 Hollandicae
615 1403 782 1453 primas,
805 1402 872 1442 vir
897 1403 1042 1441 doctus
1068 1403 1247 1452 quidem,
1269 1404 1339 1442 sed
1366 1402 1595 1453 religiosior
1620 1406 1760 1443 tamen
1786 1417 1910 1455 quam

247 1478 305 1520 165
323 1471 493 1518 doctior,
514 1468 679 1507 tametsi
708 1468 849 1506 doctos
879 1481 1023 1507 omnes
1052 1481 1137 1506 non
1164 1468 1426 1507 mediocriter
1453 1470 1576 1516 amet,
1598 1470 1640 1507 et
1663 1469 1733 1519 qui
1762 1469 1849 1518 tibi,
1873 1471 1908 1508 si

323 1549 398 1575 vsu
419 1535 571 1582 veniat,
595 1533 743 1571 multis
761 1532 805 1570 in
826 1532 949 1571 rebus
966 1533 1097 1583 possit
1117 1546 1204 1571 esse
1223 1532 1389 1572 auxilio.
1674 1537 1677 1538 ⁷

379 1601 493 1638 Bene
512 1600 612 1645 vale,
632 1598 868 1637 doctissime
887 1597 1072 1647 mihique
1091 1597 1225 1636 multo
1245 1598 1484 1636 charissime
1504 1598 1687 1638 Erasme.
1722 1599 1911 1639 Louanii.

371 1707 439 1736 147.
467 1698 502 1727 et
519 1696 695 1736 prolixam
712 1698 746 1727 et
763 1707 782 1725 α
797 1708 804 1727 :
827 1696 1000 1735 prolixam
1019 1706 1057 1726 ac
1073 1697 1130 1736 ΒὙ.
1222 1696 1293 1734 148.
1317 1697 1471 1735 profecto
1487 1708 1520 1736 γ.

323 1740 602 1780 chalcographus
619 1751 639 1769 α
654 1751 660 1770 2
686 1740 863 1770 Martinus
878 1739 1094 1780 Alustensis,
1115 1739 1390 1779 calchographus
1406 1741 1524 1770 noster
1539 1741 1595 1779 βγ.

323 1784 490 1814 mendem
505 1785 563 1823 βγ.
658 1792 727 1822 151.
750 1784 900 1814 comiter
916 1793 955 1813 ac
971 1793 1028 1814 om.
1043 1784 1100 1823 [37.
1194 1792 1265 1821 152.
1291 1794 1310 1812 α
1326 1794 1333 1813 :
1355 1783 1593 1823 Antuerpiam
1608 1781 1646 1817 B²
1662 1794 1668 1814 :
1692 1784 1911 1823 Anuerpiam

323 1827 394 1868 [3¹7.
532 1836 603 1866 159.
630 1827 672 1857 ob
689 1828 752 1859 ass:
777 1828 816 1857 vt
831 1837 864 1866 γ.
1000 1827 1072 1857 160.
1097 1826 1342 1866 profusissime
1359 1838 1379 1856 α
1395 1838 1402 1856 :
1426 1826 1619 1866 aliquando
1636 1828 1690 1866 βγ.
1794 1827 1831 1857 Si
1846 1851 1853 1858 .
1874 1852 1882 1859 .
1900 1852 1907 1858 .

327 1872 398 1903 161.
424 1871 596 1901 Mecenati
618 1882 639 1900 α
654 1881 660 1900 :
691 1870 903 1901 Editionum
923 1872 1068 1901 tuarum
1085 1870 1114 1900 si
1131 1870 1289 1908 aliquam
1307 1870 1452 1900 domino
1468 1870 1599 1901 Abbati
1617 1870 1910 1901 Haeemundensi

323 1917 471 1954 patrono
486 1915 544 1954 βγ.
652 1915 722 1944 161.
750 1916 845 1944 certo
861 1924 918 1944 om.
935 1915 994 1955 βγ.
1101 1914 1171 1952 163.
1195 1913 1381 1953 religionis
1398 1937 1404 1944 .
1423 1937 1431 1945 .
1453 1937 1460 1945 .
1479 1914 1613 1954 primas
1629 1921 1671 1944 a:
1695 1913 1909 1945 Hollandiae

324 1960 465 1988 nostrae
480 1959 614 1997 primas
629 1957 812 1997 religionis
827 1959 883 1996 [37.
993 1958 1063 1988 166.
1091 1957 1229 1987 Nomen
1246 1958 1322 1988 eius
1339 1958 1391 1988 est
1409 1957 1600 1988 Menardus
1616 1957 1683 1989 Vir
1694 1960 1763 1994 post
1777 1957 1910 1988 auxilio

324 2004 396 2032 add.
413 2002 471 2041 βγ.
609 2002 678 2039 167.
706 2001 804 2031 Bene
819 2011 877 2031 om.
895 2001 951 2039 βγ.
1086 2000 1236 2031 Louanii
1252 2011 1311 2032 om.
1329 2001 1385 2040 βγ.

1615 1706 1684 1735 149.
1707 1696 1910 1728 Alustensis

1722 1749 1793 1779 150.
1819 1750 1909 1771 com-

371 2110 440 2139 152.
458 2110 529 2131 non
542 2099 634 2140 illic]
653 2099 821 2130 Erasmus
834 2099 904 2130 had
915 2099 1083 2139 diverged

326 2147 361 2175 to
378 2145 516 2184 Bel-gen
543 2143 621 2184 (Ep.
639 2143 728 2184 301).
776 2142 845 2174 His
861 2143 966 2173 visits
982 2143 1082 2173 there

322 2187 393 2219 and
416 2190 453 2219 at
475 2187 634 2218 Louvain
657 2188 755 2217 must
777 2187 867 2217 have
888 2186 977 2217 been
998 2195 1084 2226 very

323 2232 434 2269 brief;
458 2231 501 2262 cf.
518 2231 556 2264 ll.
575 2240 603 2270 7,
623 2231 643 2261 8
659 2240 765 2267 supra.

371 2276 441 2313 156.
466 2272 656 2313 Catonem]
681 2272 734 2304 Cf.
750 2273 814 2312 Ep.
832 2273 905 2312 298.

370 2319 439 2348 161.
459 2317 668 2358 Meynardo]
681 2317 800 2356 Meyn.
811 2317 922 2347 Mann
935 2315 972 2356 (†
983 2315 1079 2355 1526)

323 2362 362 2392 of
373 2361 547 2400 Wormer,
567 2361 600 2391 S.
621 2360 659 2390 of
671 2360 816 2390 Alcmar
830 2371 839 2399 3
863 2360 949 2398 36th
965 2360 1082 2390 Abbot

323 2406 361 2435 of
373 2404 546 2445 Egmond,
558 2404 612 2435 W.
632 2404 669 2433 of
682 2403 840 2435 Alcmar.
878 2404 934 2434 He
950 2403 1082 2434 rebuilt

322 2449 385 2479 the
401 2449 524 2487 Abbey
534 2447 626 2478 after
637 2447 684 2477 its
699 2447 920 2477 destruction
934 2447 972 2476 in
983 2456 1002 2477 a
1018 2446 1082 2477 fire

322 2492 442 2523 which
460 2491 587 2522 caused
609 2490 672 2521 the
695 2489 801 2520 death
824 2490 863 2520 of
882 2490 939 2520 his
959 2490 1082 2530 prede-

322 2545 445 2574 cessor,
464 2545 506 2574 30
521 2535 594 2565 Oct.
616 2543 718 2573 1509;
745 2543 801 2564 see
817 2543 888 2564 van
905 2533 1079 2572 Heussen,

321 2582 457 2610 Balavia
478 2588 578 2617 sacra,
600 2587 690 2616 1714,
707 2577 744 2607 ii.
768 2586 843 2615 430.
890 2576 987 2616 Dorp
1010 2587 1083 2607 was

323 2621 496 2653 indebted
512 2624 548 2652 to
564 2621 641 2651 him
658 2622 712 2651 for
726 2630 746 2651 a
763 2619 916 2650 benefice
932 2620 1003 2661 (see
1019 2620 1081 2651 the

324 2666 458 2704 preface
471 2667 507 2696 to
522 2665 579 2695 his
604 2666 704 2695 Oratio
721 2667 756 2694 cle
778 2666 925 2694 laudibus
946 2666 1083 2700 discipli-

323 2719 446 2748 narum,
473 2709 643 2746 Louvain,
666 2707 729 2737 Th.
758 2707 926 2745 Martens,
950 2717 988 2745 14
1005 2708 1078 2738 Oct.

327 2761 418 2791 1513,
450 2751 637 2783 dedicated
661 2753 698 2782 to
722 2749 847 2790 Manu)
864 2761 872 2789 3
905 2750 975 2781 and
1006 2750 1081 2781 also

1151 2099 1340 2129 addressed
1364 2101 1399 2129 to
1425 2099 1503 2129 him
1525 2109 1545 2130 a
1569 2098 1674 2130 letter
1698 2098 1817 2129 which
1842 2108 1912 2129 was

1150 2143 1296 2182 printed
1321 2143 1359 2172 in
1376 2142 1438 2172 the
1462 2142 1539 2172 first
1555 2142 1691 2172 edition
1715 2142 1754 2172 of
1773 2143 1910 2173 Adrian

1151 2186 1188 2216 of
1215 2185 1396 2216 Utrecht's
1419 2188 1627 2222 monumenta,
1652 2185 1824 2224 Louvain,
1845 2185 1908 2216 Th.

1152 2229 1319 2268 Martens,
1337 2229 1461 2260 March
1488 2237 1580 2268 1515,
1597 2229 1660 2259 but
1682 2230 1746 2259 not
1767 2229 1805 2258 in
1822 2228 1911 2259 later

1151 2273 1318 2303 editions.
1352 2272 1455 2303 Corn.
1471 2271 1603 2302 Gerard
1615 2271 1694 2312 (Ep.
1713 2281 1749 2310 17
1761 2271 1910 2312 introd.)

1150 2317 1284 2356 praises
1299 2316 1376 2346 him
1393 2317 1430 2346 at
1447 2316 1572 2355 length
1588 2315 1625 2346 in
1643 2318 1792 2354 Batauia,
1815 2316 1907 2354 1586,

1149 2369 1182 2399 p.
1217 2369 1263 2398 17,
1291 2359 1345 2390 for
1375 2359 1434 2390 his
1460 2359 1691 2398 antiquarian
1717 2359 1909 2396 interests;

1149 2403 1220 2433 and
1236 2403 1331 2433 John
1349 2402 1516 2434 Murmell
1533 2402 1570 2433 of
1589 2402 1789 2433 Roermond
1812 2401 1909 2432 dedi-

1149 2446 1249 2477 cated
1265 2448 1300 2477 to
1312 2447 1391 2477 him
1406 2446 1464 2476 his
1477 2448 1641 2485 Charoleia,
1657 2445 1828 2483 Louvain,
1843 2445 1907 2476 Th.

1151 2490 1321 2528 Mal-tens,
1351 2500 1374 2519 3.
1387 2500 1432 2529 cz„
1464 2490 1555 2520 with
1586 2499 1605 2520 a
1635 2488 1773 2529 preface
1803 2488 1910 2520 dated

1150 2544 1191 2572 24
1207 2533 1310 2572 April
1330 2542 1422 2572 1515.

1192 2577 1360 2607 Erasmus
1373 2576 1435 2606 did
1452 2577 1514 2606 not
1530 2576 1585 2606 act
1594 2585 1690 2615 upon
1700 2575 1761 2606 the
1774 2585 1909 2615 sugges-

1149 2621 1227 2650 tion
1248 2620 1350 2650 made
1373 2619 1480 2656 here;
1511 2620 1574 2649 but
1597 2620 1776 2650 mentions
1799 2618 1906 2650 Manu

1149 2664 1239 2694 with
1254 2664 1370 2702 praise
1389 2663 1427 2692 in
1444 2661 1650 2702 dedicating
1665 2662 1861 2693 Eucherius
1873 2663 1909 2692 to

1148 2706 1260 2737 Alard
1287 2706 1326 2737 of
1349 2706 1577 2736 Amsterdam
1608 2706 1685 2747 (Ep.
1711 2706 1803 2747 433),
1828 2705 1908 2736 who

1148 2759 1220 2781 was
1235 2748 1374 2782 Mann's
1390 2749 1573 2781 kinsman.
