2010 3417
176 136 274 191 347]
667 137 820 179 rRoM
857 137 1082 177 MARTIN
1119 137 1271 178 DoRP
1688 139 1765 176 135

173 248 397 299 magistris,
436 248 613 299 ipsemet
655 248 852 299 percipiat
890 261 1131 299 quecunque
1177 249 1222 287 in
1270 248 1482 287 dialectica
1518 247 1766 287 Aristoteles

174 314 359 354 tradidit.
418 314 512 353 Iam
541 313 608 353 hic
631 314 735 353 alter
751 314 1016 365 Augustinus
1039 315 1127 361 est;
1154 311 1427 353 Aristotelem
1454 313 1566 352 enim
1589 326 1682 364 spes
1704 315 1765 352 est

175 392 261 418 non
279 381 472 419 vocatum
491 379 555 418 iri.
615 379 710 418 Non
736 381 857 430 putes
878 379 1018 429 itaque
1043 378 1249 430 sophistas
1274 391 1362 418 esse
1381 379 1453 429 qui
1472 391 1606 418 sacras
1624 378 1765 418 literas

174 445 265 484 sine
293 445 443 484 Grecae
469 444 636 494 linguae
663 444 812 494 peritia
838 442 1097 496 attigeri<n>t‚
1122 445 1210 482 siue
1240 444 1312 494 qui
1341 443 1479 482 Ouidii
1507 443 1666 482 fabulas
1693 445 1764 482 aut
1785 457 1846 490 310

175 509 363 548 Terentii
394 509 528 560 legem
561 511 792 548 metrorum
824 521 909 547 non
938 510 1115 548 teneant.
1174 508 1267 547 Nisi
1303 509 1410 548 forte
1446 508 1524 548 tibi
1557 508 1765 559 sophistae

175 577 274 613 sunt
311 587 455 614 omnes
492 573 644 624 quibus
673 573 952 623 disputatione
982 573 1162 613 videaris
1190 573 1368 622 inferior,
1407 574 1484 612 hoc
1521 576 1584 613 est
1621 586 1766 613 omnes

176 639 401 688 dialectici3
440 639 502 678 vti
530 638 772 678 Cresconius
798 637 1050 687 gramaticus
1079 652 1174 677 cum
1206 638 1305 687 suis,
1338 639 1545 678 hereticus
1575 638 1765 678 videlicet

176 718 272 744 cum
300 703 506 751 hereticis,
530 702 758 742 Cristianos
785 703 968 741 doctores
994 702 1137 741 audire
1162 703 1378 752 recusauit,
1399 706 1520 754 atque
1549 703 1658 743 inter
1689 703 1764 742 hos

174 769 460 819 Augustinum
480 767 671 806 omnium
690 767 883 817 maxime,
897 767 1005 817 quod
1026 767 1216 805 omnium
1236 767 1543 806 dialecticorum
1563 768 1766 808 diceretur
1784 786 1844 820 3¹5

175 847 262 874 esse
279 833 557 873 acutissimus,
616 833 696 873 Sed
722 832 790 871 hic
813 831 1077 882 Augustinus
1102 831 1189 882 ipse
1215 845 1289 882 pro
1308 846 1376 871 me
1395 834 1616 883 respondet
1635 835 1766 873 osten-

175 899 278 939 dens
309 898 545 949 apostolum
583 897 764 937 Paulum
801 911 896 948 sepe
927 897 1066 947 sepius
1099 911 1187 936 esse
1221 896 1432 937 dialectica
1463 911 1601 946 vsum,
1620 900 1667 937 vt
1704 901 1765 938 est

174 965 313 1004 videre
354 977 400 1001 22
446 963 577 1013 capite
614 963 951 1014 Apostolicorum
987 963 1174 1001 Actuum
1211 962 1324 1013 (pace
1362 965 1433 1002 tua
1468 962 1638 1013 vulgato
1675 965 1767 1002 vtar

174 1029 386 1076 vocabulo,
399 1029 552 1080 alioqui
567 1029 649 1067 scio
663 1028 855 1068 Actorum
869 1041 954 1067 esse
975 1042 998 1067 a
1013 1028 1154 1079 politis
1168 1030 1210 1067 et
1222 1028 1510 1067 Laurentianis
1530 1028 1766 1077 dicendum,

175 1098 216 1134 et
235 1108 309 1146 per
328 1097 514 1134 sanctam
533 1093 708 1133 Moriam
735 1094 859 1132 refert
878 1093 1074 1133 multum.
1134 1094 1216 1133 Cur
1233 1095 1374 1132 autem
1393 1093 1536 1132 diuam
1555 1094 1661 1133 hanc
1680 1096 1766 1133 tam
1786 1113 1846 1145 320

174 1161 385 1200 laudatam
404 1173 489 1199 non
508 1159 693 1198 iuremus
713 1159 840 1198 etiam
853 1159 902 1207 5³).
942 1158 986 1198 Si
1006 1159 1122 1210 copia
1139 1159 1219 1197 tibi
1237 1159 1292 1197 sit
1311 1158 1514 1198 librorum
1526 1159 1763 1209 Augustini,

174 1228 222 1265 vt
258 1239 358 1274 reor,
381 1226 570 1264 inuenies
603 1224 836 1264 dialecticae
867 1225 1148 1274 patrocinium
1184 1225 1291 1263 libro
1323 1226 1466 1264 contra
1498 1225 1766 1264 Cresconium

174 1290 448 1341 gramaticum
464 1298 516 1338 10,
536 1290 666 1340 capite
684 1303 727 1327 12
743 1303 874 1340 vsque
885 1290 1147 1340 vigesimum.
1194 1289 1288 1329 Non
1308 1291 1563 1340 persuadeas,
1579 1291 1764 1336 Erasme,

174 1356 254 1395 tibi
285 1369 382 1395 eum
410 1357 580 1395 demum
609 1368 695 1394 esse
723 1355 962 1395 absolutum
991 1355 1233 1406 theologum
1263 1356 1333 1406 qui
1361 1355 1524 1394 Bibliae
1547 1355 1694 1394 seriem
1713 1355 1763 1393 ad

173 1421 339 1461 literam
370 1421 588 1471 intelligat,
609 1434 686 1459 nec
719 1434 815 1460 eum
847 1421 949 1460 item
983 1422 1054 1472 qui
1081 1420 1259 1460 morales
1287 1434 1433 1460 sensus
1460 1434 1561 1471 eque
1589 1434 1634 1459 ac
1662 1420 1766 1459 alter
1784 1439 1847 1471 3²5

173 1488 374 1538 Origenes
402 1487 520 1526 nouit
549 1500 700 1526 eruere.
759 1486 893 1526 Multa
915 1489 1072 1526 restant
1095 1487 1299 1535 discenda,
1322 1488 1371 1526 vt
1395 1487 1606 1526 intellectu
1627 1486 1764 1526 diffici-

172 1553 291 1602 liora,
310 1553 370 1592 ita
396 1555 438 1591 et
470 1552 636 1593 vtiliora
663 1553 778 1602 gregi
806 1566 880 1603 pro
909 1566 990 1603 quo
1017 1554 1208 1592 mortuus
1236 1555 1299 1591 est
1332 1552 1534 1592 Christus.
1591 1552 1764 1603 Alioqui

173 1619 246 1670 qui
278 1618 456 1657 sciemus
474 1620 522 1657 vt
549 1617 636 1657 sint
664 1620 918 1657 sacramenta
946 1617 1286 1667 administranda,
1311 1631 1490 1668 quenam
1515 1619 1600 1657 sint
1619 1631 1763 1656 eorum

172 1684 336 1731 formae,
367 1683 530 1733 quando
564 1683 838 1722 absoluendus
870 1685 1072 1733 peccator,
1100 1683 1265 1734 quando
1297 1685 1352 1722 sit
1383 1683 1637 1730 reiiciendus,
1664 1682 1763 1732 quid

173 1750 435 1799 praeceptum
454 1749 508 1787 sit
527 1749 701 1796 restitui,
726 1748 825 1799 quid
847 1749 1004 1786 seruari
1027 1748 1166 1797 possit,
1190 1749 1232 1785 et
1251 1748 1473 1786 innumera
1492 1747 1763 1786 huiusmodi?
1782 1764 1846 1797 330

173 1814 356 1853 Multum
404 1814 487 1852 nisi
536 1827 637 1862 erro,
676 1813 799 1863 longe
839 1813 994 1851 minori
1034 1827 1156 1862 opera
1202 1813 1356 1851 bonam
1398 1813 1560 1851 Bibliae
1603 1815 1762 1863 partem

177 1879 386 1928 edisceres,
404 1881 647 1929 priusquam
661 1879 729 1918 vel
743 1877 868 1917 Vnius
882 1878 1186 1928 perplexeitatis
1198 1877 1355 1916 nodum
1369 1878 1503 1917 discas
1523 1877 1758 1916 dissoluere.

174 1945 417 1985 Cuiusmodi
435 1944 606 1994 plurimi
625 1943 810 1994 quotidie
831 1945 1062 1991 occurrunt,
1085 1943 1157 1982 vbi
1176 1943 1241 1982 vel
1263 1943 1308 1982 in
1329 1956 1350 1990 4
1371 1943 1509 1982 verbis
1529 1942 1762 1981 diutissime

171 2010 404 2049 herendum
436 2011 522 2057 est;
564 2009 645 2048 nisi
681 2011 729 2047 tu
765 2009 842 2047 has
869 2008 997 2047 etiam
1025 2008 1315 2058 theologorum
1342 2021 1461 2047 voces
1489 2007 1644 2056 nenias,
1669 2021 1761 2057 que-

172 2089 332 2126 cunque
363 2075 414 2113 ad
448 2076 704 2113 sacramenta
741 2073 985 2124 pertineant,
1015 2073 1103 2112 sine
1142 2073 1292 2124 quibus
1329 2075 1472 2112 tamen
1510 2075 1650 2112 sancta
1682 2073 1759 2110 Dei
1782 2092 1844 2125 335

171 2140 339 2179 ecclesia
358 2139 557 2178 catholica
575 2139 792 2189 profitetur
811 2139 988 2178 salutem
1008 2138 1193 2177 hominis
1210 2138 1446 2188 periclitari.

227 2205 345 2255 Quod
375 2206 599 2244 Grecarum
624 2204 838 2243 literarum
861 2204 1142 2254 cognitionem
1169 2204 1439 2243 necessariam
1465 2216 1628 2243 censeas
1658 2204 1761 2242 meis

172 2271 323 2311 studiis
355 2272 477 2321 atque
507 2270 559 2309 ob
587 2269 629 2309 id
658 2270 708 2308 ad
737 2283 804 2309 eas
826 2270 1012 2319 horteris,
1034 2270 1118 2308 scio
1141 2283 1190 2308 ex
1208 2270 1341 2308 amico
1360 2269 1564 2319 proficisci
1583 2270 1756 2319 pectore,

171 2337 308 2375 sedin
327 2336 404 2375 hoc
430 2336 559 2374 libere
587 2349 611 2374 a
636 2338 678 2374 te
709 2335 920 2374 dissentio.
978 2336 1050 2374 An
1073 2335 1109 2373 si
1131 2336 1279 2374 Latine
1307 2337 1485 2383 tantum,
1510 2348 1594 2373 non
1617 2334 1754 2381 Grece,

172 2401 309 2450 sciam,
333 2401 512 2451 nequibo
531 2414 610 2451 que
629 2401 778 2439 Latina
797 2402 894 2439 sunt
914 2400 1176 2450 intelligere?
1233 2400 1349 2449 Quod
1369 2400 1405 2438 si
1423 2400 1595 2438 barbara
1615 2399 1698 2437 sint
1718 2401 1757 2436 et
1778 2417 1841 2448 340

172 2479 247 2516 ego
278 2465 448 2504 barbare
481 2466 663 2514 calleam,
685 2479 758 2504 cur
789 2479 874 2504 non
906 2465 1173 2515 intelligam?
1229 2465 1408 2504 Ioannes
1436 2465 1671 2514 Campanus
1696 2463 1759 2502 vir

172 2531 340 2570 habitus
378 2533 439 2569 est
478 2533 517 2569 et
553 2531 634 2569 fuit
672 2531 797 2569 etiam
834 2530 1211 2581 eloquentissimus,
1247 2532 1288 2568 et
1325 2530 1371 2568 in
1410 2529 1556 2568 Latine
1592 2528 1756 2578 linguae

215 2615 290 2644 323.
323 2605 467 2635 Erasme
490 2608 564 2636 add.
588 2603 626 2639 β1
649 2605 727 2646 (LB.
758 2616 840 2645 1902
851 2605 909 2646 F):
942 2606 1090 2635 Erasmo
1113 2604 1161 2639 133.
1295 2614 1369 2643 324.
1400 2603 1601 2634 absolutum
1625 2612 1682 2632 om.
1706 2603 1751 2636 β).

172 2657 247 2688 325.
279 2657 319 2679 ac
341 2647 422 2682 ‹11322
452 2650 559 2686 atque
583 2649 642 2682 [3¹³.
798 2649 872 2688 326.
905 2647 1075 2678 discenda
1097 2649 1142 2682 B:
1177 2647 1328 2678 dicenda
1351 2658 1382 2677 α.
1481 2647 1529 2680 Β;
1559 2647 1698 2677 intectu
1721 2657 1750 2676 α.

173 2692 373 2723 difficiliora
387 2689 477 2725 aB¹³z
503 2691 662 2722 difficilia
679 2690 726 2725 [⁴3¹².
814 2692 888 2730 328.
915 2692 953 2721 vt
970 2701 1009 2721 a:
1034 2690 1210 2729 quomodo
1224 2702 1247 2730 ’γ
1264 2690 1343 2731 (LB.
1363 2699 1447 2729 1904
1460 2690 1510 2729 D).
1598 2689 1672 2719 sint
1687 2700 1730 2728 ‘²7
1748 2701 1754 2719 z

172 2737 257 2766 sunt
273 2736 307 2769 β.
433 2744 508 2774 329.
535 2735 582 2764 sit
599 2744 656 2765 om.
673 2745 705 2773 γ.
839 2734 926 2773 quid
941 2733 1036 2773 “3¹³7
1051 2744 1058 2763 z
1082 2735 1165 2772 quia
1181 2732 1230 2767 62.
1355 2743 1429 2772 330.
1453 2733 1660 2763 huiusmodi
1675 2732 1733 2766 ass²
1748 2745 1753 2763 z

173 2777 349 2809 eiusmodi
365 2777 409 2811 fil.
544 2787 617 2816 331.
644 2777 817 2816 longeque
832 2777 878 2811 6².
969 2778 1106 2807 minore
1123 2778 1170 2816 βγ
1188 2776 1266 2817 (LE.
1290 2785 1371 2816 1903
1389 2776 1438 2816 B).
1555 2785 1631 2816 332.
1658 2775 1730 2809 «ιβ13
1747 2787 1754 2805 :

173 2822 331 2853 ediscere
347 2823 383 2855 β’-’
399 2832 406 2851 :
428 2823 547 2861 posset
563 2820 716 2851 ediscere
731 2832 764 2860 γ.
853 2820 911 2850 vel
923 2820 1001 2859 [37²³
1028 2829 1085 2852 om.
1104 2818 1163 2859 7¹3.
1323 2829 1396 2858 334.
1423 2818 1623 2850 herandum
1637 2818 1733 2858 aB¹³7
1748 2831 1754 2849 ε

172 2865 406 2896 hesitandum
422 2864 469 2898 13².
572 2864 646 2903 336.
673 2865 715 2897 13:
742 2863 915 2894 catholice
931 2875 960 2894 α.

214 2959 289 2990 319.
331 2948 599 2990 Laurentianis]
669 2947 842 2979 Students
902 2947 940 2978 of
1046 2956 1121 2988 334·
1144 2945 1286 2987 nenias]
1312 2946 1363 2978 Cf.
1382 2946 1443 2987 Ep.
1460 2955 1533 2986 337.
1550 2946 1624 2977 801.

171 2994 306 3025 Valla’s
322 2995 502 3031 Elegantiae
517 3002 525 3031 ;
549 2992 591 3023 cf.
609 2992 674 3032 Ep.
692 3001 744 3031 23.
766 2992 827 3021 106
843 3001 878 3022 n.
1046 3000 1122 3030 337·
1140 2990 1296 3031 censeas]
1322 2990 1384 3030 Ep.
1402 3000 1474 3030 337.
1489 2991 1554 3029 609
1569 2999 1638 3029 seq.
