2010 3417
298 133 379 171 268
764 130 1011 170 LETTERS
1051 131 1120 169 OF
1159 131 1423 172 ERASMUS
1764 131 1886 186 [1516

726 274 824 312 431.
886 271 1016 312 FROM
1048 271 1241 313 THOMAs
1272 271 1460 313 LUPSET.

341 362 528 398 Deventer
546 361 623 397 Ms.
641 372 699 407 91,
717 362 741 396 f.
766 364 831 405 176
848 367 897 396 ν’).
1591 363 1757 399 London.

341 420 410 453 LB.
429 421 526 465 App.
543 429 622 464 459.
1507 423 1550 456 28
1568 422 1663 457 June
1686 420 1840 468 (1516).

737 511 916 541 DOMINO
948 511 1128 542 ERASMO
1158 511 1380 541 LVPSETVS
1411 511 1446 543 S.

349 592 448 631 ΕΤΕΙ
476 605 543 631 1110
574 592 691 631 docet
719 593 927 632 Parmeno
957 593 1232 633 Terentianus
1269 593 1380 632 hunc
1409 594 1473 632 bis
1502 593 1629 633 stulte
1655 594 1785 633 facere
1814 593 1887 644 qui

294 657 415 696 illum
434 659 546 696 amat
565 658 630 696 cui
651 658 727 697 scit
744 671 787 697 se
807 658 900 697 odio
921 671 1019 706 esse,
1043 672 1138 697 cum
1157 661 1199 697 et
1217 659 1401 697 laborem
1423 659 1593 698 inanem
1612 659 1700 709 ipse
1719 659 1826 709 capit
1846 660 1886 697 et

292 723 356 761 illi
375 723 604 762 molestiam
624 724 753 773 affert,
775 726 915 763 tamen
935 726 974 763 te
994 723 1068 774 (ita
1087 738 1154 763 me
1174 725 1285 763 Deus
1303 724 1427 774 amet)
1447 737 1531 763 non
1550 737 1718 775 possum
1731 738 1817 763 non
1836 737 1883 762 ex

294 789 432 827 animo
458 801 605 837 amare,
630 802 715 827 non
744 789 944 837 venerari,
978 803 1064 828 non
1093 789 1312 840 suspicere.
1361 790 1451 839 Quo
1480 790 1524 828 in
1552 804 1619 828 me
1648 791 1703 829 sis
1733 790 1883 838 animo,

254 864 271 894 5
292 853 448 902 partim
469 867 519 892 ex
538 854 623 892 tuis
643 854 750 892 mihi
775 855 963 904 proxime
983 855 1125 893 missis
1144 855 1307 903 litteris,
1329 855 1483 905 partim
1508 868 1558 894 ex
1582 855 1636 894 iis
1660 855 1705 894 in
1734 855 1885 905 quibus

293 932 360 956 me
390 919 599 958 accusauit
628 919 808 968 Coletus‚
834 921 994 970 egregie
1021 920 1221 959 intellexi.
1280 920 1444 960 Malicia
1470 920 1650 971 profecto
1679 920 1797 969 nihil,
1826 920 1884 958 in-

291 983 517 1034 cogitantia
552 998 650 1023 vero
689 985 918 1035 plurimum
956 986 1002 1025 in
1039 988 1080 1025 te
1108 986 1281 1037 peccaui.
1343 986 1489 1025 Fateor
1511 988 1552 1024 et
1579 985 1765 1036 poenitet
1793 998 1884 1036 sup-

290 1049 463 1099 plexque
482 1051 575 1098 peto
595 1051 790 1099 veniam;
832 1051 966 1101 patiar
990 1065 1056 1090 me
1085 1051 1231 1102 quouis
1258 1051 1460 1101 supplicio
1489 1051 1686 1090 damnari.
1746 1051 1884 1090 Tradi-

291 1113 444 1152 dissem
463 1114 587 1153 Petro
608 1129 709 1165 quae
739 1130 789 1154 ex
812 1116 896 1155 tuis
925 1116 1094 1165 abstuli,
1115 1117 1151 1155 si
1179 1130 1265 1156 non
1290 1118 1502 1167 putassem
1531 1117 1664 1155 tutius
1697 1117 1743 1155 in
1762 1117 1883 1155 tuum

234 1191 272 1214 10
286 1179 336 1217 ad
374 1192 449 1217 nos
479 1180 709 1219 aduentum
739 1194 927 1230 seruare3
968 1182 1046 1221 tibi
1078 1182 1207 1232 igitur
1234 1195 1400 1221 reuerso
1435 1182 1605 1221 reddam
1637 1181 1796 1231 integra
1828 1183 1880 1230 et,

288 1244 599 1294 01·ede,intaota.
659 1246 774 1285 Bene
792 1247 895 1286 vale.

342 1310 547 1360 Longiore
572 1311 748 1361 epistola
775 1325 893 1351 aures
922 1325 1148 1361 onerarem,
1172 1313 1207 1351 si
1225 1313 1297 1351 aut
1314 1312 1354 1351 is
1372 1325 1506 1351 essem
1527 1313 1597 1363 qui
1619 1313 1699 1351 hoc
1718 1314 1812 1363 apte
1841 1313 1883 1351 et

288 1374 432 1413 Latine
450 1378 598 1425 posset,
620 1379 691 1415 aut
711 1377 747 1416 si
765 1378 915 1416 scirem
935 1379 976 1416 te
1002 1378 1300 1428 qualiacunque
1321 1377 1537 1416 scriberem
1558 1378 1737 1417 libenter
1755 1378 1882 1417 lectu-

286 1453 390 1478 rum.
453 1440 613 1480 Iterum
633 1442 723 1481 vale
743 1445 784 1481 et
804 1444 941 1496 n1e‚vsi
961 1446 1089 1494 potes,
1112 1456 1215 1482 ama.

232 1518 265 1550 15
339 1503 521 1541 Londini
542 1506 602 1550 4ω
623 1505 707 1544 Cal.
733 1504 876 1544 Iulias.

718 1635 875 1678 4¹3432.
937 1636 1068 1679 FROM
1099 1637 1227 1679 JOHN
1257 1636 1446 1680 FISHER.

333 1723 517 1761 Deventer
534 1724 611 1761 Ms.
631 1736 687 1772 91,
706 1726 732 1762 f.
755 1736 830 1772 173.
1533 1727 1745 1763 Rochester.

331 1781 402 1816 LB.
419 1782 518 1827 App.
538 1794 615 1828 103.
1445 1785 1498 1832 (c.
1521 1796 1568 1831 30
1584 1786 1680 1821 June
1702 1784 1830 1832 1516>.

328 1862 363 1903 [1
380 1863 470 1894 have
492 1864 616 1903 placed
638 1865 713 1896 this
734 1867 770 1896 at
791 1866 854 1897 the
875 1866 946 1897 end
969 1866 1007 1897 of
1026 1867 1087 1897 the
1111 1867 1236 1898 letters
1259 1867 1415 1907 brought
1438 1867 1530 1898 from
1551 1866 1728 1907 England,
1749 1876 1794 1897 on
1816 1865 1878 1896 the

285 1907 505 1946 assumption
521 1907 602 1939 that
619 1908 782 1949 Meghen,
801 1910 875 1940 like
892 1910 1062 1942 Erasmus
1078 1911 1170 1941 later
1184 1911 1223 1941 in
1239 1911 1302 1942 the
1320 1921 1404 1952 year
1421 1910 1479 1951 (cf.
1500 1910 1585 1951 Epp.
1602 1920 1678 1951 452,
1692 1919 1769 1950 455,
1783 1909 1874 1950 456),

286 1959 369 1988 may
385 1950 476 1982 have
491 1951 599 1982 taken
616 1952 809 1984 Rochester
826 1964 872 1984 on
888 1953 947 1985 his
963 1964 1042 1994 way
1058 1956 1095 1986 to
1111 1954 1173 1985 the
1189 1953 1314 1995 coast.]

480 2049 676 2080 IOANNES
707 2051 954 2082 ROFFENSIS
985 2052 1224 2084 EPISCOPVS
1257 2053 1435 2083 ERASMO
1466 2053 1549 2083 SVO
1580 2053 1612 2083 S.
1640 2054 1677 2083 P.

336 2129 437 2168 ETSI
452 2129 645 2180 plurimis
657 2133 837 2182 negociis
849 2134 1049 2183 impediar
1067 2135 1180 2184 (paro
1195 2135 1308 2174 enim
1321 2148 1388 2174 me
1401 2135 1706 2185 Gantebrigiam
1719 2135 1875 2173 iturum

282 2206 357 2243 pro
374 2194 546 2245 collegio
566 2209 677 2235 nunc
693 2199 864 2237 tandem
882 2199 1167 2250 instituendo),
1190 2200 1307 2239 nolui
1321 2202 1462 2240 tamen
1482 2202 1529 2239 vt
1543 2200 1579 2239 is
1607 2202 1704 2239 tuus
1723 2200 1874 2238 Petrus

284 2260 387 2298 meis
407 2259 558 2300 litteris
577 2275 730 2301 vacuus
749 2263 799 2302 ad
824 2266 866 2303 te
895 2265 1056 2304 rediret.
1119 2265 1362 2316 Ingentium
1391 2265 1618 2316 gratiarum
1648 2265 1875 2304 debitorem

283 2338 350 2363 me
378 2326 633 2365 constituisti
661 2328 713 2366 ob
733 2328 1072 2369 Instrumentum
1102 2331 1268 2370 Nouum
1297 2333 1369 2369 tua
1397 2344 1516 2381 opera
1535 2344 1584 2369 ex
1615 2331 1770 2370 Graeco
1798 2332 1875 2369 tra-

243 2410 259 2438 5
283 2391 463 2440 ductum,
486 2405 566 2441 quo
586 2405 654 2430 me
685 2393 924 2434 donaueras.
1000 2396 1087 2446 Ego
1107 2397 1288 2446 profecto
1306 2397 1497 2445 protinus
1517 2399 1563 2435 vt
1581 2396 1727 2446 accepi,
1750 2409 1873 2434 anno-

283 2456 460 2495 tationes
482 2457 639 2507 aliquot
659 2458 771 2507 locis,
795 2460 947 2509 quibus
967 2460 1246 2500 Moecenatem
1264 2464 1385 2500 tuum
1406 2461 1746 2500 Gantuariensem
1764 2474 1873 2511 prae-

284 2521 412 2560 coniis
430 2523 702 2572 amplissimis
718 2525 847 2575 effers,
862 2526 912 2564 ad
929 2539 1025 2565 eum
1042 2540 1108 2565 me
1129 2527 1297 2575 contuli,
1315 2540 1361 2566 ea
1381 2527 1469 2577 ipsa
1483 2527 1571 2566 loca
1589 2527 1653 2565 illi
1672 2527 1873 2566 indicans.

281 2586 363 2624 Vbi
381 2600 477 2626 vero
497 2588 652 2638 legerit,
677 2589 858 2638 plurima
877 2592 1087 2641 pollicitus
1106 2594 1169 2631 est
1188 2605 1231 2631 se
1250 2592 1314 2631 tui
1344 2605 1464 2631 causa
1492 2593 1712 2641 facturum,
1738 2594 1781 2631 et
1804 2605 1871 2630 me

280 2651 467 2691 hortatus
494 2654 557 2691 est
584 2655 641 2702 vt,
667 2654 702 2692 si
731 2656 895 2705 quando
918 2657 969 2695 ad
997 2659 1037 2696 te
1065 2657 1298 2706 scriberem,
1322 2658 1535 2696 suaderem
1565 2657 1642 2696 tibi
1671 2657 1866 2696 reditum.

406 2750 480 2779 4532.
504 2759 533 2788 5.
559 2754 641 2781 Ante
657 2754 910 2784 annotationes
926 2757 1025 2786 deesse
1041 2758 1159 2786 videtur
1174 2757 1313 2793 aliquid:
1330 2758 1466 2794 sonasse
1482 2756 1739 2796 perscrutatus.

322 2846 395 2877 431.
419 2856 444 2877 1.
462 2848 654 2890 Parmeno]
676 2850 751 2882 Ter.
769 2854 841 2883 Hec.
860 2861 973 2891 343‚4.
1111 2853 1217 2884 dated
1241 2863 1284 2893 29
1309 2853 1398 2893 July
1427 2855 1534 2893 1516;
1564 2864 1619 2885 see
1648 2856 1706 2884 The
1728 2856 1871 2885 Funeral

324 2898 356 2926 9.
373 2898 415 2919 ex
432 2890 520 2930 tuis]
546 2891 598 2924 Cf.
615 2893 677 2933 Ep.
696 2903 772 2932 502.
790 2904 812 2934 9
828 2905 864 2927 n.
1109 2900 1239 2928 Sermon
1255 2899 1290 2934 of
1299 2900 1466 2936 Maryaret‚
1483 2900 1625 2928 Gountess
1640 2899 1867 2936 ofRichmond,

323 2931 396 2962 432.
435 2943 465 2963 2.
503 2935 665 2976 collegio]
702 2938 776 2968 The
810 2938 1038 2971 Instrument
1108 2939 1163 2971 ed.
1181 2940 1347 2981 Hymers,
1367 2950 1400 2981 p.
1419 2941 1494 2980 256.
1539 2941 1613 2971 The
1633 2940 1775 2970 charter
1795 2939 1868 2970 had

280 2973 335 3003 sor
350 2974 411 3005 the
425 2977 577 3017 opening
594 2979 631 3009 of
645 2980 693 3011 st.
712 2980 839 3012 John’s
853 2982 991 3023 College
1008 2984 1038 3013 is
1108 2984 1197 3014 been
1212 2984 1318 3023 given
1336 2994 1381 3015 on
1397 2994 1419 3023 9
1435 2984 1518 3023 Apr.
1535 2993 1614 3022 1511
1628 2982 1730 3024 (ibid·
1742 2992 1774 3022 P·
1789 2983 1866 3023 26)-
