2010 3417
171 140 269 196 469]
622 140 776 180 FROM
815 140 1084 180 WILLIAM
1122 141 1308 180 NESEN
1684 143 1763 181 349

167 253 351 300 Erasme,
376 264 479 301 quae
498 264 577 299 me,
599 251 811 289 hominem
833 249 878 287 in
898 249 1047 289 litteris
1066 251 1190 294 sortis
1209 252 1425 300 extremae,
1448 252 1564 291 nulla
1587 252 1760 303 epistola

168 318 214 357 in
243 317 379 356 fronte
409 315 530 355 affixa
561 314 779 366 agnoscit?
834 315 994 354 Curabo
1018 316 1160 354 tamen
1183 317 1229 355 vt
1257 318 1298 354 et
1327 317 1542 356 emendate
1571 319 1612 356 et
1638 330 1763 368 quam

169 383 373 432 ocyssime
404 380 638 420 excudatur.
698 379 937 419 Lachnerus
956 380 1110 419 mirum
1131 381 1176 419 in
1199 381 1373 420 modum
1401 383 1443 420 te
1471 385 1572 431 orat,
1600 383 1636 422 si
1665 383 1761 433 quid

170 446 482 486 concinnaueris
502 446 603 485 noui
627 446 700 485 aut
724 445 761 483 si
787 444 885 494 quid
917 445 1050 484 denuo
1078 445 1158 484 tibi
1180 446 1236 484 sit
1262 433 1588 496 relambendum,
1613 450 1659 486 vt
1687 448 1763 486 hoc

170 513 235 552 illi
253 512 446 551 exhibere
464 511 607 560 velles,
628 510 834 550 relaturus
861 510 1038 560 gratiam
1066 510 1202 561 aliqua
1228 524 1278 549 ex
1303 513 1429 561 parte.
1491 512 1623 551 Nemo
1651 513 1764 551 enim

169 577 346 628 gratiam
376 576 456 615 tibi
486 576 636 615 referre
662 576 797 625 potest
821 574 1010 622 abunde;
1040 575 1106 614 cui
1135 577 1281 614 natura
1310 576 1504 627 quicquid
1531 579 1668 627 potuit
1691 578 1766 618 vni

167 642 327 690 tribuit,
345 641 568 680 ostendens
596 653 639 679 se
664 653 752 679 esse
774 639 950 679 minime
979 640 1163 679 sterilem
1192 643 1232 679 et
1262 641 1453 680 effoetam
1482 642 1553 680 sed
1577 655 1620 680 se
1648 655 1764 692 posse

169 706 380 747 veteribus
398 719 541 756 parem
561 705 795 756 producere.
855 705 1118 744 Theodorum
1146 706 1396 756 asscriptum
1424 705 1542 744 alteri
1569 707 1766 746 nebuloni

170 773 290 812 doleo
318 772 526 820 maxime;
556 784 679 822 quem
705 770 922 821 sperabam
951 770 1003 808 ad
1031 783 1106 809 nos
1131 770 1266 809 redire
1286 770 1449 810 Neseno
1472 771 1611 810 nescio
1642 785 1765 822 quam

168 837 356 884 candido,
369 839 475 876 certe
488 850 573 876 non
586 836 757 875 omnino
777 835 971 886 maligno,
993 835 1255 886 inscriptum.
1288 835 1368 874 Sed
1388 849 1529 875 meum
1545 837 1766 876 Erasmum

169 902 277 942 mihi
296 903 341 941 in
361 902 442 941 alia
457 915 500 940 re
514 901 846 952 gratificaturum
867 914 994 950 spero.

223 968 337 1017 Vale,
362 968 518 1018 optime
537 967 720 1014 Erasme,
736 968 777 1004 et
795 966 890 1004 vide
909 968 955 1005 vt
975 966 1078 1004 olim
1097 966 1249 1004 candor
1263 966 1326 1004 tui
1345 966 1502 1016 ingenii
1522 979 1589 1004 me
1609 980 1767 1017 quoque

170 1033 479 1084 complectatur.
540 1031 713 1082 Ignosce
742 1031 957 1079 inscitiae;
999 1031 1145 1081 scripsi
1171 1031 1246 1070 hec
1272 1031 1317 1069 in
1346 1031 1572 1070 diuersorio
1593 1032 1771 1071 Franch-

170 1099 335 1138 fordiae.
407 1097 593 1137 Scribam
623 1097 672 1136 de
692 1096 888 1136 omnibus
917 1097 1038 1135 rebus
1066 1110 1116 1136 ex
1135 1096 1324 1136 Basilaea
1343 1097 1556 1147 copiosius.
1617 1098 1770 1136 Omnes

171 1166 213 1204 te
231 1165 434 1213 tuumque
453 1162 670 1213 ingenium
689 1162 810 1201 vnice
821 1161 1090 1201 admirantur.
1140 1161 1329 1212 Anglum
1349 1175 1489 1200 meum
1510 1163 1615 1201 meis
1634 1163 1770 1201 verbis

171 1228 305 1269 saluta
324 1243 334 1277 ;
363 1229 430 1267 cui
448 1226 716 1278 scripsissem,
741 1227 776 1266 si
796 1229 963 1276 tempus
981 1240 1067 1265 non
1087 1226 1296 1265 defuisset.

577 1360 675 1399 470.
738 1357 803 1398 To
832 1357 1053 1414 <JER0ME>
1083 1357 1362 1398 BUSLEIDEN.

219 1441 405 1477 Deventer
422 1440 499 1476 MS.
519 1450 574 1485 91,
596 1441 619 1475 f.
642 1449 708 1483 170
725 1444 775 1475 v0.
1398 1440 1587 1484 Antwerp.

220 1498 293 1534 LB.
311 1499 407 1544 App.
427 1501 482 1536 81.
1265 1499 1308 1533 28
1329 1497 1551 1542 September
1569 1497 1723 1544 (1516).

534 1571 648 1613 [1516,
667 1571 815 1602 because
834 1571 872 1601 of
884 1571 946 1602 the
963 1580 1149 1602 summons
1165 1572 1201 1601 to
1218 1569 1408 1610 Brussels.]

592 1652 798 1683 ERASMVS
831 1652 1108 1683 BVSLIDIANO
1140 1652 1222 1683 SVO
1254 1652 1287 1683 S.
1315 1652 1357 1683 D.

227 1727 318 1766 Vm.
350 1728 441 1778 ipsa
470 1728 739 1777 pecuniarum
768 1727 908 1776 inopia
941 1740 1008 1764 me
1039 1727 1149 1776 cogit
1180 1739 1304 1775 equos
1338 1725 1526 1764 vendere.
1588 1724 1772 1763 Exhausi

174 1793 333 1832 loculos
352 1805 506 1840 omnes,
528 1793 630 1831 dum
648 1791 802 1830 vestior
821 1794 861 1830 et
880 1805 1018 1830 armor
1035 1792 1233 1830 aduersus
1252 1791 1445 1841 hyemem
1464 1789 1769 1828 aduentantem.

176 1857 271 1897 Non
297 1857 400 1896 libet
430 1858 615 1907 equitare
644 1856 767 1903 nudo,
791 1858 833 1895 et
859 1856 1046 1894 nondum
1075 1859 1136 1895 est
1164 1869 1307 1894 meum
1337 1855 1463 1894 simul
1491 1856 1531 1892 et
1559 1853 1703 1892 vestiri
1731 1855 1769 1891 et

177 1925 431 1972 ἱπποτροφεῖν.
492 1921 636 1960 Habeo
668 1921 909 1968 licitatoreS,
929 1921 1000 1959 sed
1025 1922 1174 1970 hyems
1204 1922 1366 1959 instans
1398 1919 1496 1957 facit
1528 1921 1575 1957 vt
1601 1918 1773 1957 minoris

175 1988 386 2027 liceantur.
445 1987 541 2025 Tibi
562 1999 688 2036 equos
712 1999 788 2025 nec
812 1985 1032 2024 obtrudere
1062 1986 1180 2036 cupio
1210 1999 1285 2024 nec
1312 1984 1555 2035 praedicare.
1615 1984 1773 2022 Verum

175 2055 213 2093 si
231 2053 498 2092 commodum
517 2051 743 2099 arbitraris,
763 2051 829 2090 vel
849 2051 994 2090 ambos
1013 2051 1080 2090 vel
1099 2051 1279 2090 alterum
1299 2051 1414 2099 tolle,
1429 2063 1480 2087 ex
1492 2062 1568 2088 vsu
1589 2049 1774 2099 precium

174 2118 445 2157 estimaturus
478 2117 566 2167 ipse
598 2118 670 2155 aut
705 2115 833 2154 etiam
866 2130 951 2155 non
984 2116 1302 2164 aestimaturus,
1350 2117 1417 2154 sin
1445 2115 1598 2163 minus,
1632 2114 1776 2164 quanti

176 2196 347 2234 possum
368 2181 596 2230 extrudam,
620 2195 673 2220 ne
691 2194 758 2220 me
778 2181 990 2221 deuorent.

233 2247 510 2287 Cancellarius
529 2260 596 2285 me
615 2247 736 2285 iussit
756 2246 900 2285 adesse
926 2246 1157 2285 Bruxellae.
1232 2246 1339 2294 Quid
1369 2246 1428 2284 rei
1447 2245 1502 2284 sit
1522 2244 1671 2283 nescio.
1730 2243 1775 2284 Si

178 2315 314 2352 denuo
347 2314 535 2360 accerset,
559 2311 760 2350 aduolabo
776 2326 785 2359 3
815 2312 881 2350 sin
909 2312 1062 2360 minus,
1094 2311 1162 2350 hic
1190 2311 1362 2350 sarcinis
1396 2309 1635 2360 compositis
1663 2310 1775 2348 totus

179 2377 420 2416 Bruxellam
440 2376 721 2427 commigrabo
740 2376 849 2415 intra
869 2389 941 2415 sex
960 2376 1058 2416 dies.
1113 2376 1222 2415 Nam
1241 2376 1318 2414 hoc
1339 2375 1502 2414 consilii
1520 2373 1627 2413 mihi
1645 2373 1775 2422 magis

180 2455 226 2482 ac
251 2442 385 2492 magis
414 2442 578 2480 arridet.
641 2442 784 2481 Scribo
813 2444 1031 2490 λακωνικῶς,
1061 2441 1170 2492 quod
1197 2442 1293 2479 ante
1322 2440 1497 2479 biduum
1525 2438 1770 2488 scripserim.

180 2509 296 2546 Bene
314 2507 420 2554 vale,
442 2506 704 2545 ornatissime
723 2506 898 2545 Buslidi.

235 2572 502 2621 Antwerpiae
521 2571 654 2620 pridie
674 2570 891 2609 Michahel.

225 2659 301 2690 469.
323 2666 372 2697 15.
398 2666 486 2697 quae
510 2660 637 2694 scripsi:
671 2666 695 2696 q
716 2660 784 2687 MS.
933 2666 984 2696 27.
1017 2659 1087 2687 Ροεέ
1110 2656 1275 2687 inscitiae
1299 2657 1502 2686 amanuensis
1523 2663 1620 2685 meae
1645 2655 1773 2685 deleuit:

184 2706 313 2735 inclusit
328 2704 392 2733 ΖΒ.

228 2777 302 2808 469.
326 2776 375 2807 16.
401 2775 605 2816 emendate]
631 2775 682 2806 Cf.
701 2775 765 2815 Ep.
784 2775 858 2813 462.
880 2785 908 2813 7.
1017 2775 1090 2813 460.
1112 2783 1161 2812 17.

231 2830 280 2859 17.
306 2818 529 2860 Lachnerus]
553 2819 640 2849 This
661 2818 823 2858 proposal
849 2818 878 2848 is
895 2827 946 2849 re·
1061 2816 1137 2848 470.
1164 2826 1190 2847 1.
1213 2816 1338 2858 equos]
1364 2816 1416 2848 Cf.
1434 2817 1498 2856 Ep.
1516 2825 1590 2855 477.
1616 2817 1737 2855 28-30.

185 2863 314 2905 peated
329 2863 370 2893 in
387 2862 450 2901 Ep.
468 2872 542 2901 473.
562 2872 605 2902 30
627 2871 696 2900 seq.
724 2863 763 2892 in
781 2861 949 2892 Froben's
1064 2870 1092 2899 7.
1119 2859 1367 2901 estimaturus]
1392 2860 1443 2891 Cf.
1462 2860 1523 2900 Ep.
1540 2869 1615 2899 439.
1632 2860 1697 2891 8n.

188 2916 303 2939 name.
1062 2914 1093 2942 9.
1134 2902 1394 2944 Cancellarius]
1427 2903 1474 2934 Le
1502 2903 1679 2943 Sauvage3
1720 2913 1776 2934 see

233 2961 285 2981 22.
311 2948 558 2990 Theodorum]
584 2948 636 2979 Cf.
654 2949 717 2988 Ep.
735 2948 809 2987 428.
1020 2957 1053 2986 p.
1082 2957 1154 2986 240.
1200 2947 1268 2978 For
1293 2947 1352 2977 his
1374 2947 1538 2978 business
1559 2947 1651 2978 with
1675 2946 1777 2978 Eras-

234 3004 290 3035 29.
313 2991 492 3033 Anglum]
516 2992 615 3024 John
639 2992 779 3028 Smith3
812 2990 854 3023 cf.
884 2992 947 3032 Ep.
1022 3000 1101 3022 inus
1117 3000 1173 3022 see
1190 2991 1253 3030 Ep.
1271 2999 1346 3029 475.
1367 2991 1438 3022 1-8.

1788 267 1822 298 ¹5

1788 592 1826 613 20

1788 913 1826 944 25

1788 1241 1829 1270 30

1798 2315 1835 2335 10
