2010 3417
403 158 480 199 116
865 157 1112 196 LETTERS
1151 157 1220 196 or
1259 156 1524 196 ERASMUs
1867 152 1995 208 [1515

733 299 830 339 339.
892 296 1023 337 FROM
1054 296 1147 336 LEO
1177 296 1218 336 X
1249 306 1304 337 To
1336 295 1504 336 HENRY
1536 295 1660 336 VIII.

447 388 607 423 Vatican
627 386 704 422 MS.
722 387 824 420 Arm.
843 396 899 430 44,
918 385 989 422 vol.
1010 394 1042 431 5,
1062 385 1084 421 f.
1108 395 1147 430 71
1170 385 1232 431 (a).
1747 385 1874 422 Rome.

447 446 555 481 Basle
573 444 677 480 MSS.
698 444 788 480 Urk.
809 440 863 478 11¹³
880 454 911 486 2,
932 455 951 489 3
973 443 1034 489 (6⁸¹³
1053 442 1080 488 ²)
1098 455 1105 479 :
1135 443 1253 479 Breue
1273 443 1317 477 fo,
1335 443 1369 477 ὦ
1387 447 1437 478 v0.
1459 442 1537 488 (5³).
1726 453 1769 479 10
1785 443 1874 489 July
1895 453 1998 490 1515.

448 503 490 538 B.
508 503 553 539 f0.
572 502 616 538 d:
643 501 694 537 Οἳ.
713 515 750 548 p.
769 512 858 536 222:
886 502 925 536 F.
945 514 979 547 p.
1000 502 1040 537 81
1060 514 1067 535 :
1094 501 1183 536 HN:
1210 500 1325 536 Lond.
1347 500 1386 536 ii.
1409 510 1447 546 5:
1473 501 1545 536 LB.
1570 510 1644 546 179.

446 585 535 626 [The
561 584 706 615 earliest
730 593 853 614 source
878 584 908 613 is
932 592 952 613 a
976 582 1088 622 rough
1105 582 1200 613 draft
1217 584 1256 613 in
1277 582 1339 613 the
1359 583 1514 613 Vatican
1532 582 1718 623 Archives,
1737 582 1856 613 which
1874 583 1935 614 Dr.
1953 583 1995 614 G.

401 629 519 666 Brom,
540 628 702 659 Director
723 627 762 658 of
781 627 844 658 the
862 626 1131 657 Nederlandsch
1148 626 1350 657 Historisch
1368 626 1548 657 Instituut
1563 628 1599 656 at
1623 625 1743 666 Rome,
1761 626 1826 657 has
1843 626 1995 665 brought

400 674 436 703 to
451 681 513 710 my
526 671 655 702 notice.
693 670 728 701 It
746 671 776 701 is
794 672 832 701 in
847 669 1020 701 Sadolet's
1037 670 1134 700 hand
1149 670 1221 701 and
1238 671 1268 701 is
1284 668 1479 702 endorsed:
1500 672 1508 687 ‘
1521 669 1605 710 Regi
1618 670 1758 710 Anglie,
1774 680 1836 709 pro
1849 670 1997 701 Erasmo

400 715 646 747 Roterodamo.
701 713 930 757 Sad(oletus)
953 723 975 744 x
997 713 1086 745 Iulii
1109 712 1151 752 3.'
1196 713 1263 744 For
1285 715 1308 748 β
1332 723 1388 744 see
1412 713 1475 753 Ep.
1493 714 1556 752 338
1581 713 1713 745 introd.
1762 713 1800 748 B²
1821 714 1886 745 has
1910 713 1999 753 only

401 769 421 790 a
447 759 624 798 fragment
641 758 679 788 of
697 758 771 789 this
795 758 912 793 letter,
932 757 1037 788 down
1060 758 1096 788 to
1119 760 1291 795 singularis
1308 756 1344 796 (1.
1363 757 1409 795 4).
1458 757 1506 787 At
1530 756 1594 787 the
1612 757 1681 788 end
1706 757 1744 788 of
1767 757 1802 791 B*
1827 757 2001 788 Boniface·

400 802 603 835 Amorbach
619 802 684 832 has
695 803 842 832 ertten
858 813 865 832 :
885 800 1117 841 ‘Exemplum
1132 801 1258 831 Breuis
1274 800 1318 832 ad
1332 801 1466 840 regiam
1480 801 1702 831 maiestatem
1720 801 1759 831 in
1772 799 2001 832 commenda·

401 847 537 878 tionem
554 846 594 877 D.
614 845 754 877 Erasmi
770 856 778 876 z
794 845 881 885 Regi
897 843 1138 884 Anglorum.’]

439 944 524 974 LEO
555 943 671 973 PAPA
702 944 733 973 X
764 942 1046 974 CHARISSIMO
1077 941 1127 972 IN
1156 941 1350 973 CHRISTO
1381 941 1505 973 FILIO
1536 942 1709 973 NOSTRO
1742 941 1959 981 HENRICO,

840 1011 1041 1042 ANGLIAE
1070 1010 1177 1042 REGI
1207 1010 1564 1041 ILLVSTRISSIMO.

456 1094 685 1134 CAmserE
704 1093 748 1131 in
775 1092 940 1132 Christo
966 1091 1029 1129 fili
1060 1093 1210 1140 noster,
1244 1090 1425 1129 salutem
1453 1092 1493 1129 et
1522 1091 1810 1141 Apostolicam
1835 1091 2002 1130 benedi-

403 1160 593 1198 ctionem.
652 1158 778 1197 Extat
804 1156 1013 1207 quoddam
1039 1158 1232 1195 nostrum
1259 1156 1444 1195 studium
1464 1168 1558 1206 erga
1578 1156 1771 1195 homines
1790 1157 1933 1195 doctos
1959 1160 1999 1195 et

403 1223 607 1263 eiusmodi
626 1223 787 1261 litteras
807 1235 908 1272 quae
928 1224 968 1260 et
992 1224 1091 1260 sunt
1118 1235 1160 1259 re
1179 1222 1268 1271 ipsa
1287 1223 1328 1260 et
1347 1221 1611 1271 appellantur
1630 1221 1771 1271 bonae,
1795 1235 1840 1260 ac
1868 1222 2003 1260 animi

403 1289 561 1328 affectio
585 1301 711 1338 prope
740 1287 964 1338 singularis
986 1286 1131 1325 innata
1159 1287 1329 1337 quidem
1353 1286 1474 1325 nobis
1502 1300 1525 1325 a
1547 1287 1684 1336 pueris
1703 1289 1745 1325 et
1774 1286 2004 1326 domestica

367 1375 385 1407 5
404 1354 625 1404 disciplina
654 1353 907 1401 confirmata,
936 1351 1008 1391 sed
1034 1354 1167 1390 aetate
1195 1351 1483 1402 progrediente
1512 1352 1639 1391 etiam
1671 1352 1824 1391 iudicio
1853 1354 2003 1401 aucta;

404 1422 496 1458 tum
527 1418 635 1469 quod
673 1417 863 1456 homines
900 1417 1023 1455 hosce
1058 1417 1130 1466 qui
1164 1417 1342 1466 optimas
1369 1419 1478 1455 artes
1506 1419 1548 1455 et
1585 1416 1746 1456 litteras
1775 1419 1995 1466 sectantur,

405 1484 578 1523 minime
604 1483 736 1522 malos
769 1496 856 1521 esse
882 1482 1231 1532 integerrimaque
1262 1482 1342 1520 fide
1371 1482 1557 1532 preditos
1583 1495 1703 1532 saepe
1730 1482 1815 1520 iam
1844 1483 2003 1532 experti

405 1562 576 1596 sumus;
616 1550 707 1586 tum
747 1548 855 1597 quod
894 1547 945 1585 ab
983 1547 1060 1586 hac
1098 1547 1274 1585 scientia
1312 1548 1354 1585 et
1391 1548 1529 1585 sancte
1567 1547 1747 1586 Ecclesie
1784 1548 2000 1586 doctorum

405 1613 641 1665 eloquentia
663 1613 817 1651 scimus
845 1612 1028 1651 maxima
1051 1626 1136 1650 non
1159 1613 1400 1650 adiumenta
1426 1613 1548 1651 modo
1571 1625 1718 1651 verum
1739 1612 1866 1651 etiam
1887 1626 2001 1652 orna·

347 1699 388 1722 10
407 1681 545 1718 menta
583 1679 629 1716 in
667 1678 946 1717 Christianam
987 1678 1291 1728 rempublicam
1328 1678 1511 1727 profecta
1548 1678 1687 1717 fuisse.
1748 1678 1831 1717 His
1869 1679 2006 1717 causis

406 1744 571 1783 adducti
597 1743 814 1794 diligimus
846 1744 1072 1782 admodum
1105 1743 1149 1781 in
1179 1743 1360 1782 Domino
1383 1743 1584 1782 dilectum
1613 1743 1749 1782 filium
1780 1744 2002 1783 Erasmum

407 1809 743 1857 Roterodamum,
778 1822 903 1859 quem
927 1810 1037 1848 inter
1069 1810 1227 1859 primos
1256 1809 1381 1847 huius
1412 1808 1606 1847 scientiae
1636 1811 1758 1859 atque
1787 1810 1886 1848 artis
1914 1823 2007 1848 esse

407 1875 663 1913 iudicamus:
693 1875 843 1913 notum
864 1874 1033 1925 quidem
1059 1874 1180 1913 nobis
1205 1876 1246 1913 et
1273 1874 1498 1912 domestico
1526 1887 1746 1924 congressu
1768 1876 1888 1913 antea
1907 1887 2003 1915 cum

407 1943 452 1979 in
473 1940 704 1979 minoribus
724 1952 918 1988 essemus,
944 1939 1014 1978 sed
1038 1939 1189 1978 deinde
1213 1939 1335 1989 longe
1362 1940 1495 1989 magis
1519 1952 1570 1978 ex
1595 1939 1655 1978 eis
1680 1938 1840 1990 ingenii
1858 1953 2005 1979 monu-

349 2025 361 2047 1
371 2024 389 2056 5
409 2019 503 2044 men
510 2005 563 2044 tis
578 2018 680 2056 quae
693 2005 847 2044 litteris
858 2005 1085 2053 mandauit,
1100 2018 1187 2044 non
1199 2007 1349 2044 notum
1366 2004 1503 2043 solum
1517 2017 1666 2043 verum
1682 2005 1808 2043 etiam
1822 2005 2005 2044 maxime

408 2071 638 2120 probatum.
691 2071 734 2109 Is
754 2071 804 2109 ad
821 2084 897 2109 nos
917 2083 967 2109 ex
986 2069 1154 2121 Anglia,
1173 2070 1245 2108 vbi
1264 2083 1377 2108 nunc
1397 2071 1685 2117 commoratur,
1705 2069 1868 2108 litteras
1886 2069 2004 2109 misit

408 2135 673 2186 plenissimas
702 2135 848 2182 officii3
879 2135 998 2173 nobis
1023 2135 1100 2173 hoc
1130 2135 1256 2174 etiam
1287 2134 1496 2185 gratiores,
1519 2134 1627 2184 quod
1654 2135 1833 2173 afferunt
1861 2147 2003 2174 secum

408 2201 460 2240 ab
477 2201 550 2239 illo
570 2200 858 2239 testimonium
882 2199 992 2251 regie
1012 2200 1134 2239 istius
1154 2199 1323 2239 virtutis
1344 2201 1384 2238 et
1404 2199 1761 2249 magnanimitatis
1780 2201 1894 2238 tuae:
1925 2213 2006 2250 qua

410 2265 801 2305 commemoratione
828 2265 936 2304 nihil
968 2265 1089 2304 nobis
1121 2267 1182 2304 est
1208 2278 1281 2315 pro
1312 2266 1454 2303 nostra
1486 2277 1649 2302 summa
1674 2264 1718 2302 in
1744 2264 2005 2304 maiestatem

353 2350 392 2372 20
410 2333 527 2370 tuam
547 2330 827 2369 beniuolentia
842 2330 1076 2369 iucundius.

465 2396 576 2435 Eum
588 2395 709 2434 nobis
721 2395 858 2434 visum
872 2397 932 2434 est
946 2395 1152 2434 maiestati
1166 2397 1260 2434 tuae
1274 2395 1571 2442 commendare,
1582 2407 1714 2445 neque
1728 2394 1791 2433 illi
1804 2407 1880 2433 nos
1893 2408 2007 2434 nunc

411 2464 565 2500 certam
592 2473 680 2499 rem
706 2460 836 2499 vllam
860 2474 883 2498 a
909 2461 949 2498 te
971 2460 1164 2510 petimus,
1190 2473 1322 2510 neque
1346 2472 1442 2498 vero
1468 2459 1554 2509 ipse
1582 2459 1660 2498 hoc
1682 2473 1705 2498 a
1732 2459 1853 2498 nobis
1870 2460 2007 2509 postu-

410 2526 495 2574 lat3
534 2526 604 2565 sed
634 2526 812 2564 facimus
851 2527 999 2575 sponte
1036 2526 1189 2573 nostra,
1230 2527 1276 2563 vt
1319 2524 1470 2575 quibus
1507 2538 1584 2563 nos
1625 2538 1675 2563 ex
1718 2525 1858 2563 animo
1902 2525 2007 2563 bene

411 2592 617 2640 volumus,
636 2591 792 2630 eisdem
811 2590 862 2629 ab
883 2590 977 2629 aliis
996 2591 1067 2640 qui
1087 2592 1272 2640 possunt,
1295 2590 1478 2628 similem
1496 2591 1757 2629 voluntatem
1782 2592 1824 2629 et
1844 2589 2009 2628 beniuo-

350 2672 391 2705 25
412 2656 587 2696 lentiam
607 2656 877 2706 requiramus.
939 2654 1032 2694 Erit
1059 2656 1189 2706 igitur
1212 2655 1332 2694 nobis
1357 2656 1627 2694 vehementer
1652 2657 1828 2706 gratum,
1851 2654 1887 2694 si
1907 2654 2005 2704 quid

413 2722 501 2772 ipse
521 2722 751 2761 maiestatis
770 2724 865 2760 tuae
884 2721 1073 2771 gratiam,
1100 2720 1287 2759 fauorem
1310 2720 1671 2759 humanitatemue
1699 2718 2003 2767 desiderauerit,

454 2828 518 2849 nr.
544 2827 608 2850 1,Εο
621 2828 711 2849 PAPA
722 2828 745 2848 x
757 2817 804 2852 β’»
813 2817 836 2858 ⁸,
850 2820 901 2848 cui
911 2827 1138 2848 cmxmssmo.
1153 2841 1160 2849 .
1175 2841 1181 2849 .
1193 2826 1450 2848 1LLVSTRISS1r10
1463 2820 1535 2849 add.
1548 2820 1576 2848 B
1589 2820 1701 2855 Corriy.
1715 2828 1724 2848 t
1739 2825 1822 2848 REGI
1833 2825 1958 2847 Auens
1971 2827 2005 2845 a:

413 2872 470 2892 om.
484 2862 529 2895 [32.
626 2871 653 2893 1.
687 2862 725 2892 in
744 2861 887 2893 Christo
903 2863 975 2892 add.
991 2863 1025 2895 β.
1095 2861 1147 2891 fili
1161 2864 1232 2892 add.
1250 2861 1297 2895 B'2.
1367 2863 1489 2892 noster
1501 2885 1508 2893 .
1524 2885 1531 2892 .
1549 2885 1557 2893 .
1571 2860 1859 2891 benedictionem
1877 2861 1952 2890 add.
1971 2860 2006 2893 β.

416 2914 464 2943 13.
490 2908 524 2935 et
540 2917 577 2936 a:
604 2915 645 2935 ex
662 2907 702 2936 H.
839 2913 887 2943 17.
913 2905 1071 2936 afferunt
1087 2903 1144 2938 <213³
1161 2915 1168 2935 ε
1191 2905 1342 2935 afferant
1357 2903 1404 2939 3¹·
1538 2914 1589 2936 22.
1615 2903 1813 2945 postulauit
1829 2905 1865 2933 Β.

787 3010 834 3039 13.
862 3000 1057 3032 domestico
1074 2999 1278 3041 congressu]
1298 3000 1349 3032 Cf.
1368 3000 1428 3040 Ep.
1449 3008 1522 3039 335.
1545 3009 1580 3030 11
1600 3009 1634 3030 n.
