2010 3417
330 113 409 152 262
791 106 1043 146 LETTERS
1083 106 1150 144 OF
1189 105 1453 145 ERAsMUS
1793 102 1916 157 [1516

331 220 475 269 Cogito
495 217 607 256 enim
628 217 781 266 quanta
799 216 905 254 mihi
924 214 1118 253 tribueris
1137 213 1300 263 vbique‚
1320 213 1387 252 vel
1413 225 1607 263 praesens
1625 226 1697 263 per
1715 213 1917 264 colloquia

331 285 396 324 vel
416 283 564 322 absens
588 294 661 331 per
682 281 843 319 litteras
869 282 939 318 aut
965 278 1242 318 communiter
1265 291 1338 328 per
1359 277 1600 326 volumina3
1629 290 1733 327 quae
1753 278 1919 328 quidem

332 350 429 387 sunt
448 347 603 385 maiora
627 358 751 397 quam
776 345 979 383 sustinere
1004 343 1177 384 valeam.
1237 343 1446 382 Iudicabis
1465 355 1561 392 ergo
1581 342 1919 382 Cantuariensem

330 411 673 462 ingratissimum,
698 410 780 449 nisi
806 410 868 448 tui
897 410 951 448 sit
977 409 1195 448 habiturus
1221 408 1423 447 rationem
1449 407 1734 446 fidelissimam
1763 409 1804 446 et
1833 421 1921 447 con-

274 497 312 519 10
332 477 643 524 stantissimam‚
669 475 765 514 licet
791 474 952 513 meritis
980 473 1242 524 inaequalem
1269 473 1585 512 et'inferiorem.
1642 472 1758 521 Quod
1782 475 1920 511 autem

331 542 545 592 sexaginta
584 540 745 579 nobiles
782 554 867 579 non
905 542 1003 579 sunt
1040 540 1239 578 hactenus
1279 539 1329 577 ad
1367 540 1408 576 te
1444 552 1516 588 per
1554 537 1921 577 commutationem

331 608 536 655 translati,
560 606 762 645 Maruffus
781 606 824 643 in
852 605 971 655 culpa
997 606 1069 653 est,
1094 604 1165 654 qui
1190 606 1232 642 et
1257 603 1440 653 suscepit
1465 603 1511 641 in
1531 616 1575 642 se
1594 603 1812 653 pecuniam
1830 603 1923 642 istic

333 673 412 712 tibi
451 686 536 710 non
575 671 822 718 defuturam,
858 684 942 708 non
980 670 1073 708 illos
1111 669 1246 708 solum
1279 669 1441 708 nobiles
1475 669 1546 707 sed
1580 682 1654 707 nec
1687 669 1918 719 ampliores.

335 738 551 776 Professus
585 738 647 775 est
681 738 819 775 autem
853 749 895 774 se
929 735 1007 774 tibi
1046 734 1207 773 dedisse
1240 734 1400 774 litteras
1438 733 1677 781 credititias‚
1711 747 1785 784 per
1822 746 1924 784 quas

276 823 313 854 15
334 816 474 853 posses
510 802 663 852 vbique
704 801 889 840 locorum
932 800 1025 839 istic
1066 801 1266 838 maiorem
1308 812 1519 838 summam
1563 813 1587 838 a
1628 799 1927 838 mercatoribus

334 868 524 919 accipere.
585 867 702 915 Quod
732 867 934 905 nuncium
963 865 1070 904 mihi
1098 865 1239 903 retulit
1267 865 1419 904 iterum
1454 864 1654 912 Bedillus,
1688 877 1812 915 quem
1839 877 1925 902 non

335 933 464 972 semel
483 932 533 972 ad
552 932 776 971 Maruffum
796 934 835 970 et
854 931 906 970 ad
925 931 1091 970 Morum
1118 944 1210 969 eam
1240 930 1291 969 ob
1315 943 1481 969 causam
1500 930 1709 968 miseram.
1766 930 1925 968 Verum

336 1013 388 1038 ne
408 998 573 1049 longius
595 998 797 1037 frauderis
822 997 910 1036 eius
935 1009 1123 1035 summae
1152 995 1392 1046 receptione,
1417 995 1538 1035 hodie
1564 994 1658 1033 misi
1679 994 1852 1034 eandem
1876 993 1927 1033 ad

338 1066 513 1111 Morum,
535 1064 598 1103 vti
616 1064 707 1112 vis3
736 1076 861 1114 quam
887 1063 964 1102 tibi
991 1063 1205 1101 commode
1232 1063 1273 1100 et
1296 1062 1449 1112 absque
1476 1074 1591 1100 mora
1610 1059 1927 1111 persoluendam

278 1150 318 1173 20
337 1130 603 1179 Antwerpiae
624 1129 795 1177 curabit,
819 1142 904 1167 non
924 1127 1080 1166 dubito.

391 1194 629 1233 Editionem
657 1196 772 1233 tuam
801 1194 848 1232 in
876 1193 1045 1232 Nouum
1073 1193 1388 1231 Testamentum
1416 1191 1573 1241 aliquot
1599 1190 1800 1230 fratribus
1826 1188 1930 1228 meis

339 1259 539 1310 episcopis
565 1261 605 1298 et
630 1259 863 1309 theologiae
883 1257 1120 1297 doctoribus
1146 1257 1466 1305 communicaui,
1489 1257 1560 1306 qui
1587 1256 1766 1295 maxime
1785 1267 1930 1305 operae

338 1326 523 1375 precium
549 1325 593 1362 in
624 1338 671 1362 ea
701 1337 743 1361 re
776 1327 817 1362 te
850 1323 992 1362 fecisse
1022 1336 1104 1361 vno
1137 1336 1203 1361 ore
1236 1324 1493 1373 profitentur.
1555 1322 1740 1370 Quorum
1777 1319 1930 1358 iudicio

339 1391 565 1429 adhaerens
584 1391 626 1428 et
645 1390 784 1428 omnia
803 1402 967 1427 summa
985 1388 1170 1427 iudicans
1186 1401 1287 1438 quae
1307 1402 1329 1426 a
1348 1390 1421 1426 tuo
1441 1387 1585 1426 diuino
1604 1386 1771 1436 ingenio
1790 1384 1932 1423 multi-

282 1475 297 1497 2
304 1474 319 1505 5
340 1455 518 1505 plicique
540 1454 726 1493 doctrina
740 1453 1067 1504 proficiscuntur,
1087 1467 1176 1491 eam
1192 1453 1388 1492 omnibus
1402 1452 1592 1491 laudibus
1607 1451 1739 1500 effero,
1759 1449 1932 1500 proinde

340 1523 387 1560 vt
403 1520 780 1570 Hieronymianam
796 1519 1066 1568 prouinciam,
1082 1533 1206 1568 quam
1221 1519 1266 1556 in
1286 1532 1332 1557 eo
1346 1532 1388 1556 es
1403 1520 1450 1557 vt
1464 1517 1704 1567 propediem
1720 1515 1931 1554 absoluas:

341 1600 413 1636 per
449 1599 551 1636 quae
585 1598 706 1636 opera
738 1585 893 1623 famam
926 1583 1207 1622 immortalem
1240 1584 1349 1622 inter
1386 1583 1590 1630 homines,
1623 1582 1732 1620 inter
1764 1594 1933 1631 superos

342 1652 529 1690 diuinam
551 1649 936 1697 remunerationem,
953 1651 992 1688 et
1011 1662 1035 1687 a
1055 1662 1122 1687 me
1141 1649 1334 1699 quicquid
1354 1648 1568 1687 commode
1585 1648 1625 1686 et
1641 1646 1934 1685 conuenienter

343 1718 548 1768 praestare
573 1717 725 1766 potero,
749 1716 1019 1764 consequeris.
1079 1714 1331 1764 Hieronymi
1354 1713 1568 1752 volumina
1592 1724 1807 1761 nunquam
1834 1710 1937 1750 satis

285 1804 325 1836 30
343 1783 507 1821 laudata
527 1796 549 1820 a
568 1781 850 1831 praesentium
865 1780 995 1818 latore
1010 1779 1144 1829 accepi
1161 1794 1169 1828 3
1195 1793 1269 1829 pro
1289 1779 1439 1829 quibus
1453 1780 1495 1816 et
1511 1778 1631 1816 Nouo
1651 1777 1929 1825 Testamento‚

344 1848 454 1898 quod
486 1847 610 1886 etiam
639 1846 712 1884 abs
748 1848 788 1884 te
821 1846 967 1895 accepi,
1000 1845 1152 1895 gratias
1185 1845 1317 1884 habeo
1351 1843 1620 1890 immortales,
1655 1842 1733 1881 hoc
1767 1843 1830 1881 est
1860 1855 1935 1892 pro

344 1912 563 1950 sudoribus
584 1924 687 1962 quos
708 1911 752 1949 in
778 1911 830 1949 iis
857 1910 1048 1961 operibus
1073 1909 1306 1948 exantlasti.
1366 1910 1582 1948 Postremo
1609 1920 1707 1958 rogo
1730 1907 1791 1946 vti
1819 1919 1938 1945 cures

345 1977 420 2016 has
452 1990 564 2016 meas
595 1977 755 2016 lit-teras
786 1977 837 2015 ad
866 1976 1138 2015 reuerendum
1174 1977 1214 2014 et
1248 1975 1455 2025 optimum
1484 1975 1653 2013 fratrem
1687 1973 1936 2023 Episcopum

346 2042 620 2081 Basiliensem
641 2042 824 2092 perferri,
848 2044 887 2080 et
906 2044 947 2080 te
972 2041 1207 2080 valetudine
1228 2054 1275 2079 eo
1301 2040 1541 2092 diligentius
1564 2039 1738 2077 liberare
1756 2038 1933 2084 studeas,

290 2128 327 2159 35
346 2110 394 2147 vt
414 2107 722 2158 quamprimum
743 2109 784 2146 te
804 2107 1030 2146 videamus.

403 2173 608 2211 Otfordiae
633 2186 678 2209 22
703 2173 830 2211 Iunii.

925 2237 1257 2277 Amantissimus
1275 2236 1338 2275 tui
1360 2235 1595 2275 Gulielmus
1614 2231 1936 2273 Oantuariensis.

396 2358 444 2379 12.
470 2347 639 2379 translati
657 2350 722 2378 MS.
739 2357 746 2377 ι
770 2347 899 2386 perlati
916 2349 957 2377 H.
1069 2346 1239 2377 Maruffus
1256 2348 1322 2377 MS.
1337 2356 1344 2377 :
1369 2344 1569 2375 mensurius
1585 2346 1620 2374 F.
1733 2344 1769 2372 et
1786 2341 1939 2381 suscepit

352 2417 360 2424 .
378 2416 385 2423 .
406 2416 414 2424 .
433 2402 486 2424 20.
503 2402 577 2422 non
593 2391 718 2422 dubito
736 2393 826 2422 Ms.:
850 2391 907 2421 διο.
923 2393 961 2429 Β,
976 2392 1013 2427 cf.
1026 2392 1085 2426 Ep.
1104 2399 1176 2428 423.
1193 2390 1234 2428 58
1247 2400 1279 2419 η.
1376 2397 1428 2427 25.
1451 2387 1603 2427 proinde
1619 2388 1709 2417 MS.:
1734 2385 1883 2426 perinde
1899 2386 1938 2414 B.

349 2445 401 2475 31.
428 2435 581 2475 gratiam
597 2458 604 2466 .
627 2459 633 2465 .
651 2458 659 2466 .
678 2434 918 2465 immortalem
934 2437 975 2465 H.
1119 2443 1170 2472 32.
1198 2433 1242 2463 iis
1261 2435 1327 2463 MS.
1345 2442 1353 2463 :
1377 2432 1435 2462 his
1450 2433 1488 2462 Β.
1585 2433 1630 2461 Β;
1657 2430 1854 2461 exanclasti
1870 2430 1937 2459 MS.

350 2480 402 2519 36.
426 2483 455 2510 B
470 2491 477 2510 :
499 2478 700 2510 Ortfordiae
712 2480 779 2509 MS.
871 2487 912 2507 22
928 2480 994 2508 MS.
1009 2489 1014 2507 ε
1041 2486 1126 2508 xxn.
1143 2476 1200 2507 die
1216 2479 1262 2507 B:
1287 2474 1613 2506 vicesimasecunda
1629 2473 1687 2504 die
1702 2476 1748 2505 F:
1770 2472 1940 2503 vicesima

351 2524 408 2554 die
424 2526 470 2598 133
553 2523 655 2554 Iunii
670 2524 738 2553 MS.
756 2533 763 2552 ε
787 2521 921 2553 mensis
937 2521 1025 2551 Iulii
1042 2524 1078 2551 B.
1212 2530 1266 2560 37.
1289 2518 1572 2551 Amantissimus
1588 2541 1596 2549 .
1616 2540 1624 2548 .
1642 2541 1649 2549 .
1667 2515 1938 2548 cantuariensis

351 2569 422 2598 add.
486 2578 493 2597 ε
516 2576 573 2596 om.
594 2569 635 2597 H.

399 2686 449 2707 11.
473 2675 656 2715 sexaginta
682 2673 837 2714 nobiles]
865 2673 938 2704 The
963 2674 1111 2703 amount
1226 2680 1278 2710 33.
1306 2669 1460 2711 litteras]
1487 2669 1538 2701 Of.
1563 2669 1652 2708 Epp.
1674 2677 1748 2708 477,
1772 2666 1845 2706 481,
1871 2664 1941 2696 and

355 2720 392 2750 of
411 2717 590 2750 Erasmus'
613 2718 763 2758 pension
790 2716 882 2747 from
912 2716 1112 2756 Aldington
1183 2716 1257 2754 488.
1285 2725 1334 2755 19,
1353 2724 1418 2752 203
1448 2712 1634 2751 evidently
1657 2711 1858 2749 answering
1879 2708 1941 2740 the

354 2764 408 2793 for
425 2773 444 2794 a
459 2772 564 2802 year3
588 2763 631 2792 ef.
649 2762 712 2801 Ep.
731 2770 793 2800 255
811 2761 941 2791 introd.
1183 2759 1289 2790 letter
1304 2756 1513 2788 mentioned
1530 2757 1571 2787 in
1587 2756 1650 2795 Ep.
1669 2755 1742 2794 456.
1765 2763 1839 2793 154.
1855 2761 1884 2792 5.
