2010 3417
155 143 181 189 Ξῖ
190 155 209 192 3
219 139 257 195 1]
609 140 678 180 ΤΟ
718 141 981 180 WILLIAM
1021 140 1292 180 BUDAEUS
1668 139 1747 176 473

159 264 257 290 nem
277 250 569 290 candidissimo
588 253 764 301 pectore,
785 250 906 301 plane
925 251 975 289 ad
995 250 1227 289 amiciciam
1248 252 1381 299 natus,
1403 250 1521 289 cuius
1540 248 1749 288 familiari-

153 320 219 355 tas
237 316 343 355 mihi
357 329 443 355 non
462 316 659 355 mediocri
677 316 881 365 voluptati
898 316 993 356 fuit.

211 382 272 420 De
291 382 375 420 tuis
397 381 583 431 epistolis
602 382 846 420 mendosius
860 381 1020 420 excusis
1044 394 1128 419 non
1150 381 1302 420 iniuria
1331 381 1579 430 expostulas,
1640 379 1748 418 Nam

154 447 266 486 idem
285 442 392 486 mihi
410 460 571 497 quoque
591 460 675 485 non
695 446 953 485 mediocriter
968 447 1231 485 stomachum
1246 447 1434 485 mouerat
1451 460 1460 494 ;
1489 445 1558 484 sed
1579 447 1747 484 vnicum
1767 460 1806 491 5²
1813 460 1830 490 5

156 512 269 551 hunc
288 512 489 551 habemus
507 514 749 564 τυπογράφον
766 513 826 550 καὶ
840 513 969 551 τοῦτόν
994 530 1036 564 γε
1056 512 1158 557 ἄξιον
1177 515 1290 562 ἡμῶν.
1340 512 1558 550 Caeterum
1582 523 1649 549 eas
1667 509 1748 559 epi-

155 577 281 616 stolas
301 578 452 616 Petrus
471 577 682 628 Aegidius,
713 578 764 617 ab
793 578 895 616 actis
920 578 1056 616 curiae
1085 576 1417 627 Antuerpiensis,
1441 577 1505 615 vir
1534 576 1680 614 doctus
1706 576 1747 613 et

154 642 364 681 humanus
383 642 526 693 tuique
545 643 727 682 nominis
746 643 855 681 inter
873 643 1028 693 primos
1048 643 1270 691 studiosus,
1290 641 1545 692 euulgandas
1563 640 1747 680 curauit:

155 721 223 746 me
249 720 346 746 sane
366 721 449 746 non
470 708 639 758 quidem
661 708 833 757 conscio,
858 708 928 746 sed
948 710 1088 747 tamen
1109 707 1304 746 nonnihil
1330 707 1560 757 suspicante
1588 707 1629 744 et
1654 719 1747 744 con-

154 773 327 811 niuente
346 773 483 812 verius
503 787 628 823 quam
648 774 825 820 volente,
849 774 957 824 quod
975 786 1166 823 cuperem
1189 775 1282 811 tuas
1303 773 1451 811 saltem
1471 771 1523 810 ab
1553 771 1747 809 omnibus
1768 785 1831 817 530

148 837 456 888 ·e1·uditislegi;
486 839 552 877 vel
573 839 625 877 ob
645 839 721 877 hoc
748 838 885 888 ipsum
912 852 993 888 quo
1021 840 1093 876 tua
1121 839 1208 877 tam
1238 837 1418 887 insignis
1445 835 1747 886 praeminentia

154 903 408 941 nostratium
438 906 656 942 veternum
687 905 894 942 excuteret
928 905 969 941 et
1007 903 1260 942 altissimum
1289 903 1400 940 hunc
1428 914 1624 940 somnum
1651 902 1746 938 tuae

151 966 393 1017 vigilantiae
421 968 584 1007 claritas
613 968 863 1018 dispelleret.
922 969 983 1007 De
1011 969 1100 1006 iure
1128 968 1256 1007 trium
1285 967 1511 1006 liberorum
1536 966 1741 1015 adempto,

149 1032 200 1070 de
219 1045 302 1071 vno
321 1047 390 1072 sex
419 1034 647 1072 liberorum
675 1034 861 1083 abducto,
887 1047 1052 1072 mecum
1080 1047 1177 1083 agas
1205 1035 1366 1083 oportet
1394 1032 1511 1070 cuius
1539 1044 1676 1070 errore
1700 1030 1743 1068 id

151 1098 308 1136 factum
337 1101 398 1137 est
414 1114 423 1147 ;
464 1099 534 1138 sed
565 1099 683 1137 breui
714 1098 792 1137 tibi
820 1099 1018 1137 sarcietur
1049 1099 1125 1137 hoc
1157 1098 1311 1146 damni,
1342 1098 1382 1136 id
1410 1098 1649 1135 curaturum
1678 1108 1744 1134 me
1764 1112 1826 1143 535

149 1162 312 1213 recipio,
333 1164 456 1214 idque
474 1164 724 1214 propediem.

206 1228 265 1266 At
296 1242 391 1267 vero
425 1228 530 1279 quod
564 1231 658 1267 tuas
690 1229 733 1267 in
765 1229 933 1268 Nouum
965 1230 1281 1267 Testamentum
1312 1227 1600 1266 annotationes
1637 1226 1744 1265 mihi

144 1292 291 1331 cedere
309 1294 385 1341 vis,
403 1307 527 1344 queso
546 1307 599 1332 an
619 1307 704 1332 non
723 1294 895 1343 pudebit
915 1294 1085 1343 posthac
1104 1294 1205 1332 istos
1224 1293 1294 1343 qui
1308 1293 1418 1332 Vltro
1437 1292 1744 1330 lucubrationes

141 1357 304 1397 ,alienas
323 1359 404 1397 sibi
415 1359 642 1406 vindicant,
661 1362 731 1398 aut
750 1359 821 1410 qui
839 1359 919 1398 sibi
938 1359 1104 1407 habent,
1130 1359 1172 1397 in
1192 1358 1324 1398 literis
1343 1357 1537 1408 quicquid
1558 1357 1711 1395 habent
1724 1358 1745 1395 Ῥ

146 1423 184 1461 Ο
203 1425 348 1473 pectus
367 1437 461 1462 vere
481 1424 704 1463 candidum
716 1427 839 1475 atque
859 1425 1040 1463 amicum
1055 1426 1098 1462 et
1117 1425 1168 1463 ab
1188 1423 1304 1462 omni
1323 1422 1576 1461 inuidentiae
1595 1422 1742 1460 morbo
1762 1439 1825 1469 540

140 1487 475 1528 alienissimum!
532 1490 656 1528 Recte
682 1490 840 1529 dictum
868 1493 931 1529 est
960 1491 1180 1540 scriptores
1199 1502 1321 1539 opera
1350 1502 1422 1527 sua
1447 1501 1531 1526 non
1561 1500 1678 1526 secus
1696 1500 1743 1525 ac

146 1553 300 1592 liberos
327 1555 527 1594 adamare.
587 1556 651 1594 Tu
683 1570 767 1594 non
797 1556 983 1606 grauaris
1010 1558 1133 1594 tuum
1163 1555 1300 1593 filium
1328 1554 1525 1602 fraudare,
1564 1567 1644 1603 quo
1672 1565 1740 1590 me

144 1618 279 1668 dites3
307 1622 349 1658 et
378 1634 473 1658 cum
493 1621 703 1671 plaerique
728 1635 802 1671 pro
821 1622 953 1671 gloria
971 1621 1142 1671 perinde
1160 1623 1283 1670 atque
1310 1633 1384 1669 pro
1410 1619 1496 1657 vita
1516 1617 1738 1669 digladien-

149 1685 229 1732 tur,
251 1687 298 1722 tu
327 1698 413 1723 non
446 1699 608 1724 recusas
641 1688 758 1724 tuam
786 1686 917 1735 ipsius
943 1686 1115 1736 gloriam
1145 1687 1189 1724 in
1218 1686 1398 1724 amicum
1432 1683 1734 1722 transfundere.

143 1748 249 1797 Quis
281 1749 358 1788 hoc
386 1750 604 1800 ingenium
626 1765 712 1789 non
740 1751 914 1799 adamet,
943 1765 1028 1789 non
1058 1751 1346 1789 deosculetur?
1402 1749 1480 1788 Sed
1510 1762 1606 1787 caue
1633 1749 1740 1787 faxis
1758 1764 1819 1796 545

145 1814 269 1862 istud,
292 1814 353 1854 mi
372 1814 548 1854 Budaee.
608 1816 751 1865 Neque
776 1817 888 1854 enim
907 1816 989 1854 mei
1009 1816 1164 1866 ingenii
1183 1818 1246 1853 est
1266 1814 1415 1853 alienis
1433 1814 1582 1863 opibus
1599 1813 1738 1853 vendi·

145 1883 231 1919 tare
259 1894 338 1928 me,
361 1881 525 1919 etiamsi
554 1880 597 1919 in
619 1881 837 1920 Hebraicis
860 1894 1004 1931 passus
1031 1894 1126 1919 sum
1150 1881 1343 1919 nonnihil
1373 1893 1516 1930 operae
1541 1879 1738 1918 subsidia·

145 1945 227 1983 riae
245 1960 254 1992 3
291 1946 362 1984 sed
394 1946 434 1984 id
468 1959 566 1984 sane
602 1959 802 1996 perparce,
842 1960 916 1985 nec
949 1946 1262 1985 dissimulanter
1298 1948 1453 1984 tamen.
1512 1945 1649 1984 Simul
1687 1944 1738 1983 de

145 2010 342 2049 studiosis
360 2010 537 2060 pessime
557 2024 724 2059 merear,
748 2012 782 2049 si
804 2025 850 2050 ea
868 2011 972 2050 mihi
1000 2025 1216 2061 sumpsero
1243 2024 1346 2061 quae
1373 2011 1458 2049 scio
1483 2010 1649 2048 felicius
1665 2009 1738 2048 abs

145 2078 186 2113 te
206 2077 428 2114 tractatum
448 2076 510 2113 iri.
545 2076 732 2126 Denique
747 2090 842 2115 cum
860 2076 1026 2127 publica
1040 2076 1197 2125 feceris,
1212 2089 1304 2114 mea
1318 2076 1596 2114 nihilominus
1614 2077 1736 2113 erunt
1756 2087 1818 2118 550

140 2154 270 2190 -quam
290 2142 371 2190 tua,
389 2141 610 2190 licebitque
630 2141 684 2179 iis
701 2141 765 2179 vti
782 2154 878 2180 cum
897 2141 1053 2180 Budaei
1071 2141 1155 2179 mei
1170 2142 1504 2189 nomenclatura3
1532 2140 1640 2191 quod
1660 2153 1736 2190 ego

144 2208 327 2244 nontam
343 2206 512 2245 candide
527 2206 632 2244 facio
645 2220 770 2256 quam
785 2207 1012 2245 ambitiose.
1031 2207 1145 2246 Illud
1160 2208 1282 2245 modo
1296 2206 1500 2254 volebam,
1518 2206 1736 2256 degustato

137 2285 264 2321 *opere
293 2274 435 2311 nostro
463 2273 729 2311 submoneres
753 2273 789 2311 si
807 2272 905 2323 quid
924 2272 1189 2322 desyderares
1207 2275 1280 2311 aut
1308 2273 1343 2310 si
1370 2272 1468 2322 quid
1497 2272 1731 2318 offenderet,

142 2339 190 2374 vt
218 2337 259 2375 id
291 2337 334 2375 in
353 2338 542 2387 proxima
561 2337 775 2386 aeditione,
809 2351 933 2387 quam
961 2338 1128 2386 adorno,
1148 2338 1296 2376 sarcire
1323 2337 1474 2376 liceret.
1536 2336 1734 2376 Nondum

142 2401 228 2439 scio
247 2414 299 2440 an
318 2403 394 2441 hoc
415 2416 575 2452 quoque
604 2403 773 2441 nomine
791 2403 870 2441 tibi
890 2403 1061 2442 debeam
1081 2403 1233 2453 gratias
1256 2416 1384 2452 agere,
1408 2402 1516 2452 quod
1537 2401 1732 2440 omnibus
1751 2411 1813 2442 555

143 2466 370 2505 virtutibus
401 2467 535 2506 multo
558 2467 848 2506 ornatissimus
874 2469 1046 2507 Praesul
1077 2468 1333 2515 Parisiensis,
1367 2467 1439 2517 qui
1466 2479 1577 2505 nunc
1606 2465 1733 2504 vestri

144 2531 271 2580 Regis
301 2531 471 2570 nomine
499 2532 608 2581 apud
637 2534 829 2571 nostrum
857 2532 1061 2583 legatione
1089 2533 1291 2582 fungitur,
1313 2545 1379 2570 me
1408 2531 1547 2570 credat
1575 2530 1731 2580 aliquid

139 2610 233 2635 esse
252 2596 298 2634 111
316 2597 436 2635 bonis
454 2596 620 2635 litteris.
662 2598 725 2636 Ac
743 2611 912 2647 prorsus
930 2611 1102 2648 agerem,
1121 2598 1167 2636 ni
1184 2598 1295 2636 istud
1315 2597 1536 2635 immodice
1555 2596 1728 2643 fecisses,

141 2664 188 2699 vt
208 2661 459 2700 incusandus
477 2661 582 2700 mihi
602 2662 658 2700 sis
676 2662 826 2712 potius,
841 2663 912 2713 qui
932 2665 1097 2701 tantum
1117 2663 1258 2701 virum
1276 2662 1320 2700 in
1339 2664 1507 2700 tantum
1518 2661 1732 2700 induxeris

141 2739 347 2775 errorem;
376 2726 581 2776 simulque
600 2740 737 2765 meam
751 2727 947 2777 inopiam,
971 2741 1094 2777 quam
1116 2727 1329 2778 oportebat
1343 2726 1421 2765 tibi
1440 2740 1524 2765 non
1542 2727 1731 2776 ignotam
1749 2726 1814 2767 560

186 2836 260 2872 536.
286 2835 393 2874 idque
410 2836 448 2865 C:
473 2835 510 2864 et
526 2834 672 2873 quidem
688 2838 724 2866 F.
879 2836 953 2874 538.
979 2835 1101 2866 cedere
1119 2838 1158 2866 C:
1184 2834 1325 2866 credere
1343 2837 1379 2866 F.
1535 2845 1607 2874 539.
1633 2835 1671 2865 in
1689 2837 1728 2866 G:

142 2888 213 2908 non
234 2881 275 2909 H.
407 2887 482 2916 542.
506 2879 610 2908 tuum
629 2889 685 2909 om.
704 2881 745 2910 H.

278 2986 352 3023 526.
377 2985 597 3028 τυπογράφον]
616 2987 785 3018 Martem.
877 2997 951 3026 547.
979 2987 1182 3029 Hebraicis]
1208 2988 1261 3020 Cf.
1278 2989 1341 3028 Ep.
1360 2998 1433 3028 324.
1451 2998 1490 3028 31
1511 2997 1545 3020 n.
