2010 3417
310 160 387 198 186
773 158 1023 198 LETTERS
1062 158 1131 198 OF
1166 159 1432 199 ERASMUS
1770 157 1808 212 [1
1817 170 1838 208 5
1848 172 1862 197 1
1871 161 1895 197 6

248 269 289 310 65
307 270 368 305 est
397 267 528 316 operis
555 267 686 305 videri
715 268 875 316 poterat
903 265 1111 305 humilius
1139 280 1264 317 quam
1291 270 1337 306 vt
1364 267 1402 306 ei
1430 268 1652 306 dicandum
1681 271 1787 308 esset
1815 283 1895 320 quo

306 331 412 369 nihil
426 331 559 369 maius
574 331 697 369 habet
716 330 783 368 hic
804 330 917 369 orbis
924 344 933 377 3
963 331 1044 369 nisi
1059 332 1297 370 conueniret
1311 333 1358 370 vt
1372 331 1566 382 quicquid
1585 331 1637 370 ad
1657 332 1896 382 religionem

306 395 620 434 instaurandam
639 395 828 445 pertinet,
853 395 965 434 haud
984 395 1055 434 alii
1075 397 1337 435 consecretur
1356 409 1480 447 quam
1499 408 1665 436 summo
1684 396 1899 446 religionis

304 459 480 509 principi
498 462 539 498 et
558 460 692 498 eidem
712 460 918 499 assertori.

358 523 503 574 Neque
530 526 667 563 metus
695 526 758 563 est
784 538 836 563 ne
865 538 1020 563 munus
1047 525 1126 564 hoc
1155 527 1344 564 nostrum
1372 524 1652 576 qualecunque
1680 526 1737 565 sis
1766 539 1898 577 asper·

249 602 288 635 70
305 591 487 638 naturus,
512 590 585 640 qui
611 603 693 628 non
720 590 807 629 loco
830 592 998 629 tantum
1024 590 1174 629 referas
1198 590 1320 630 illum
1346 591 1418 642 qui
1444 591 1612 630 donaria
1637 605 1723 631 non
1749 591 1901 642 preciis

305 655 375 693 sed
396 655 549 694 animis
568 655 717 694 solitus
737 656 793 695 sit
809 656 1038 705 aestimare,
1058 655 1130 706 qui
1144 656 1225 695 duo
1240 656 1450 696 minutula
1468 657 1737 707 pauperculae
1750 657 1900 696 viduae

305 719 534 769 splendidis
571 722 613 758 et
651 720 801 771 opimis
837 720 1018 759 diuitum
1056 721 1235 759 donariis
1271 721 1522 772 praetulerit.
1592 722 1685 761 Iam
1722 735 1776 760 an
1813 735 1899 761 non

305 784 452 823 cotidie
488 785 677 824 videmus
719 785 829 824 inter
871 799 970 824 auro
1008 787 1265 836 gemmisque
1302 786 1506 825 radiantia
1543 800 1688 837 regum
1726 787 1898 826 donaria

306 850 567 899 pratensibus
594 851 776 889 flosculis
809 853 881 890 aut
910 851 1173 890 hortensibus
1206 851 1393 890 herbulis
1427 852 1690 891 concinnatas
1723 851 1899 891 corollas

249 928 286 962 75
306 916 503 965 suspendi
521 915 640 964 diuis,
660 929 760 966 quas
780 929 822 954 re
841 916 988 965 tenuis,
1009 916 1161 966 pietate
1182 916 1297 955 diues
1315 917 1436 955 offert
1454 917 1692 967 plaebecula
1706 919 1726 956 ⁶?
1781 917 1896 956 Alio-

306 979 379 1029 qui
404 980 599 1030 quicquid
621 981 727 1020 illud
751 983 813 1020 est
838 994 909 1020 seu
935 994 1135 1031 magnum
1161 995 1232 1020 seu
1259 981 1470 1031 pusillum,
1495 995 1568 1021 seu
1593 982 1802 1021 ludicrum
1824 995 1896 1021 seu

304 1045 494 1095 saerium,
519 1047 626 1096 quod
653 1047 779 1086 huius
803 1046 1003 1097 ingenioli
1022 1047 1180 1085 fundus
1198 1047 1449 1097 produxerit,
1473 1047 1514 1085 id
1535 1060 1668 1096 omne,
1689 1050 1735 1086 vt
1755 1046 1899 1086 nullus

306 1110 501 1158 dedicem‚
533 1114 676 1161 suopte
704 1113 794 1150 iure
827 1112 907 1150 sibi
936 1114 1073 1162 potest
1101 1112 1311 1150 vindicare
1340 1125 1532 1151 summus
1561 1112 1632 1151 ille
1661 1113 1768 1162 apud
1801 1124 1899 1151 suos

305 1175 510 1214 virtutum
542 1189 588 1216 ac
624 1177 838 1216 literarum
876 1177 1067 1216 omnium
1104 1177 1320 1216 Mecoenas
1357 1179 1398 1216 et
1435 1177 1624 1226 antistes,
1661 1176 1901 1217 Gulielmus

248 1246 288 1276 80
306 1240 537 1280 Vuaramus
574 1242 903 1292 archiepiscopus
942 1242 1260 1291 cantuariensis,
1296 1243 1424 1281 totius
1458 1242 1637 1292 Angliae
1667 1256 1752 1281 non
1781 1241 1898 1281 tituli

305 1307 470 1345 tantum
489 1306 644 1345 honore
670 1307 837 1357 primas,
861 1320 907 1346 ac
931 1309 1027 1346 tuae
1051 1307 1284 1346 sanctitatis
1309 1307 1480 1357 legatus,
1504 1309 1551 1346 vt
1569 1310 1729 1355 vocant,
1753 1309 1897 1345 natus:

306 1371 372 1409 cui
398 1372 605 1421 meipsum
634 1385 795 1422 quoque
825 1375 1004 1422 quantus
1034 1374 1214 1422 quantus
1247 1385 1342 1411 sum
1376 1373 1513 1421 debeo,
1545 1386 1630 1411 non
1660 1372 1782 1411 modo
1810 1372 1899 1410 vni·

308 1448 475 1475 uersum
503 1437 631 1475 studii
659 1438 741 1475 mei
768 1439 1032 1487 prouentum.
1093 1437 1304 1487 Siquidem
1333 1437 1370 1476 is
1396 1438 1454 1486 (vt
1483 1451 1535 1476 ne
1564 1438 1698 1475 dicam
1726 1437 1897 1475 interim

307 1501 539 1540 cuiusmodi
567 1504 658 1540 tum
683 1502 847 1552 publice
873 1504 966 1541 tum
991 1502 1189 1552 priuatim
1214 1503 1260 1540 in
1283 1516 1350 1541 me
1374 1502 1513 1552 fuerit)
1532 1502 1574 1540 id
1599 1504 1781 1552 praestat
1800 1514 1896 1540 suae

248 1571 287 1610 85
307 1566 547 1605 Britanniae
585 1567 694 1616 quod
733 1568 816 1606 Leo
855 1569 1036 1617 praestat
1074 1568 1165 1606 orbi
1202 1570 1432 1606 terrarum:
1489 1568 1679 1617 quodque
1718 1567 1897 1606 Medicea

307 1631 454 1669 domus
492 1631 576 1669 iam
615 1632 715 1670 olim
753 1634 815 1671 est
851 1632 997 1671 Italiae
1035 1633 1102 1672 vel
1139 1633 1217 1672 hoc
1255 1632 1426 1671 nomine
1464 1635 1669 1671 terrarum
1707 1633 1896 1671 omnium

306 1695 578 1745 felicissimae,
601 1697 676 1735 hoc
704 1698 740 1735 is
769 1698 855 1735 suis
883 1699 945 1735 est
971 1697 1135 1747 Anglis‚
1158 1711 1232 1736 ceu
1261 1697 1438 1736 salutare
1464 1697 1669 1748 quoddam
1698 1697 1823 1745 sidus,
1845 1697 1898 1736 ab

308 1760 409 1810 ipsis
438 1761 536 1799 fatis
558 1762 603 1799 in
629 1762 705 1800 hoc
732 1762 852 1801 datus
871 1765 917 1800 vt
942 1775 988 1800 eo
1011 1762 1194 1812 praeside
1221 1762 1414 1813 quicquid
1441 1765 1504 1802 est
1530 1762 1733 1801 bonarum
1756 1774 1898 1800 rerum

306 1825 529 1876 repullulet
555 1839 601 1864 ac
628 1827 868 1865 subolescat.
928 1826 1037 1865 Nam
1059 1828 1228 1877 perinde
1251 1828 1368 1877 quasi
1387 1840 1468 1866 vno
1495 1827 1541 1865 in
1563 1827 1732 1866 homine
1756 1827 1896 1876 plures

247 1908 289 1941 90
306 1891 393 1930 sint
411 1891 556 1930 heroes
575 1894 616 1929 et
636 1893 809 1930 vnicum
828 1894 970 1942 pectus
989 1905 1074 1931 non
1093 1892 1269 1942 simplex
1289 1892 1494 1931 inhabitet
1513 1905 1682 1941 numen,
1699 1893 1758 1931 ita
1777 1892 1898 1931 miris

306 1957 442 1995 modis
469 1957 820 2007 arehiepiscopum
849 1958 955 2007 gerit
984 1957 1186 2006 ecclesiae,
1207 1958 1390 2008 legatum
1418 1958 1505 1997 sedi
1533 1958 1783 2007 Rhomanae,
1806 1970 1899 1996 con·

306 2021 510 2060 siliarium
537 2022 679 2072 regiae,
711 2022 1002 2061 cancellarium
1029 2023 1224 2072 iusticiae,
1257 2023 1539 2062 Mecoenatem
1567 2023 1743 2071 studiis3
1780 2022 1897 2061 cuius

308 2100 428 2136 opera
446 2086 712 2136 potissimum
731 2088 888 2126 factum
913 2090 976 2126 est
994 2089 1041 2127 vt
1064 2087 1201 2126 insula
1227 2087 1310 2126 iam
1331 2088 1433 2126 olim
1452 2088 1565 2136 viris,
1587 2088 1714 2126 armis
1734 2088 1897 2138 opibus·

307 2164 386 2200 que
405 2151 575 2201 pollens,
599 2165 709 2189 nunc
729 2152 900 2201 optimis
926 2152 1028 2190 item
1053 2152 1226 2202 legibus,
1248 2152 1455 2202 religione,
1479 2152 1674 2201 moribus,
1695 2152 1746 2190 ad
1769 2154 1895 2191 extre-

249 2230 288 2262 95
306 2229 424 2255 mum
446 2216 626 2266 ingeniis
653 2217 768 2255 omni
794 2217 1009 2256 literarum
1028 2229 1176 2267 genere
1201 2217 1415 2267 perpolitis
1440 2217 1539 2255 adeo
1565 2217 1707 2255 floreat
1728 2219 1773 2255 vt
1800 2230 1895 2256 cum

307 2281 454 2331 quauis
474 2283 728 2320 caeterarum
749 2281 964 2330 regionum
983 2281 1113 2331 possit
1131 2295 1180 2319 ex
1199 2295 1327 2332 aequo
1347 2281 1605 2320 contendere.

361 2346 518 2384 Verum
544 2359 624 2395 quo
649 2346 775 2385 latius
799 2346 925 2385 huius
950 2346 1101 2385 laboris
1122 2347 1253 2385 nostri
1275 2349 1460 2386 manaret
1481 2347 1651 2396 vtilitas‚
1674 2347 1813 2386 visum
1832 2350 1894 2387 est

306 2411 371 2449 tui
398 2410 581 2449 nominis
608 2411 716 2460 apud
746 2424 891 2449 omnes
923 2411 1171 2449 sacrosancti
1200 2424 1273 2449 ceu
1301 2411 1506 2450 lenocinio
1536 2412 1715 2461 quodam
1744 2413 1796 2450 ad
1823 2426 1896 2463 pu·

305 2476 457 2515 blicam
490 2476 601 2514 orbis
630 2476 747 2514 abuti
776 2476 1121 2524 commoditatem,
1151 2477 1393 2526 praesertim
1424 2490 1518 2515 cum
1549 2477 1630 2515 huc
1659 2480 1775 2516 vocet
1805 2478 1896 2528 ipsa

230 2556 289 2579 100
307 2553 467 2590 quoque
495 2541 554 2578 rei
582 2540 685 2579 ratio
701 2555 710 2588 ;
743 2541 851 2590 quod
879 2541 1052 2590 pulchre
1081 2541 1332 2590 congruebat
1360 2544 1405 2580 vt
1431 2542 1546 2581 illius
1575 2543 1768 2592 auspiciis
1795 2543 1893 2582 haec

306 2605 540 2644 Christiana
551 2606 810 2656 philosophia
822 2606 1070 2645 diriuaretur
1088 2607 1139 2645 ad
1159 2607 1317 2646 omneis
1329 2607 1535 2656 mortales,
1553 2608 1625 2658 qui
1637 2609 1896 2648 Christianae

306 2667 518 2717 religionis
535 2671 691 2707 teneret
710 2682 855 2718 arcem,
877 2682 922 2708 ac
941 2682 1015 2719 per
1039 2682 1134 2708 eum
1159 2670 1486 2720 proficisceretur
1505 2671 1692 2710 doctrina
1710 2671 1895 2710 coelestis
1930 2678 1933 2680 “

307 2732 358 2770 ad
377 2733 591 2772 Vniuersos
618 2733 818 2782 homines,
848 2747 921 2784 per
949 2748 1072 2784 quem
1100 2735 1292 2774 Christus
1320 2748 1396 2774 nos
1420 2735 1555 2774 voluit
1580 2736 1760 2786 accipere
1787 2736 1895 2787 quic-

308 2797 404 2845 quid
441 2798 633 2837 homines
666 2812 687 2837 e
720 2800 841 2837 terris
877 2799 1017 2838 euehit
1053 2799 1099 2838 in
1137 2801 1307 2838 coelum.
1378 2800 1620 2850 Quanquam
1657 2801 1756 2839 adeo
1793 2800 1892 2851 quid

232 2877 289 2908 105
308 2862 475 2900 tandem
491 2865 602 2902 vetat
621 2877 701 2913 quo
721 2864 862 2903 minus
881 2864 948 2902 hic
967 2864 1071 2903 liber
1090 2865 1255 2915 gemina
1277 2866 1632 2904 commendatione
1651 2865 1791 2912 fultus,
1816 2865 1892 2903 hoc

353 2963 403 2991 71.
429 2955 475 2985 sit
492 2967 534 2987 a:
556 2958 609 2987 est
625 2969 648 2988 ε.
756 2967 807 2996 72.
834 2957 1006 2998 praetulit
1021 2970 1045 2989 ε.
1151 2959 1204 2990 80.
1228 2958 1429 2990 Vuaramus
1445 2961 1518 2990 add.
1536 2971 1569 2999 γ.
1672 2969 1722 2998 90.
1747 2959 1893 2990 vnicum

307 2999 429 3036 pectus
444 3008 481 3030 a:
507 2999 545 3029 in
562 3001 666 3030 vnico
682 3002 824 3039 pectore
840 3003 865 3031 δ.
1003 3011 1072 3033 101.
1096 3001 1322 3033 deriuaretur
1337 3014 1361 3034 ε.
