2010 3417
277 169 358 209 458
744 168 995 208 LETTERS
1034 169 1105 207 oF
1142 169 1409 209 ERASMUs
1753 167 1874 223 [1517

277 281 323 317 in
348 292 390 316 re
417 278 453 317 si
480 278 579 328 quid
601 291 624 316 a
643 278 764 316 nobis
783 278 873 316 fieri
892 278 1015 325 voles,
1038 278 1206 328 impera.
1269 280 1377 318 Nam
1403 281 1506 319 meis
1532 281 1666 319 literis
1685 282 1879 319 euocatus

279 348 317 382 et
350 344 563 382 lubentius
599 343 810 382 aduolabit
843 345 884 382 et
914 343 1099 389 celerius⁷
1131 357 1184 382 110
1217 344 1327 383 nihil
1364 345 1535 384 interim
1573 346 1793 397 magnifice
1827 345 1878 384 de

278 409 436 458 meipso
461 409 623 448 dicam:
653 409 845 457 maxime,
869 410 904 448 si
930 410 1285 460 quemadmodum
1314 409 1437 448 illum
1463 411 1553 460 tibi,
1574 411 1634 450 ita
1660 414 1701 450 te
1723 411 1789 449 illi
1815 411 1879 449 de-

276 475 459 523 pinxero.
517 475 597 513 Sed
616 474 719 513 heus
733 476 790 523 tu,
805 475 948 513 vacuis
967 476 1153 525 epistolis
1169 489 1254 514 non
1275 477 1338 514 est
1357 476 1624 515 accersendus
1640 493 1648 525 ;
1677 477 1879 516 viaticum

201 551 260 572 120
277 538 454 577 addatur
474 542 636 590 oportet
656 540 774 578 velut
793 540 937 579 arrabo
958 541 1107 591 reliqui
1125 542 1333 591 promissi.

330 604 438 643 Vide
458 618 582 655 quam
601 605 866 644 familiariter
888 608 1026 645 tecum
1053 619 1171 657 agam
1199 620 1271 645 ceu
1298 609 1393 646 tuae
1420 606 1680 645 celsitudinis
1709 607 1875 646 oblitus.

278 670 358 708 Sed
378 670 436 708 ita
455 684 522 709 me
541 673 613 710 tua
632 671 817 721 corrupit
839 671 1091 720 humanitas,
1115 686 1217 722 quae
1247 672 1355 710 hanc
1379 672 1520 710 docuit
1545 672 1879 722 impudentiam3

276 748 402 784 quam
431 738 501 774 aut
529 738 661 775 totam
690 737 878 786 ignoscas
908 739 1069 786 oportet
1089 740 1160 776 aut
1180 738 1333 776 bonam
1363 739 1473 776 certe
1500 739 1661 788 partem
1690 738 1771 776 tibi
1800 737 1881 788 ipsi

279 800 472 850 imputes.

199 876 258 907 125
333 865 448 905 Bene
468 867 561 905 vale
581 867 840 917 Antuerpiae
860 868 1141 906 decimosexto
1163 869 1237 908 cal.
1260 869 1365 908 Mar.
1386 869 1513 907 Anno
1535 865 1640 921 [no.]
1661 881 1842 908 M.D.XV1.

1232 935 1433 973 Erasmus
1454 934 1767 972 Roterodamus.

763 1052 904 1095 52‘¹530
965 1054 1028 1096 To
1060 1055 1253 1095 ANTONY
1285 1053 1455 1096 CLAVA.

279 1133 451 1179 Epistole.
470 1137 664 1182 elegantes
681 1138 726 1172 f0.
745 1139 785 1172 n3
801 1143 850 1173 v0.
1520 1138 1714 1183 Antwerp.

280 1193 332 1228 ΟΖ.
344 1206 378 1239 p.
398 1204 462 1238 144
480 1208 486 1230 :
507 1195 544 1230 F.
560 1208 594 1241 p.
607 1207 676 1242 49:
694 1196 787 1231 HN:
806 1197 925 1232 Lond.
938 1197 962 1231 i.
980 1208 1041 1242 27:
1065 1198 1136 1233 LB.
1150 1198 1247 1244 App.
1263 1208 1342 1241 401.
1414 1196 1469 1243 (o.
1489 1207 1530 1240 14
1547 1197 1736 1242 February
1754 1196 1879 1243 1517.)

339 1285 546 1317 ERASMVS
578 1288 912 1320 ROTERODAMVS
945 1290 1146 1321 ANTONIO
1177 1290 1358 1321 CLAVAE
1388 1288 1681 1320 CONSILIARIO
1713 1289 1748 1320 S.
1779 1289 1822 1320 D.

334 1366 398 1404 DE
431 1369 585 1407 sororis
623 1369 739 1408 obitu
777 1371 1008 1410 consolarer
1046 1373 1098 1420 te,
1133 1372 1200 1411 vir
1238 1371 1514 1419 ornatissime,
1556 1370 1603 1408 ni
1638 1384 1881 1420 persuasum

278 1432 474 1471 haberem
493 1434 799 1483 aegritudinem
825 1436 962 1485 istam,
985 1450 1110 1487 quam
1135 1437 1181 1475 in
1208 1438 1304 1476 aliis
1328 1436 1435 1476 lenit
1460 1435 1689 1486 adimitque
1715 1438 1882 1487 tempus

279 1497 430 1547 ipsum,
451 1501 496 1537 111
522 1501 563 1538 te
589 1500 790 1550 singulari
813 1503 884 1540 tua
913 1503 1119 1552 sapientia
1141 1503 1225 1541 iam
1253 1503 1413 1541 dudum
1436 1514 1523 1540 esse
1545 1502 1737 1550 sopitam.
1796 1501 1882 1540 Nos

277 1564 336 1601 ita
364 1563 650 1604 distraxerunt
674 1566 774 1604 hinc
799 1567 981 1615 morbus,
1003 1567 1101 1606 hinc
1128 1569 1363 1607 studiorum
1390 1580 1474 1606 non
1497 1579 1608 1605 vnus
1634 1566 1760 1616 labor,
1783 1567 1882 1605 hinc

239 1648 258 1678 5
278 1628 420 1667 crebra
449 1630 646 1680 migratio
675 1645 720 1670 ac
749 1632 997 1682 remigratio,
1024 1636 1071 1671 vt
1099 1634 1169 1672 vix
1200 1635 1308 1684 apud
1338 1646 1406 1671 me
1434 1632 1599 1670 fuerim.
1658 1632 1742 1670 Nec
1771 1633 1882 1671 inter

278 1694 377 1732 haec
396 1696 541 1734 tamen
560 1709 746 1747 vnquam
773 1698 929 1736 excidit
956 1698 1077 1737 nobis
1107 1699 1246 1747 Glaua,
1267 1698 1592 1738 candidissimus
1620 1697 1882 1736 literatorum

278 1761 486 1809 patronus,
505 1761 709 1800 nimirum
727 1764 816 1812 ipse
836 1764 1163 1804 literatissimus.
1220 1764 1471 1814 Scripsimus
1486 1763 1600 1802 enim
1615 1763 1745 1801 semel
1759 1766 1881 1814 atque

276 1824 440 1864 iterum.

333 1890 507 1930 Roberti
527 1894 662 1932 nostri
681 1896 928 1946 πολυτεχνίαν
952 1895 1083 1946 probo
1101 1910 1111 1944 3
1141 1896 1289 1947 opinor
1315 1897 1510 1935 omnibus
1533 1896 1707 1935 tentatis
1725 1895 1881 1945 aliquid

223 1974 262 1995 10
281 1969 567 1996 successurum
602 1959 789 2010 denique.
849 1959 892 1998 Is
920 1961 971 1999 ad
1002 1974 1070 1999 me
1096 1961 1215 2000 misit
1242 1975 1328 2000 non
1357 1962 1573 2012 epistolam
1603 1961 1685 2010 sed,
1716 1963 1764 2000 vt
1792 1960 1882 2010 ipse

280 2024 409 2070 vocat,
431 2025 683 2073 tragoediam
712 2039 759 2064 ac
787 2039 955 2075 prorsus
982 2026 1124 2064 Ἰλιάδα
1148 2030 1278 2075 κακῶν,
1302 2040 1450 2066 verum
1469 2027 1577 2066 hanc
1606 2028 1693 2077 ipse
1712 2025 1882 2065 comicis

280 2086 436 2126 salibus
451 2089 556 2128 mire
572 2091 795 2130 condierat.
844 2093 903 2130 At
923 2092 1030 2131 mihi
1050 2093 1240 2132 nondum
1258 2093 1391 2142 liquet
1402 2093 1486 2131 vtri
1505 2092 1687 2143 peiorem
1706 2092 1883 2142 gratiam

283 2151 466 2203 debeam,
489 2155 579 2193 eine
600 2156 671 2206 qui
696 2170 765 2195 me
791 2159 879 2196 tam
899 2158 1070 2197 inimice
1089 2158 1298 2207 lacerauit,
1321 2172 1376 2197 an
1395 2158 1460 2196 illi
1479 2158 1551 2209 qui
1569 2172 1637 2196 me
1655 2157 1884 2208 publicitus

283 2218 392 2266 apud
412 2221 610 2270 populum
637 2221 767 2261 nimis
793 2223 924 2261 amice
950 2223 1146 2272 laudauit,
1170 2224 1248 2262 hoc
1267 2226 1330 2263 est
1348 2224 1533 2262 traduxit
1557 2225 1599 2262 et
1623 2223 1882 2262 inuidiosum

220 2298 258 2330 15
281 2283 474 2324 reddidit.
535 2287 619 2325 Nec
648 2288 762 2326 enim
782 2288 865 2327 vlla
883 2302 948 2327 res
977 2291 1038 2327 est
1068 2302 1172 2339 quae
1200 2289 1378 2328 acriores
1405 2288 1660 2327 inuidentiae
1687 2288 1883 2327 stimulos

283 2349 436 2388 excitet
474 2351 585 2390 inter
623 2354 819 2392 mortales
857 2367 983 2403 quam
1021 2355 1058 2393 si
1095 2368 1219 2405 quem
1256 2354 1478 2394 immodice
1509 2354 1726 2404 praedices.
1785 2353 1882 2393 Non

283 2414 455 2455 ferimus
493 2418 536 2456 id
568 2419 614 2456 in
647 2420 825 2458 summis
856 2420 960 2458 viris
990 2422 1032 2459 et
1065 2434 1243 2470 quorum
1275 2421 1411 2460 virtus
1441 2420 1600 2459 inuidia
1631 2420 1764 2459 maior
1796 2433 1883 2459 esse

284 2480 454 2522 debuit:
493 2497 574 2533 quo
602 2484 744 2524 minus
773 2485 930 2524 mirum
959 2486 995 2523 si
1025 2499 1110 2524 11011
1144 2486 1285 2524 ferunt
1313 2486 1358 2523 in
1387 2499 1453 2524 me
1483 2485 1556 2536 qui
1582 2498 1678 2524 sum
1707 2488 1749 2524 et
1776 2486 1884 2525 infra

284 2547 622 2588 mediocritatem.
683 2550 777 2588 Imo
803 2551 913 2600 quod
935 2551 1141 2601 parochus
1167 2551 1240 2590 ille
1266 2551 1325 2590 sic
1351 2551 1397 2588 in
1416 2564 1484 2589 me
1505 2550 1779 2590 debacchatus
1805 2553 1878 2598 est,

221 2624 260 2646 20
279 2614 444 2660 preconi
457 2614 529 2653 isti
544 2628 638 2653 meo
653 2616 790 2654 debeo.
835 2615 1012 2666 Ἂκαιρος
1033 2618 1154 2655 εὔνοια
1173 2617 1277 2655 οὐδὲν
1296 2618 1431 2668 ἔχθρας
1448 2616 1626 2666 διαφέρει.
1675 2616 1882 2664 Quorsum

279 2679 419 2715 autem
446 2679 651 2718 attinebat
681 2682 722 2718 te
751 2681 874 2730 nugis
901 2681 1107 2720 eiusmodi
1136 2682 1311 2728 inuolui,
1332 2681 1576 2720 melioribus
1603 2683 1882 2731 occupatum?
1925 2694 1928 2697 ·

285 2742 369 2780 Nec
398 2743 600 2783 referebat
633 2745 732 2795 quid
764 2745 826 2783 hii
856 2748 928 2784 aut
961 2746 1027 2784 illi
1057 2746 1169 2785 inter
1198 2760 1242 2785 se
1270 2747 1586 2795 debacchentur,
1619 2747 1669 2785 ad
1698 2760 1767 2785 me
1796 2759 1881 2796 per-

283 2807 469 2847 scribere.
529 2809 655 2848 quta
682 2813 822 2860 poetas
841 2824 915 2849 1100
935 2811 1024 2861 ipse
1051 2811 1240 2862 Iuppiter
1265 2812 1399 2861 placet
1429 2812 1633 2861 omnibus,
1657 2812 1746 2850 siue
1763 2811 1881 2862 pluat

322 2894 397 2925 529.
418 2905 487 2926 122.
513 2894 572 2926 0²:
597 2897 743 2937 corripit
761 2897 804 2930 Cl.
923 2907 993 2936 125.
1020 2907 1167 2929 Mvan
1185 2897 1230 2929 02.
1345 2900 1415 2930 126.
1440 2898 1609 2929 Erasmus
1624 2897 1881 2928 Roterodamus

283 2946 339 2966 am.
354 2940 392 2967 F.
481 2939 557 2971 530.
574 2951 606 2977 4.
634 2940 691 2971 6²:
715 2941 951 2972 distraxerint
971 2941 1014 2971 0¹.
1101 2951 1151 2972 11.
1177 2941 1319 2973 comicis
1333 2942 1389 2972 0³:
1412 2941 1567 2973 cornicis
1581 2940 1623 2971 0¹.
1695 2950 1747 2971 22.
1772 2940 1813 2971 hi
1828 2942 1866 2970 N.

649 3022 723 3053 530.
747 3032 793 3060 17.
824 3023 964 3054 inuidia
983 3022 1111 3063 maior]
1132 3023 1183 3054 Cf.
1203 3023 1290 3054 Hor.
1309 3025 1338 3054 C.
1356 3032 1388 3053 2.
1409 3033 1460 3054 20.
1477 3033 1507 3060 4.
