2010 3417
250 149 327 188 168
710 142 959 183 LETTERS
997 143 1066 181 OF
1105 141 1370 180 ERASMUS
1711 138 1751 193 [1
1761 151 1784 190 5
1793 153 1808 178 1
1817 153 1839 190 5

247 262 287 298 et
314 256 569 297 excussimus
588 268 598 292 ι
626 265 866 304 quanquam
885 251 927 289 id
949 251 1117 300 quidem
1138 252 1203 288 οὐκ
1223 252 1308 289 ἄνευ
1328 251 1494 300 Θησέως,
1513 253 1561 289 vt
1590 251 1840 290 Graecorum

189 334 228 367 70
246 324 371 362 habet
393 319 661 372 prouerbium
679 332 689 365 ;
718 317 825 355 nihi]
848 315 964 354 enim
990 315 1168 354 alienius
1189 315 1241 353 ab
1261 315 1429 365 ingenio
1449 315 1717 365 moribusque
1735 316 1841 355 meis

246 401 369 439 quam
381 387 431 425 ad
452 384 687 433 exemplum
699 381 923 432 Aesopicae
942 380 1175 419 corniculae
1194 380 1343 419 alienis
1357 393 1425 419 me
1438 380 1655 419 venditare
1669 380 1837 429 plumis.

247 454 336 492 Hac
356 451 484 502 igitur
498 450 542 488 in
558 451 685 499 parte,
703 460 799 486 cum
813 446 999 498 primum
1012 446 1091 485 1100
1111 458 1214 495 opus
1226 445 1478 493 aederemus,
1497 445 1694 483 nonnihil
1712 444 1844 484 adiuti

246 530 391 557 sumus
420 528 543 566 opera
568 512 815 553 subsidiaria
833 511 914 550 viri
940 524 1026 550 non
1056 511 1193 550 solum
1218 511 1370 561 pietate
1389 523 1537 549 verum
1560 510 1687 548 etiam
1711 509 1843 549 trium

245 582 392 633 peritia
410 582 647 631 linguarum
659 578 892 625 eminentis,
912 577 990 615 hoc
1005 578 1067 615 est
1080 577 1169 616 veri
1187 576 1382 627 theologi,
1401 575 1572 615 Ioannis
1585 575 1845 625 Oecolampa-

188 658 226 691 75
247 649 305 686 dii
330 646 621 686 Vinimontani
644 660 653 693 3
682 644 792 695 quod
821 643 910 694 ipse
937 643 983 681 in
1011 642 1163 681 litteris
1182 641 1427 681 Haebraicis
1455 641 1646 680 nondum
1675 654 1724 680 eo
1751 654 1843 691 pro-

246 726 446 752 cesseram
464 714 511 751 vt
530 710 637 750 mihi
655 709 865 749 iudicandi
883 721 1092 747 sumerem
1113 708 1392 747 autoritatem.

299 778 507 828 Equidem
535 776 647 815 haud
675 775 910 814 nesciebam
935 774 1012 812 has
1036 773 1239 812 minutias
1268 774 1310 811 et
1335 786 1408 812 ceu
1433 772 1575 823 spinas
1599 773 1723 823 longe
1750 772 1845 822 plus

247 844 397 883 habere
426 842 586 882 sudoris
615 855 740 892 quam
763 840 925 891 gloriae,
949 853 1084 890 neque
1113 839 1295 878 multum
1325 838 1479 889 gratiae
1504 852 1556 877 ex
1583 839 1660 877 hoc
1689 838 1844 877 laboris

247 923 395 960 genere
419 909 550 948 solere
579 907 712 946 redire
738 907 789 945 ad
812 908 1011 954 autorem,
1033 907 1127 943 tum
1154 905 1301 943 lectori
1326 904 1459 954 magis
1484 904 1578 943 vsui
1604 917 1692 943 esse
1718 917 1843 954 quam

188 984 229 1015 80
247 975 463 1025 voluptati.
522 974 678 1012 Verum
709 972 745 1011 si
775 984 852 1010 nos
879 972 1045 1010 tantum
1078 969 1180 1008 tedii
1209 970 1400 1020 publicae
1429 969 1625 1009 vtilitatis
1656 972 1843 1020 respectu

248 1039 550 1087 deuorauimus,
573 1051 647 1089 par
667 1039 729 1076 est
748 1037 951 1075 nimirum
971 1038 1018 1075 vt
1037 1035 1164 1074 lector
1183 1035 1285 1074 item
1305 1035 1372 1074 vel
1392 1048 1491 1074 suae
1509 1035 1705 1074 vtilitatis
1723 1048 1845 1075 causa

248 1104 445 1143 nonnihil
459 1104 671 1143 molestiae
686 1102 897 1152 decoquat,
912 1103 954 1140 et
973 1114 1070 1140 eum
1089 1102 1281 1140 animum
1302 1114 1425 1150 quem
1446 1114 1524 1140 nos
1543 1100 1737 1140 iuuandis
1751 1101 1846 1140 aliis

247 1169 542 1219 praestitimus,
573 1170 660 1219 ipse
688 1169 868 1218 praestet
896 1166 976 1205 sibi
1006 1179 1160 1217 suoque
1190 1166 1416 1205 commodo.
1478 1166 1587 1205 Sunt
1614 1166 1714 1206 haec
1742 1179 1846 1216 quae

246 1236 474 1273 tractamus
492 1233 788 1280 minutissima,
811 1232 950 1281 fateor,
973 1233 1042 1271 sed
1062 1232 1269 1271 eiusmodi
1295 1233 1341 1271 vt
1364 1232 1527 1272 minore
1544 1233 1846 1282 propemodum

188 1305 228 1345 85
247 1299 417 1350 negocio
441 1311 594 1349 magna
617 1298 692 1337 illa
711 1297 879 1336 tractari
897 1297 1121 1346 potuerint,
1144 1310 1247 1347 quae
1273 1297 1474 1336 sublimes
1493 1297 1678 1347 theologi
1695 1309 1847 1347 magno

248 1364 470 1414 supercilio
484 1364 624 1403 buccis
638 1363 769 1413 typho
789 1362 1050 1412 crepantibus
1069 1362 1205 1402 solent
1225 1362 1511 1415 ἐκτραγῳδίζειν·
1541 1363 1592 1401 ad
1611 1363 1724 1411 haec,
1743 1362 1846 1401 eius-

248 1430 362 1468 modi
377 1431 422 1468 vt
435 1429 485 1468 ob
498 1429 573 1468 has
585 1427 891 1467 minutissimas
904 1428 1106 1466 minutias
1118 1430 1159 1466 et
1174 1428 1247 1466 illa
1261 1428 1446 1466 maxima
1457 1427 1614 1466 fuerint
1628 1428 1847 1478 aliquoties

247 1494 501 1534 excutienda.
557 1494 736 1533 Minima
750 1494 860 1541 sunt,
882 1506 1027 1531 verum
1048 1494 1098 1531 ob
1118 1493 1216 1532 haec
1235 1493 1412 1532 minima
1429 1493 1621 1532 videmus
1641 1493 1847 1531 maximos

249 1560 374 1599 etiam
400 1559 610 1610 theologos
629 1571 934 1608 nonnunquam
957 1561 998 1596 et
1023 1558 1110 1597 labi
1135 1558 1314 1608 turpiter
1339 1560 1380 1597 et
1405 1558 1680 1597 hallucinari:
1709 1570 1847 1607 quem-

190 1641 231 1673 90
248 1626 474 1665 admodum
494 1627 536 1663 et
548 1625 648 1663 locis
669 1624 828 1674 aliquot
846 1623 1134 1672 indicabimus,
1159 1637 1244 1662 non
1263 1624 1326 1662 vti
1345 1637 1579 1674 quenquam
1598 1624 1849 1662 insectemur

249 1690 335 1740 (qui
357 1691 529 1728 morbus
552 1690 603 1728 ab
627 1702 747 1738 opere
775 1689 1022 1738 Christiano,
1053 1689 1138 1727 imo
1167 1702 1191 1727 a
1219 1691 1307 1728 tota
1333 1689 1420 1728 vita
1447 1689 1692 1738 Christiana,
1720 1700 1848 1739 quam

249 1755 489 1806 longissime
520 1754 642 1793 debet
671 1754 826 1804 abesse)
863 1754 933 1793 sed
972 1756 1019 1793 vt
1052 1754 1194 1804 paucis
1224 1754 1427 1805 exemplis
1465 1755 1567 1794 citra
1603 1754 1849 1805 cuiusquam

250 1820 547 1859 contumeliam
576 1819 762 1858 adductis
791 1821 977 1858 nostram
1005 1819 1129 1858 fidem
1155 1820 1298 1858 lectori
1323 1820 1558 1869 probemus,
1578 1834 1631 1859 ne
1655 1821 1748 1870 quis
1772 1820 1849 1860 has

249 1899 323 1924 ceu
341 1898 473 1935 nugas
492 1886 742 1933 contemnat,
767 1885 1102 1936 quandoquidem
1122 1899 1165 1923 re
1183 1899 1281 1924 vera
1299 1885 1416 1925 iuxta
1434 1886 1570 1925 Flacci
1593 1886 1752 1925 dictum
1769 1886 1849 1925 hae

191 1967 231 1999 95
253 1964 383 2001 nugae
401 1952 506 1989 seria
525 1950 692 1989 ducunt.
754 1950 838 1988 Gur
856 1950 902 1989 in
921 1951 1109 1989 ciborum
1127 1952 1324 2001 apparatu
1344 1953 1432 1990 tam
1450 1951 1607 1991 morosi
1624 1963 1780 1999 sumus,
1802 1951 1848 1989 in

252 2016 366 2054 cultu
386 2015 576 2054 minimis
588 2015 715 2054 etiam
737 2016 997 2064 offendimur,
1021 2016 1066 2054 in
1086 2029 1128 2054 re
1148 2017 1385 2065 pecuniaria
1405 2017 1513 2055 nihil
1527 2019 1589 2056 est
1608 2019 1695 2056 tam
1714 2017 1848 2055 minu-

251 2082 345 2119 tum
364 2081 482 2119 cuius
511 2094 596 2119 non
616 2081 816 2119 habeatur
834 2081 950 2130 ratio,
973 2083 1018 2120 in
1044 2081 1143 2120 solis
1169 2081 1324 2120 litteris
1350 2083 1507 2121 diuinis
1533 2082 1722 2132 displicet
1747 2082 1848 2120 haec

251 2145 477 2196 diligentia,
512 2146 645 2195 placet
679 2146 895 2195 neglectus
910 2148 931 2186 ‘?
986 2149 1032 2185 vt
1068 2160 1121 2185 ne
1159 2147 1293 2185 dicam
1326 2147 1497 2186 interim
1536 2160 1628 2186 eam
1665 2159 1755 2185 esse
1786 2146 1847 2184 rei

252 2211 527 2259 maiestatem,
549 2213 596 2249 vt
625 2210 744 2249 nulla
773 2224 867 2261 pars
893 2214 980 2250 tam
1008 2211 1184 2250 humilis
1211 2224 1299 2251 esse
1320 2213 1451 2263 possit
1478 2226 1579 2263 quae
1602 2212 1658 2251 sit
1686 2211 1848 2250 homini

176 2292 235 2315 100
251 2275 320 2326 pio
353 2275 611 2324 fastidienda,
646 2275 733 2314 imo
774 2290 875 2326 quae
909 2291 994 2317 non
1039 2281 1277 2318 reuerenter
1313 2292 1358 2318 ac
1396 2279 1586 2328 religiose
1622 2277 1847 2317 tractanda.

253 2341 388 2380 Humi
423 2343 569 2391 reptat,
603 2341 811 2391 inquiunt,
852 2343 897 2381 in
929 2343 1116 2382 verbulis
1147 2357 1191 2382 ac
1221 2344 1393 2394 syllabis
1424 2343 1704 2383 discruciatur.
1765 2344 1849 2383 Cur

251 2406 387 2444 vllum
406 2406 495 2444 eius
513 2406 689 2444 verbum
718 2409 1070 2447 contemnendum
1096 2409 1295 2458 ducimus,
1314 2423 1437 2459 quem
1462 2410 1578 2448 verbi
1605 2410 1728 2448 titulo
1755 2408 1850 2448 coli-

253 2484 348 2510 mus
380 2472 420 2509 et
449 2471 701 2522 adoramus?
736 2473 954 2522 presertim
987 2487 1081 2512 cum
1116 2475 1203 2524 ipse
1232 2488 1284 2513 ne
1315 2474 1649 2514 minutissimum
1680 2474 1851 2525 quidem

253 2537 346 2575 ioda
365 2538 437 2575 aut
455 2537 666 2586 apiculum
685 2536 731 2574 in
751 2551 907 2576 vanum
927 2538 1139 2577 abiturum
1158 2542 1334 2579 testatus
1352 2540 1418 2579 sit.
1479 2540 1635 2579 Infima
1662 2553 1758 2590 pars
1786 2541 1850 2579 est

175 2617 235 2650 105
255 2614 380 2651 quam
407 2603 560 2641 vocant
582 2601 745 2640 literam
765 2617 774 2650 ;
803 2603 874 2641 sed
902 2603 999 2643 huic
1024 2618 1098 2644 ceu
1128 2605 1404 2645 fundamento
1427 2605 1629 2656 mysticus
1654 2605 1851 2644 innititur

254 2679 410 2706 sensus.
470 2667 634 2706 Rudera
666 2670 775 2715 sunt,
811 2668 882 2707 sed
915 2669 984 2709 his
1016 2670 1235 2710 ruderibus
1265 2671 1499 2710 admirandi
1527 2670 1644 2709 illius
1672 2669 1850 2709 aedificii

255 2732 386 2771 moles
403 2733 576 2782 augusta
593 2732 774 2771 fulcitur.

306 2826 356 2854 72.
380 2827 459 2848 cum
479 2842 486 2849 .
505 2842 511 2849 .
531 2842 539 2851 .
557 2818 764 2850 aederemus
780 2822 854 2852 add.
871 2823 906 2855 β.
1004 2821 1056 2860 84.
1084 2822 1259 2854 eiusmodi
1275 2834 1318 2853 a:
1340 2823 1417 2854 eius
1433 2822 1573 2862 generis
1588 2834 1616 2853 ε.
1704 2822 1758 2860 87.
1783 2821 1849 2853 ali-

257 2861 396 2896 quoties
409 2864 483 2891 add.
498 2862 530 2895 β.
621 2863 675 2902 89.
701 2864 856 2903 turpiter
872 2876 892 2894 a
908 2876 915 2895 :
938 2865 1132 2904 insigniter
1147 2877 1171 2898 ε.
1270 2877 1323 2906 9ο.
1349 2866 1591 2897 iudicauimus
1606 2877 1630 2896 ε.
1731 2875 1784 2904 94.
1811 2875 1848 2896 re

258 2911 343 2932 vera
358 2905 428 2934 adel.
448 2915 472 2934 ε.
605 2907 657 2944 96.
680 2907 845 2939 minimis
859 2909 882 2942 β
898 2918 905 2938 t
928 2908 1039 2939 nimis
1054 2920 1083 2940 α.
1220 2920 1291 2949 104.
1314 2910 1387 2941 iota
1401 2910 1435 2944 β.

299 2993 352 3023 94.
370 2984 502 3027 Flacci]
527 2992 568 3018 Α.
587 2990 620 3018 Ρ.
640 2997 713 3027 451.
1130 3000 1201 3031 103.
1219 2991 1307 3032 ipse]
1333 2991 1433 3023 Matt.
1451 3000 1481 3030 5.
1501 2991 1552 3022 18.
