2010 3417
80 142 180 197 403]
551 144 704 184 FROM
740 144 1008 184 WILLIAM
1046 135 1204 184 BUDE
1594 142 1674 180 233

79 268 206 306 quam
226 257 266 293 te
285 255 417 294 amari
442 267 465 293 a
488 267 555 294 me
574 256 696 304 putas
721 254 770 293 de
794 255 1045 305 praefatione
1069 253 1142 292 illa
1167 256 1240 292 tua
1264 253 1356 303 πρὸς
1373 253 1439 291 τὸν
1457 251 1674 303 Ἀρχιερέαῑ

78 320 197 359 cuius
216 322 263 359 tu
283 321 325 358 τὸ
346 319 488 369 ἀξίωμα
508 320 622 358 οἱονεί
636 337 671 358 τι
694 320 948 369 φυλακτήριον
966 319 1177 369 περιάπτων
1195 321 1245 370 τῷ
1264 318 1530 369 συγγράμματι
1548 319 1598 368 τῷ
1618 317 1675 366 σῷ

78 386 298 435 περιέθηκας
317 385 419 425 scite
439 398 535 424 sane
554 387 597 424 el}
616 385 814 432 sollerter,
838 386 897 424 ἐπὶ
919 387 966 436 τῇ
984 385 1228 434 ἀποσοβήσει
1246 387 1318 422 τῶν
1342 386 1518 422 νυκτικῶν
1536 382 1675 420 τούτων

78 455 237 501 σφηκῶν
261 454 333 489 τῶν
351 451 666 502 ψευδοθεολόγων.
722 451 786 489 Ac
805 463 858 489 ne
878 450 975 500 quid
996 449 1074 488 tibi
1095 449 1268 487 interim
1287 448 1502 498 deperiret,
1525 447 1676 496 δεδωρη-

77 517 190 567 μένης
215 516 285 566 ἤδη
311 517 458 566 βίβλου
478 516 576 565 ὅμως
596 515 870 564 ἀντιλαβέσθαι
888 516 953 554 τὸν
971 514 1288 565 Ἀρχιεπίσκοπον
1306 514 1371 552 τὸν
1392 514 1461 551 σὸν
1482 513 1675 564 εὐεργέτην
1697 527 1755 558 135

77 581 309 631 ἠβουλήθης,
330 584 480 631 κομψῶς
507 580 551 629 δὴ
577 580 642 618 δύο
666 581 812 631 τοίχους
831 580 974 618 eadem
1000 579 1138 617 fidelia
1164 580 1215 626 et,
1237 581 1283 617 vt
1310 579 1515 616 nostrates
1540 577 1671 625 aiunt,

77 647 202 685 Vnica
221 645 310 684 filia
333 645 466 695 procis
494 645 662 695 quidem
687 644 877 694 pluribus
897 644 1024 693 digna
1043 656 1214 694 generos
1233 643 1310 682 tibi
1330 643 1435 681 duos
1454 642 1671 681 asciscens.

133 711 233 759 Ohe,
256 710 406 760 inquis,
429 711 514 749 iam
541 710 591 749 ad
616 709 745 748 calces
764 709 930 748 chartae
949 712 1044 747 tuae
1064 708 1289 746 deuentum
1310 709 1382 746 est.
1444 707 1526 745 Hic
1546 706 1675 756 igitur

78 775 277 814 desinam.
338 775 549 825 Scripsisti
576 776 628 815 ad
657 788 724 814 me
753 774 974 813 Laconice:
1016 786 1092 823 ego
1120 773 1170 811 ad
1202 774 1243 810 te
1271 772 1456 811 Asiatico
1485 773 1675 819 fortasse,

76 840 143 880 vel
174 840 210 879 si
244 840 315 890 qui
344 840 504 890 peiores
534 841 660 879 etiam
690 840 871 878 fuerunt.
933 838 1013 878 Sed
1045 839 1102 876 sic
1132 849 1251 883 sum;
1292 837 1329 875 si
1361 836 1512 886 placeo,
1547 838 1671 875 vtere.
1698 853 1761 885 140-

77 905 215 944 Rarus
233 905 454 956 tardusque
482 919 576 945 sum
602 906 653 944 ad
680 904 956 952 scribendum,
979 902 1140 942 multus
1166 905 1306 941 autem
1333 901 1576 948 scribend03
1605 901 1675 940 vbi

76 970 243 1019 incalui,
264 970 408 1009 tollere
428 983 601 1009 manum
627 983 796 1020 nequeo.
857 968 994 1008 Simul
1020 969 1325 1007 ἀντεπιστέλλειν
1345 984 1390 1005 σε
1408 967 1674 1016 προτρέπομαι,

78 1036 219 1074 εἴποτε
239 1036 388 1087 σχολὴν
413 1037 526 1088 ἄγοις,
549 1038 597 1075 vt
622 1035 738 1086 paria
762 1035 911 1082 faeias3
940 1033 1104 1072 chartae
1131 1033 1222 1072 dico
1249 1031 1476 1082 dispendio,
1499 1031 1564 1069 cui
1590 1044 1675 1069 non

74 1114 241 1152 parcere
260 1114 328 1139 me
348 1101 474 1139 vides.
519 1101 639 1139 Certe
657 1100 824 1151 quidem
843 1099 966 1138 facies
985 1101 1033 1137 vt
1052 1098 1158 1137 hanc
1174 1098 1394 1148 epistolam
1414 1099 1456 1136 te
1475 1096 1676 1146 recepisse

76 1166 205 1205 sciam
231 1168 272 1205 et
297 1179 364 1204 me
390 1165 563 1204 interim
584 1166 740 1215 ingrati
765 1164 918 1203 iudicio
946 1177 1029 1203 non
1055 1163 1303 1214 periclitari;
1333 1163 1441 1213 quod
1468 1175 1553 1200 non
1578 1163 1676 1200 ante
1698 1180 1755 1212 145

77 1232 241 1271 credam
261 1245 386 1282 quam
407 1245 430 1270 a
449 1233 490 1270 te
510 1230 659 1269 certior
685 1231 830 1269 factus.
890 1230 1094 1279 Μακαρίζω
1121 1246 1166 1267 σε
1190 1231 1256 1278 τῆς
1281 1230 1428 1280 σχολῆς
1455 1228 1590 1276 ταύτης
1616 1226 1675 1264 καὶ

77 1298 243 1347 σπουδῆς
257 1299 322 1346 τῆς
335 1298 479 1347 περὶτὰ
495 1296 586 1341 θεῖα,
602 1309 727 1347 quam
742 1295 851 1334 mihi
867 1295 952 1333 iam
967 1295 1039 1333 diu
1054 1294 1267 1344 promitto.
1313 1293 1394 1333 Sed
1411 1291 1675 1331 oeconomico

77 1362 185 1401 mihi
213 1363 347 1412 magis
376 1375 462 1401 esse
488 1375 612 1412 quam
642 1361 848 1412 φιλοσόφῳ
875 1363 1006 1400 vacat.
1066 1363 1154 1400 Πῶς
1181 1361 1255 1412 γὰρ
1283 1359 1327 1397 ἂν
1354 1362 1404 1410 τῷ
1431 1375 1476 1410 γε
1504 1358 1546 1404 ἓξ
1571 1358 1676 1396 υἱέων

76 1428 192 1477 πατρί
215 1445 256 1466 τε
283 1428 344 1465 καὶ
369 1430 511 1477 τροφεῖ,
535 1427 614 1468 ἑνὸς
640 1427 838 1479 θυγατρίου
864 1426 1048 1475 ἀδελφῶν,
1071 1425 1223 1475 quique
1248 1426 1295 1465 ὡς
1314 1424 1578 1476 φιλοστόργως
1602 1423 1675 1474 ἔχω

77 1496 116 1532 ἐν
133 1494 210 1533 τοῖς
236 1494 406 1543 μάλιστα
419 1511 430 1537 ;
460 1493 553 1531 οὕτω
579 1493 637 1531 τοὶ
664 1494 810 1542 ἀμελῶς
836 1493 928 1543 ἔχων
958 1491 1014 1529 ἀεὶ
1039 1491 1113 1541 πρὸ
1138 1493 1204 1529 τοῦ
1230 1490 1465 1529 διατετέλεκα
1486 1492 1558 1527 τῶν
1582 1488 1676 1538 πρὸς
1696 1506 1762 1540 150

75 1557 144 1607 τὴν
161 1557 430 1597 πολυπαιδείαν
451 1558 676 1608 ἐπιτηδείων.
734 1557 839 1596 Vale
860 1558 924 1595 καί
939 1574 985 1607 με
1005 1559 1158 1609 ἀγαπῶν
1178 1555 1347 1594 διατέλει.

130 1623 305 1663 Parisiis
336 1623 443 1661 festo
478 1622 734 1662 ascensionis
767 1622 952 1671 Domini,
989 1635 1084 1661 cum
1118 1634 1194 1671 ego
1225 1620 1412 1659 votiuam
1444 1617 1674 1670 peregrina·

76 1688 236 1727 tionem
255 1688 455 1739 postridie
475 1689 659 1727 initurus
689 1701 831 1727 essem.

509 1857 665 1898 401404.
725 1856 790 1897 To
820 1856 1004 1898 ULRICH
1034 1856 1247 1897 ZWINGLI.

124 1948 256 1985 Zurich
275 1948 352 1984 MS.
370 1947 414 1986 E.
430 1948 469 1983 ii.
488 1950 567 1994 360.
587 1957 666 1994 519.
1390 1944 1510 1980 Basle.

123 2008 192 2044 Zw.
211 2007 253 2043 Ε.
271 2019 371 2054 1514.
393 2019 425 2043 2.
1275 2003 1329 2052 (c.
1350 2007 1369 2040 8
1388 2003 1478 2049 May
1498 1999 1624 2048 1516.)

120 2090 195 2131 [An
219 2089 416 2130 autograph
440 2090 479 2120 in
503 2089 566 2119 the
593 2087 837 2119 Staatsarchiv
861 2089 898 2119 at
925 2088 1081 2126 Zuri0h3
1115 2087 1193 2118 first
1219 2085 1365 2126 printed
1392 2086 1439 2124 by
1462 2084 1669 2122 Hottinger,

74 2137 216 2165 Historia
237 2136 436 2165 ecclesiastica
456 2135 544 2163 Noui
568 2134 760 2169 Tesfamenti‚
789 2132 883 2171 1665,
909 2132 979 2162 vol.
1004 2132 1050 2171 vi,
1075 2141 1110 2171 p.
1133 2131 1207 2169 626,
1232 2129 1305 2161 and
1329 2130 1418 2160 then
1440 2129 1489 2168 by
1512 2127 1606 2158 Hess
1631 2127 1670 2165 ii,

74 2187 108 2218 p.
122 2178 200 2217 562,
214 2176 307 2208 from
322 2187 342 2208 a
358 2187 448 2219 copy
463 2176 511 2216 by
521 2175 692 2206 Simmler
707 2175 747 2206 in
760 2174 822 2205 the
837 2174 946 2206 Town
964 2175 1115 2214 Library
1127 2177 1164 2206 at
1180 2173 1322 2213 Zurich,
1335 2173 1441 2204 made
1456 2169 1672 2212 apparently

1413 2260 1628 2300 dignitatem
1648 2259 1658 2298 l

1400 2303 1629 2336 autoritatem
1647 2299 1660 2343 ς

76 2362 139 2385 ceu
154 2353 337 2384 custodem
361 2351 496 2383 addens
512 2354 575 2383 tuo
589 2352 681 2383 libro
697 2351 895 2392 apposuisti
909 2361 942 2382 α.
1033 2359 1105 2388 132.
1131 2348 1304 2390 περίαπτον
1319 2350 1352 2383 β.
1445 2356 1515 2386 133.
1543 2345 1591 2377 ἐπὶ
1609 2368 1618 2376 .
1635 2368 1644 2376 .
1664 2368 1673 2376 .

79 2406 151 2436 134.
177 2395 439 2437 ψευδοθεολόγων
458 2397 520 2429 Ββ
537 2396 629 2435 (134.
655 2395 787 2436 σφηκῶν
799 2397 850 2426 N:
873 2393 1001 2434 σφυκῶν
1017 2396 1059 2433 B>
1076 2405 1084 2424 τ
1108 2393 1152 2424 ad
1176 2392 1368 2433 abigendos
1389 2392 1567 2422 aculeatos
1588 2389 1674 2419 istos

75 2439 276 2478 crabrones,
289 2439 378 2469 falso
394 2439 540 2469 nomine
557 2438 738 2479 theologos
753 2450 784 2471 α.
941 2447 1014 2476 134.
1040 2435 1254 2476 δεδωρημένης
1271 2460 1279 2468 .
1299 2460 1308 2468 .
1325 2459 1333 2467 .
1355 2436 1426 2472 136.
1450 2433 1578 2472 τοίχους
1592 2433 1652 2465 Ββ
1664 2442 1671 2462 :

74 2484 195 2514 dicato
211 2483 282 2513 iam
298 2482 390 2512 libro
401 2482 642 2513 nihilominus
657 2492 728 2513 vna
740 2482 936 2520 adiungere
946 2481 1265 2520 Archiepiscopum
1282 2479 1371 2509 bene
1388 2477 1431 2508 de
1448 2479 1484 2507 te
1499 2476 1672 2507 meritum

74 2526 241 2565 voluisti3
272 2525 454 2564 eleganter
477 2535 562 2556 sane
584 2525 673 2557 duos
694 2526 846 2566 parietes
869 2536 899 2556 α.
1035 2533 1106 2562 137.
1136 2525 1197 2557 Ββ
1214 2534 1222 2553 z
1250 2523 1356 2553 vnica
1372 2521 1449 2551 filia
1466 2544 1474 2551 .
1491 2542 1498 2550 .
1517 2519 1626 2558 digna
1639 2529 1670 2549 α.

78 2570 150 2609 138.
177 2569 375 2599 deuentum
390 2570 471 2602 BB:
495 2570 644 2600 ventum
658 2580 688 2601 α.
867 2577 939 2606 142.
964 2566 1229 2597 ἅντεπιστέλλειν
1245 2589 1252 2596 .
1273 2589 1281 2597 .
1301 2590 1308 2597 .
1329 2574 1400 2603 143.
1427 2562 1516 2602 ἄγοις
1530 2564 1609 2596 Be:
1633 2563 1673 2592 vt

75 2613 247 2645 rescribas
263 2618 299 2643 te
316 2621 384 2651 oro,
405 2612 582 2651 siquando
597 2612 707 2642 fuerit
724 2612 841 2643 ocium
856 2622 885 2642 α.
1002 2612 1073 2649 146.
1100 2607 1271 2648 Μακαρίςω
1290 2632 1298 2640 .
1315 2632 1323 2640 .
1339 2631 1348 2639 .
1371 2617 1441 2645 147.
1467 2606 1544 2644 θεῖα,
1564 2614 1671 2645 quam

74 2658 158 2691 BB:
193 2657 326 2686 Beatus
348 2655 442 2685 mihi
465 2655 601 2686 videris
627 2655 670 2686 ob
697 2655 795 2686 istud
824 2654 940 2684 ocium
968 2655 1004 2684 et
1030 2653 1193 2684 studium
1216 2653 1309 2683 circa
1332 2651 1469 2681 diuina.
1519 2648 1616 2688 Quod
1639 2660 1670 2679 α.

78 2701 150 2739 148.
182 2701 266 2733 Bfi:
294 2697 505 2738 philosopho
527 2709 558 2729 α.
714 2698 783 2728 Πῶς
807 2721 813 2728 .
839 2721 847 2728 .
872 2719 881 2727 .
910 2706 981 2735 151.
1009 2695 1145 2727 διατέλει
1169 2697 1254 2730 Bss:
1285 2695 1376 2725 Nam
1399 2694 1463 2732 qui
1485 2694 1587 2723 vacet
1611 2701 1672 2722 sex

75 2744 235 2774 filiorum
256 2744 291 2772 et
312 2741 405 2781 patri
425 2743 462 2771 et
483 2741 652 2780 nutricio,
669 2741 799 2772 filiolae
820 2742 937 2779 vnius,
962 2740 1113 2770 fratrum
1136 2740 1307 2778 quinque,
1324 2740 1363 2768 vt
1383 2736 1571 2777 praecipue
1592 2744 1672 2766 sum

75 2787 225 2818 affectus
255 2795 337 2825 erga
365 2793 472 2815 meos·
529 2785 586 2815 Ad
616 2785 713 2815 hunc
742 2784 890 2814 modum
920 2783 1075 2813 antehac
1106 2781 1198 2812 mihi
1229 2790 1369 2821 semper
1398 2779 1560 2820 neglecta
1585 2780 1672 2810 sunt

73 2830 290 2861 eruditionis
306 2827 436 2859 studia.
482 2827 569 2858 Vale
584 2830 619 2858 et
633 2837 691 2858 me
707 2836 825 2858 amare
842 2835 945 2866 perge
962 2838 992 2858 α.
1084 2835 1157 2864 149.
1181 2825 1312 2864 quique
1329 2825 1380 2858 03
1395 2834 1403 2854 z
1426 2824 1586 2863 quinque
1602 2824 1668 2853 Βα.

75 2883 147 2913 151.
170 2875 230 2907 Ββ
246 2884 253 2904 :
276 2869 485 2902 πολυπαιδίαν
502 2870 549 2902 02.
671 2879 743 2910 152.
767 2870 915 2901 Parisiis
932 2893 939 2900 .
958 2893 967 2901 .
986 2892 994 2899 .
1017 2878 1090 2908 153.
1108 2878 1234 2900 essem.
1252 2877 1311 2899 om.
1329 2869 1364 2901 β.
1479 2876 1551 2906 153.
1577 2865 1672 2897 τέλος

70 2920 141 2955 post
153 2926 266 2948 essem
283 2917 355 2947 add.
374 2927 395 2945 α
410 2925 418 2945 z
440 2924 500 2946 om.
512 2915 546 2949 β.

128 2297 200 2326 131.
217 2286 292 2327 πρὸς
301 2310 310 2319 .
321 2311 330 2319 .
344 2309 353 2318 .
366 2296 437 2326 133.
448 2284 630 2327 περιέθηκας
638 2287 712 2320 Ββε
729 2285 775 2317 ad
786 2294 967 2317 summum
978 2283 1306 2325 Pontificem,cuius
1314 2284 1354 2314 tu

617 3000 689 3030 131.
713 2989 949 3031 praefatione]
968 2989 1032 3029 Ep.
1049 2989 1127 3029 384.
