2010 3417
124 137 223 192 412]
653 141 724 180 'ro
761 141 994 181 THOMAs
1032 140 1189 181 MORE
1633 141 1713 180 243

123 249 290 289 Morum
312 264 396 289 non
415 264 554 290 verear
572 251 638 290 vel
657 251 846 302 ineptire.
906 253 986 292 Sed
1004 253 1198 292 τοσούτοις
1215 252 1355 301 βάρεσι
1373 252 1544 300 πιέζομαι
1562 252 1609 289 vt
1628 263 1714 289 non

120 315 244 355 liceat
263 317 492 356 ἀνακύπτειν.
547 317 685 356 Vnam
712 320 783 356 aut
802 318 975 357 alteram
994 318 1182 356 fortunae
1200 317 1365 367 plagam
1383 319 1592 366 vtcunque
1610 315 1714 354 ferat

121 378 288 429 aliquis,
317 382 420 418 ἀλλὰ
447 380 679 431 πανταχόθεν
707 380 890 432 δυστυχῶ.
947 381 1080 429 Quam
1113 380 1276 418 difficile
1303 381 1364 418 est
1397 392 1537 429 sapere
1565 378 1715 428 quibus

120 445 366 484 aduersatur
385 444 642 484 Rhamnusia
658 447 667 484 Σ
710 445 766 484 Et
784 447 927 485 tamen
945 446 1085 484 animo
1106 445 1342 484 Herculano
1362 458 1429 482 me
1448 444 1574 483 fulcio
1593 443 1714 482 susti·
1733 451 1774 482 30

125 523 292 559 neoque.

176 575 342 614 Placuit
370 575 547 625 epistola
565 588 690 625 quam
709 576 1015 626 Antuuerpiam
1034 588 1197 614 reuerso
1227 575 1405 613 reddidit
1424 575 1577 613 Petrus
1595 573 1715 623 Aegi-

123 640 228 680 dius.
286 640 347 678 De
367 641 542 679 Maruffo
561 640 741 679 demiror
759 641 857 690 quid
878 641 1043 679 homini
1061 640 1221 679 venerit
1243 640 1288 678 in
1308 641 1493 678 mentem
1512 638 1715 677 eiusmodi

124 706 271 756 nugari
303 718 444 755 nugas.
505 705 686 755 Deposui
713 706 822 754 apud
861 706 1075 743 hominem
1109 706 1276 742 centum
1305 707 1346 742 et
1374 704 1526 753 viginti
1554 703 1715 741 nobiles

121 770 307 819 eximios,
329 784 405 820 pro
425 770 492 809 his
517 771 799 821 syngrapham
826 770 1020 809 tradidit:
1048 772 1188 808 tamen
1208 782 1254 807 ea
1271 782 1336 807 res
1362 769 1464 807 citra
1481 768 1713 817 periculum
1733 776 1772 808 35

120 835 256 875 vllum
289 835 437 874 confici
466 836 626 886 poterit.
689 835 843 885 Scripsi
876 835 1162 874 Cantuariensi
1194 847 1266 884 per
1303 835 1415 872 hunc
1447 833 1711 871 tabellionem

119 900 225 939 mihi
254 900 459 939 redditam
486 914 578 939 eam
607 900 826 950 pecuniam
856 913 979 950 opera
1004 900 1176 938 Maruffi.
1236 899 1280 938 Is
1306 898 1402 937 huic
1428 899 1563 937 tradat
1586 898 1713 936 chiro-

118 966 322 1015 graphum
342 978 466 1004 suum
485 980 557 1016 per
572 966 680 1016 quod
699 966 857 1015 possim
875 965 920 1003 in
940 965 1006 1003 his
1025 964 1262 1015 regionibus
1280 965 1459 1013 accipere
1477 963 1712 1012 pecuniam.

119 1030 180 1070 Eo
196 1030 305 1081 apud
324 1033 364 1069 te
380 1032 567 1081 deposito
582 1031 753 1080 recipiat
768 1031 820 1069 ab
834 1029 1154 1079 Archiepiscopo
1174 1029 1404 1079 pecuniam.
1449 1028 1499 1067 Id
1515 1029 1549 1067 si
1564 1041 1712 1078 parum

119 1097 329 1146 probatur,
351 1096 413 1135 fac
440 1097 526 1146 ipse
549 1095 721 1146 recipias
746 1109 838 1134 eam
860 1094 1088 1145 pecuniam,
1110 1097 1152 1133 et
1178 1095 1310 1133 scribe
1337 1094 1422 1133 tuis
1440 1095 1487 1132 vt
1512 1093 1579 1132 hic
1605 1092 1712 1131 mihi
1730 1103 1772 1135 40

120 1162 366 1210 restituant3
405 1161 613 1211 simulque
641 1161 749 1200 mihi
778 1161 1058 1211 syngrapham
1088 1160 1247 1198 mittito
1276 1173 1348 1209 per
1379 1172 1504 1208 quam
1535 1172 1626 1197 eam
1656 1171 1713 1196 re-

118 1240 297 1277 poscam.
359 1226 466 1265 Nam
486 1227 626 1265 literas
651 1227 701 1265 ad
723 1225 1062 1264 Cantuariensem
1082 1226 1139 1264 sic
1164 1225 1403 1275 temperabo
1422 1227 1469 1263 vt
1489 1226 1712 1273 vtrumque

118 1291 251 1330 liceat.
310 1291 560 1330 Submonuit
588 1290 656 1329 hic
687 1291 839 1329 Petrus
866 1291 1070 1330 vnoculus
1101 1290 1308 1340 optimum
1335 1303 1421 1329 esse
1450 1289 1712 1328 committere

117 1357 339 1408 pecuniam
359 1357 609 1407 negociatori
635 1356 814 1406 cuipiam
840 1357 1056 1404 Germano,
1079 1369 1151 1405 per
1175 1355 1293 1394 cuius
1311 1355 1590 1405 syngrapham
1609 1355 1712 1392 Ant-

117 1421 312 1471 uuerpiae
342 1422 547 1471 recipiam.
605 1421 787 1460 Proinde
807 1421 984 1460 scribam
1002 1423 1049 1459 vt
1074 1421 1150 1459 tibi
1174 1421 1310 1460 tradat
1328 1419 1556 1471 pecuniam,
1579 1432 1651 1469 per
1670 1419 1711 1458 te
1728 1430 1768 1460 45

116 1500 214 1525 mox
242 1487 293 1526 ad
322 1500 389 1525 me
412 1489 644 1525 venturam.
706 1485 809 1525 Mire
836 1486 945 1524 mihi
972 1486 1128 1536 placuit
1156 1486 1230 1524 illa
1257 1487 1329 1524 tua
1356 1485 1406 1524 ad
1433 1499 1500 1524 me
1527 1484 1708 1534 epistola,

117 1552 235 1591 testis
268 1552 400 1590 animi
431 1552 478 1590 in
507 1565 585 1591 nos
616 1552 707 1600 tui;
750 1554 958 1602 praeterea
991 1551 1203 1590 declarans
1238 1554 1280 1590 te
1316 1551 1512 1600 proficere
1550 1550 1711 1588 dicendi

117 1617 358 1657 virtutibus.
413 1617 663 1667 Apologiam
692 1631 765 1667 pro
795 1631 861 1656 me
892 1619 1008 1655 tuam
1040 1617 1229 1655 nondum
1261 1618 1392 1655 totam
1424 1616 1516 1666 legi,
1550 1629 1600 1653 ex
1631 1627 1710 1664 qua

117 1682 308 1732 intelligo
335 1683 434 1733 quid
462 1682 667 1722 Martinus
694 1683 875 1732 Dorpius
903 1683 1134 1732 scripserat.
1194 1681 1392 1721 Admiror
1419 1681 1519 1731 quid
1548 1680 1710 1718 homini

118 1749 279 1787 venerit
298 1748 344 1786 in
363 1749 560 1787 mentem.
619 1748 695 1787 Sed
718 1748 822 1787 tales
840 1748 976 1787 reddit
995 1748 1094 1786 haec
1113 1747 1332 1796 theologia.
1728 1754 1769 1785 :30

172 1812 474 1852 Cancellarium
503 1813 690 1852 salutaui.
745 1813 902 1852 Aderat
928 1814 1035 1852 forte
1059 1813 1226 1851 fortuna
1252 1814 1345 1850 tum
1370 1812 1415 1850 in
1444 1825 1569 1850 coena
1588 1811 1708 1849 Prae-

116 1875 289 1930 positus
307 1878 378 1916 ille
407 1878 696 1927 Cassfletanus,
729 1879 794 1917 vir
824 1878 940 1917 iuxta
970 1878 1114 1917 doctus
1142 1880 1264 1928 atque
1296 1877 1517 1916 humanus.
1576 1877 1708 1915 Adest

117 1946 159 1983 et
195 1943 423 1993 Episcopus
460 1943 700 1982 Theatinus.
767 1943 823 1982 Et
866 1943 967 1982 dum
1010 1943 1109 1982 haec
1150 1942 1382 1990 scriberem,
1423 1942 1710 1992 expectabatur

116 2008 360 2048 Tunstallus
374 2023 384 2056 3
415 2021 495 2059 quo
521 2008 696 2047 salutato
723 2007 974 2047 Montioium
1001 2009 1245 2047 conueniam
1273 2009 1313 2046 et
1332 2007 1568 2046 Abbatem:
1598 2007 1705 2056 apud

115 2074 193 2113 hos
207 2074 409 2124 tantisper
423 2075 588 2124 tempus
603 2074 761 2121 ducam,
779 2074 880 2112 dum
896 2073 963 2112 hic
981 2073 1351 2124 monophthalmus
1365 2073 1446 2111 huc
1461 2086 1504 2111 se
1523 2072 1701 2122 recipiat.
1725 2077 1764 2110 55

116 2138 214 2178 Mox
233 2153 328 2178 cum
343 2139 539 2189 Principe
558 2152 680 2189 agam
698 2153 707 2177 :
736 2139 775 2178 si
793 2152 957 2178 sensero
971 2139 1119 2189 frigere
1133 2138 1361 2188 negocium,
1380 2140 1429 2177 vt
1445 2140 1506 2176 est
1522 2137 1707 2176 Flandri-

115 2215 211 2241 cum
237 2215 332 2252 erga
355 2202 498 2241 literas
520 2201 747 2252 ingenium,
769 2204 882 2240 recta
900 2202 1121 2250 Basileam,
1145 2201 1227 2240 nisi
1251 2201 1286 2239 si
1306 2201 1404 2251 quid
1429 2202 1475 2239 tu
1499 2200 1704 2239 dissentis.

158 2321 211 2350 33.
236 2311 385 2342 Maruffo
400 2313 446 2342 E:
471 2311 573 2342 Ruffo
589 2314 626 2343 F.
761 2321 814 2350 34.
837 2310 977 2342 nobiles
993 2313 1039 2341 E:
1064 2309 1246 2350 angelatos
1260 2313 1295 2342 F.
1422 2319 1476 2349 37.
1501 2309 1638 2341 Maruffi
1654 2311 1701 2340 E:

116 2355 208 2386 Ruffi
223 2357 258 2386 F.
347 2364 400 2393 45.
424 2356 459 2385 te
475 2358 521 2386 E:
546 2365 604 2386 me
619 2356 661 2385 H.
753 2356 804 2393 46.
833 2364 889 2385 me
904 2358 974 2385 ante
988 2356 1177 2385 venturam
1193 2356 1223 2384 E
1235 2366 1240 2384 :
1264 2355 1299 2384 te
1315 2356 1359 2385 H.
1449 2363 1500 2392 49.
1527 2353 1706 2384 Martinus

118 2398 272 2438 Dorpius
286 2400 336 2429 H:
363 2398 408 2429 M.
420 2398 463 2430 N.
476 2398 517 2429 D.
534 2401 571 2429 E.
705 2399 758 2437 56.
782 2397 1013 2429 Flandricum
1029 2400 1057 2428 Ε
1069 2410 1074 2428 :
1100 2397 1209 2428 huius
1224 2397 1379 2437 regionis
1394 2399 1430 2427 F.

160 2513 213 2543 51.
242 2503 518 2543 Cancellarium]
545 2502 593 2533 Le
617 2503 795 2543 Sauvage3
829 2503 873 2535 cf.
941 2502 1079 2542 shortly
1108 2502 1317 2533 afterwards
1346 2502 1456 2541 Privy
1487 2500 1702 2533 Councillor.

117 2547 180 2587 Ep.
200 2557 275 2585 410.
319 2546 382 2576 See
397 2546 470 2577 also
486 2547 548 2586 Ep.
568 2556 642 2585 430.
665 2556 700 2576 11
720 2557 755 2577 n.
943 2547 1000 2577 He
1037 2545 1248 2582 discharged
1279 2555 1471 2575 numerous
1510 2545 1702 2575 embassies

161 2600 212 2629 52.
239 2588 494 2628 Oassiletanus]
521 2589 654 2628 George
677 2589 714 2619 of
733 2589 874 2620 Theim-
940 2590 1102 2620 between
1117 2589 1200 2627 1508
1213 2588 1284 2618 and
1299 2598 1393 2626 1532.
1425 2588 1489 2619 See
1501 2588 1544 2618 A.
1558 2588 1698 2627 Leglay‚

114 2634 198 2664 seke
219 2633 285 2673 (†c.
313 2633 422 2672 1535),
445 2642 465 2663 a
488 2632 621 2671 lawyer
643 2632 714 2662 and
737 2632 876 2662 ecclesi·
941 2635 1140 2663 Cameracum
1162 2634 1382 2670 christianum,
1407 2641 1464 2671 pp.
1484 2640 1603 2671 123‚4;
1627 2631 1697 2664 GC.

117 2678 218 2716 astic,
233 2676 311 2707 who
326 2675 399 2706 had
420 2675 582 2706 attained
597 2677 634 2706 to
655 2677 752 2713 great
768 2675 874 2705 infiu-
939 2686 972 2706 v.
991 2676 1054 2713 258
1066 2684 1089 2705 n
1104 2686 1112 2714 ;
1135 2674 1207 2705 and
1223 2675 1376 2705 Brewer.

115 2730 202 2752 enee
231 2730 269 2750 as
297 2729 318 2749 a
349 2718 580 2758 diplomatist.
635 2718 693 2749 He
722 2717 875 2757 enjoyed
983 2727 1035 2756 53.
1058 2717 1275 2757 Theatinus]
1300 2717 1351 2748 Cf.
1367 2718 1431 2757 Ep.
1452 2718 1526 2756 287.
1544 2727 1612 2756 7n.

117 2763 303 2795 abundant
328 2762 557 2802 preferment,
582 2761 690 2800 being
714 2761 814 2792 Dean
840 2762 879 2792 of
984 2771 1036 2800 54.
1076 2759 1304 2801 Tunstallus]
1352 2760 1409 2791 He
1462 2761 1603 2792 arrived
1659 2762 1699 2792 in

115 2808 168 2840 St.
201 2805 370 2838 Gudule’s
396 2808 433 2836 at
460 2804 622 2836 Brussels
651 2814 745 2843 1491,
775 2804 875 2835 Dean
941 2804 1106 2835 Brussels
1125 2814 1172 2834 on
1192 2813 1213 2842 3
1227 2803 1323 2834 June
1341 2804 1501 2844 (Brewer
1516 2804 1555 2835 ii.
1573 2804 1674 2846 2006)
1691 2815 1700 2843 ;

117 2851 157 2881 of
174 2851 308 2889 Bruges
326 2858 419 2887 1499,
436 2848 535 2879 Dean
552 2847 591 2878 of
605 2847 786 2887 Courtray,
803 2847 876 2878 and
941 2848 984 2878 cf.
1002 2847 1024 2878 1.
1041 2849 1083 2885 63
1097 2849 1197 2885 infra.

118 2895 264 2925 Provost
291 2892 329 2923 of
351 2892 467 2924 Cassel
496 2901 588 2930 1505.
647 2891 693 2921 In
719 2900 803 2929 1503
828 2891 875 2921 he
1028 2890 1220 2931 Abbatem]
1243 2890 1393 2930 Antony
1423 2891 1461 2922 of
1487 2891 1637 2932 Bergen,
1662 2892 1698 2923 at

117 2947 190 2968 was
200 2935 392 2976 appointed
402 2945 448 2966 an
459 2934 706 2966 ecclesiastical
718 2935 876 2965 member
942 2934 991 2964 St.
1009 2934 1134 2972 Omer3
1158 2943 1213 2964 see
1231 2934 1295 2974 Ep.
1316 2943 1377 2974 143
1394 2934 1523 2966 introd.

116 2981 155 3013 of
171 2981 233 3012 the
255 2979 378 3011 Grand
396 2979 544 3010 Council
564 2980 601 3010 at
617 2977 783 3017 Mechlin,
803 2977 872 3008 and
985 2978 1037 3016 56.
1062 2977 1262 3018 negocium]
1288 2977 1339 3010 Cf.
1357 2978 1420 3018 Ep.
1439 2988 1512 3017 370.
1535 2979 1574 3008 18
1591 2987 1628 3010 n.

876 3055 946 3082 32
