2010 3417
236 1115 273 1147 25
294 1105 446 1142 Seneca
477 1103 640 1142 sustuli.

293 149 344 187 52
754 149 1000 187 LETTERS
1039 148 1107 187 OF
1144 148 1408 187 ERASMUS

293 260 366 296 aut
385 258 546 296 sudoris
566 270 690 307 quam
710 257 816 294 mihi
836 256 959 294 fuerit
979 256 1023 293 in
1046 255 1123 293 hoe
1147 255 1325 304 negocio.

1747 148 1869 201 [1515

1387 256 1630 305 Quanquam
1650 257 1728 295 hoc
1747 257 1873 296 etiam

292 323 413 361 vinco
433 322 613 369 nomine,
639 321 746 370 quod
765 333 874 359 vnus
893 320 979 370 ipse
999 319 1082 358 dux
1110 319 1263 369 pariter
1287 333 1331 357 ac
1358 319 1476 358 miles
1495 333 1588 358 cum
1607 322 1671 358 tot
1690 321 1873 360 hostium

293 386 463 424 milibus
490 386 676 424 conserui
705 398 888 423 manum.

238 466 273 497 15
292 463 415 500 quam
434 450 478 488 in
497 451 646 488 vestris
671 449 846 499 praeliis.

947 384 1037 422 Iam
1064 397 1139 422 nec
1165 386 1322 434 strages
1347 384 1392 422 in
1418 385 1494 422 hoc
1523 385 1712 423 conflictu
1738 386 1874 424 minor

905 449 1011 488 Nam
1040 449 1236 488 aduersus
1263 449 1412 496 Gallos,
1436 463 1514 500 quo
1541 449 1681 488 minus
1708 452 1875 489 cruenta

292 517 414 555 fuerit
433 529 581 566 pugna,
605 515 783 554 ciuilitas
808 515 993 554 hostium
1020 515 1132 564 (nam
1159 529 1238 565 quo
1263 514 1402 565 potius
1428 515 1633 565 appellem
1660 515 1828 554 nomine
1838 516 1874 564 ‘?)

292 582 337 619 in
356 594 477 620 causa
492 581 582 628 fuit,
600 581 669 632 qui
684 581 739 619 sic
754 581 804 620 ad
819 581 1002 631 primum
1017 581 1160 619 statim
1175 593 1441 630 congressum
1457 593 1610 619 cessere
1624 579 1873 627 melioribus

290 649 335 685 vt
360 648 571 697 appareret
595 647 641 684 in
672 646 748 684 hoc
776 647 915 695 ipsum
940 646 1112 694 venisse,
1137 659 1217 695 quo
1247 645 1364 684 vobis
1389 646 1583 696 praedam
1613 646 1873 685 adducerent.

291 713 507 751 Caeterum
539 725 560 750 e
595 712 727 750 Scotis
760 712 907 762 ingens
937 711 1103 761 quidem
1133 710 1309 760 contigit
1338 711 1521 759 victoria,
1555 710 1757 749 nimirum
1787 710 1876 760 ipso

236 789 275 811 20
291 791 383 827 rege
414 791 509 816 cum
541 777 775 815 innumeris
805 776 1074 827 optimatibus
1106 789 1231 822 caeSO,
1263 778 1304 814 et
1332 789 1378 814 eo
1408 789 1500 825 rege
1532 776 1603 825 qui
1636 775 1875 826 gladiatorio

292 843 414 893 (quod
443 843 574 893 aiunt)
593 842 732 881 animo
761 855 968 880 summam
998 841 1219 891 perniciem
1248 841 1463 879 vniuersae
1493 841 1732 880 Britanniae
1762 841 1877 880 moli-

292 910 416 948 retur.

480 908 636 947 Verum
666 921 711 946 ea
739 907 913 957 contigit
945 906 1078 945 multo
1107 906 1347 944 vestratium
1377 907 1515 956 empta
1543 907 1753 956 sanguine.
1818 907 1878 945 At

293 987 365 1024 ego
394 974 514 1012 vnico
540 973 730 1011 conflictu
758 985 881 1022 supra
909 973 1081 1022 quatuor
1108 971 1301 1018 hostium,
1329 970 1414 1008 imo
1439 972 1734 1020 portentorum,
1762 971 1879 1010 milia

293 1038 491 1088 iugulaui,
533 1037 706 1084 confodi,
748 1038 911 1085 deleui3
952 1038 1014 1074 tot
1051 1036 1162 1074 enim
1201 1035 1344 1084 opinor
1389 1035 1561 1074 mendas
1598 1036 1663 1074 vel
1709 1050 1757 1075 ex
1794 1050 1878 1075 vno

700 1102 819 1140 Adde
851 1102 958 1152 quod
993 1101 1138 1139 Scotus
1167 1100 1288 1138 miles
1320 1100 1391 1139 vix
1422 1101 1582 1150 primos
1616 1101 1878 1141 Britannicae

293 1169 466 1207 ditionis
484 1168 588 1206 fines
613 1168 746 1205 fuerat
772 1167 991 1217 ingressus,
1014 1168 1056 1205 et
1080 1165 1245 1204 vnicam
1273 1166 1471 1204 duntaxat
1496 1168 1709 1216 occuparat
1731 1180 1876 1213 arcem,

292 1234 401 1272 vnde
421 1246 516 1271 mox
536 1232 729 1282 depulsus
748 1234 820 1270 est.

879 1234 938 1270 At
956 1233 1093 1270 totum
1113 1231 1422 1280 Hieronymum
1442 1233 1658 1282 totumque
1679 1232 1877 1271 Senecam

294 1299 437 1337 multis
456 1299 540 1336 iam
559 1297 731 1336 saeculis
749 1297 940 1335 infinitus
966 1297 1212 1335 mendarum
1237 1309 1436 1334 numerus
1455 1299 1680 1346 occuparat,
1702 1299 1748 1336 vt
1768 1297 1873 1335 nihil

293 1377 468 1413 vsquam
488 1364 596 1402 esset
614 1362 821 1412 reliquum
841 1362 950 1412 quod
972 1375 1056 1400 non
1076 1361 1127 1399 ab
1146 1361 1335 1399 hostibus
1355 1363 1577 1400 teneretur.

346 1430 486 1478 Atque
514 1428 591 1466 hac
621 1427 786 1477 quidem
812 1427 855 1465 in
881 1441 923 1465 re
951 1427 1056 1465 mihi
1079 1440 1153 1476 pro
1183 1425 1318 1476 gladio
1345 1426 1524 1465 calamus
1543 1427 1635 1476 fuit,
1657 1441 1730 1477 pro
1749 1427 1879 1466 Marte

295 1495 445 1541 Musae,
467 1506 540 1543 pro
566 1493 691 1542 copiis
716 1492 943 1541 ingenium.

1001 1491 1084 1529 Nec
1109 1491 1243 1529 vllum
1271 1491 1425 1541 alioqui
1450 1492 1651 1530 auxilium
1677 1493 1721 1531 in
1749 1493 1880 1531 tantis

295 1572 435 1598 rerum
454 1557 763 1597 difficultatibus
789 1560 950 1607 praeter
978 1557 1080 1596 duos
1105 1559 1291 1595 vetustos
1316 1556 1482 1605 codices,
1507 1571 1682 1607 quorum
1701 1558 1878 1597 alterum

295 1624 481 1663 exhibuit
501 1637 522 1662 e
541 1636 616 1661 sua
634 1622 882 1661 bibliotheca
901 1635 1090 1661 summus
1109 1621 1180 1661 ille
1206 1635 1394 1660 meorum
1414 1622 1647 1660 studiorum
1666 1622 1880 1662 Moeeenas

295 1692 335 1728 et
373 1688 692 1739 incomparabile
731 1689 862 1726 nostri
906 1688 1059 1726 saeculi
1096 1688 1229 1735 decus,
1273 1687 1507 1726 Gulielmus
1550 1688 1880 1738 archiepiscopus

236 1767 275 1799 35
296 1753 632 1800 Cantuariensis;
678 1753 857 1791 alterum
893 1753 1069 1803 Regium
1105 1753 1212 1802 apud
1251 1752 1623 1801 Cantabrigienseis
1660 1753 1878 1803 collegium

294 1820 503 1870 suppetias
534 1818 676 1866 misit;
717 1818 787 1856 sed
820 1819 1026 1867 vtrunque
1059 1818 1241 1868 primum
1275 1817 1485 1866 mutilum,
1522 1818 1668 1857 deinde
1700 1819 1879 1869 vulgatis

294 1886 420 1924 etiam
435 1884 736 1933 exemplaribus
752 1883 1066 1930 mendosiorem,
1085 1885 1131 1921 vt
1151 1883 1291 1921 minus
1306 1882 1521 1921 fidendum
1536 1883 1660 1921 fuerit
1678 1884 1880 1922 auxiliari-

294 1951 372 1988 bus
409 1949 536 1999 copiis
570 1962 692 1999 quam
726 1949 828 1997 ipsis
861 1948 1060 1986 hostibus.

1131 1948 1245 1986 Illud
1283 1949 1421 1986 tamen
1460 1949 1612 1997 profuit
1651 1950 1759 1999 quod
1797 1962 1881 1988 non

296 2014 604 2054 consentiebant
633 2015 773 2062 errata,
803 2014 846 2051 id
874 2013 981 2062 quod
1011 2014 1190 2052 accidere
1219 2026 1380 2052 necesse
1408 2014 1470 2051 est
1499 2013 1543 2051 in
1571 2014 1637 2052 his
1666 2014 1783 2053 libris
1810 2015 1881 2064 qui

237 2092 279 2123 40
295 2094 345 2118 ex
364 2079 507 2118 eodem
527 2078 751 2128 exemplari
775 2078 967 2116 formulis
993 2078 1263 2116 excuduntur.

1323 2077 1506 2116 Proinde
1533 2079 1880 2127 quemadmodum

294 2144 509 2194 aliquoties
521 2143 568 2181 fit
582 2144 628 2181 vt
644 2143 800 2192 peritus
819 2145 861 2181 et
879 2144 1063 2181 attentus
1082 2142 1207 2181 iudex
1226 2156 1248 2180 e
1268 2142 1498 2180 multorum
1512 2144 1680 2181 testium
1695 2144 1879 2183 oratione

295 2222 473 2259 quorum
502 2221 623 2246 nemo
654 2209 794 2246 tamen
822 2220 967 2246 verum
996 2207 1114 2255 dicat,
1145 2221 1232 2245 rem
1260 2207 1437 2257 colligat,
1466 2208 1525 2246 ita
1552 2221 1628 2246 nos
1657 2222 1678 2246 e
1707 2209 1880 2248 diuersis

295 2274 458 2313 mendis
494 2287 633 2312 veram
673 2273 921 2311 coniecimus
964 2272 1192 2312 lectionem.

296 2339 520 2387 olfecimus,
545 2339 634 2388 ipsa
664 2338 895 2376 litterarum
924 2339 964 2376 et
992 2338 1157 2386 apicum
1185 2337 1313 2376 secuti
1338 2337 1523 2387 vestigia.

236 2418 276 2450 45
296 2404 570 2443 diuinandum
596 2403 700 2450 fuit3
730 2415 963 2453 quanquam
986 2402 1029 2440 id
1055 2403 1220 2452 quidem
1247 2402 1421 2440 fecimus
1442 2403 1615 2451 parcius,
1641 2417 1724 2442 non
1748 2404 1881 2453 ignari

296 2505 390 2572 b-Ig.
416 2496 557 2526 vincam
573 2496 606 2529 β.
739 2504 794 2533 34.
819 2493 1004 2525 Guielmus
1019 2496 1052 2528 β,

320 2549 340 2568 n
383 2563 391 2570 .

344 2646 391 2674 17.
409 2636 559 2677 cessere]
584 2636 634 2667 Cf.
655 2636 716 2676 Ep.
738 2636 810 2674 283.
831 2636 891 2674 138
902 2645 937 2666 n.

341 2681 391 2709 26.
439 2679 570 2720 arcem]
610 2679 769 2710 Norham
808 2679 950 2718 Castle3
1002 2689 1056 2710 see

298 2722 441 2753 Brewer
457 2723 478 2754 i.
498 2733 591 2762 4457.

342 2775 393 2804 32.
436 2766 606 2807 alterum]
640 2766 795 2806 Perhaps
826 2775 890 2796 one
922 2765 961 2796 of
994 2765 1055 2797 the

299 2809 471 2839 Lambeth
486 2810 579 2841 MSS.
603 2811 662 2848 138
680 2820 718 2840 or
734 2820 796 2848 232
812 2809 948 2849 (xiiic.),
968 2809 1053 2840 each

299 2852 337 2882 of
378 2851 498 2883 which
544 2854 706 2884 contains
750 2853 867 2884 works
910 2853 1054 2892 printed

299 2896 338 2925 in
394 2894 456 2924 the
509 2898 769 2935 Lucubrationes;
827 2906 883 2927 see
928 2896 1054 2926 Todd‘s

299 2937 498 2976 Catalogue.
543 2939 657 2969 There
696 2940 726 2970 is
764 2939 928 2978 nothing,
959 2939 1054 2970 how-

297 2991 389 3021 ever,
416 2982 451 3011 to
475 2981 572 3012 show
597 2982 675 3012 that
703 2983 789 3022 'they
816 2982 986 3021 belonged
1019 2984 1055 3013 to

1262 2272 1329 2311 Ad
1375 2273 1474 2310 haec
1518 2273 1723 2322 permulta
1762 2274 1879 2312 velut

1583 2337 1636 2376 In
1666 2339 1881 2377 nonnullis

1185 2504 1237 2534 39.
1266 2495 1323 2525 his
1339 2505 1377 2526 a:
1402 2495 1447 2525 iis
1463 2495 1497 2528 β.
1627 2505 1678 2533 42.
1701 2497 1824 2527 tamen
1839 2507 1858 2526 α
1873 2507 1880 2525 :

1125 2635 1314 2672 VVarham;
1339 2635 1412 2666 and
1435 2636 1453 2666 I
1476 2645 1541 2666 can
1563 2636 1638 2667 find
1662 2647 1708 2668 no
1728 2638 1823 2668 trace
1840 2638 1878 2668 in

1124 2679 1224 2709 them
1241 2679 1279 2710 of
1289 2688 1350 2709 use
1366 2680 1414 2718 by
1430 2680 1608 2711 Erasmus.

1166 2731 1217 2761 35.
1237 2720 1400 2762 Regium]
1417 2722 1501 2753 This
1518 2723 1588 2754 MS.
1610 2733 1722 2754 seems
1738 2726 1774 2754 to
1789 2723 1879 2754 have

1123 2765 1267 2804 already
1283 2765 1513 2805 disappeared
1530 2768 1568 2797 in
1588 2768 1687 2806 1526;
1704 2766 1758 2797 for
1772 2766 1878 2797 when

1122 2809 1292 2849 Aldridge
1323 2819 1396 2840 was
1427 2809 1532 2840 asked
1567 2810 1613 2849 by
1644 2809 1812 2840 Erasmus
1841 2810 1878 2839 to

1123 2852 1248 2883 collate
1266 2853 1294 2882 it
1311 2853 1415 2891 again
1438 2852 1493 2884 for
1518 2853 1579 2883 the
1596 2863 1676 2883 new
1691 2852 1827 2883 edit-ion
1844 2852 1881 2882 of

1126 2905 1208 2935 1529
1244 2896 1273 2926 it
1311 2906 1381 2926 was
1419 2898 1481 2927 not
1519 2896 1765 2934 forthcoming.
1815 2895 1877 2926 See

1123 2939 1234 2970 Lond.
1260 2939 1331 2970 xxi.
1356 2940 1407 2979 26,
1433 2948 1486 2978 55,
1512 2939 1581 2970 LB.
1609 2940 1678 2977 782,
1703 2939 1780 2977 852,
1806 2939 1876 2969 and

1122 2981 1327 3021 Aldridge's
1338 2982 1586 3013 intermediate
1597 2981 1713 3019 letter,
1728 2981 1809 3013 EE2.
1824 2992 1875 3020 40.
