2010 3417
231 138 313 176 334
694 134 946 173 LETTERS
987 133 1057 172 OF
1095 133 1359 173 ERASMUS
1698 132 1827 187 [1516

232 246 411 296 quidem,
441 257 515 294 pro
535 243 695 281 meritis
715 244 857 280 tamen
876 241 1057 279 infinitis
1077 241 1156 279 tibi
1178 242 1320 280 minus
1346 243 1599 291 respondens
1618 256 1628 289 3
1670 244 1710 282 et
1738 256 1828 293 pro-

176 324 215 347 10
231 313 338 350 fecto
357 321 572 358 nunquam
592 308 693 346 satis
722 305 999 357 respondebit,
1023 306 1104 344 nisi
1132 308 1319 345 nostram
1350 306 1559 345 Basileam
1586 307 1828 347 frustratam

232 389 317 414 esse
338 387 412 413 sua
440 373 724 423 expectatione
745 372 846 410 satis
864 371 942 409 tibi
962 383 1205 421 responsum
1225 371 1529 410 crediderimus.
1600 373 1756 411 Verum
1775 373 1831 412 ab

231 441 406 479 Erasmo
426 439 531 477 hanc
550 438 683 476 adhuc
703 437 905 476 habemus
924 437 1112 486 gratiam,
1137 437 1247 486 quod
1273 436 1496 474 infantiam
1522 438 1710 475 nostram
1728 438 1831 477 adeo

230 509 401 544 tenuem
434 503 586 542 litteris
619 503 826 552 dignatur,
868 501 964 540 licet
1003 502 1344 552 occupatissimus
1381 502 1448 540 vel
1486 502 1530 540 in
1568 501 1834 541 dimittendis

231 570 551 620 ablegandisque
583 581 701 607 suam
734 567 964 606 amicitiam
999 567 1309 615 ambientibus;
1339 567 1409 617 qui
1443 580 1572 616 quum
1611 567 1829 606 adhaerere

175 651 212 683 15
231 649 317 675 non
336 636 472 686 potest
491 633 755 684 quibuslibet,
780 645 913 671 vnum
932 631 1161 682 principem
1180 632 1399 682 nataleque
1419 632 1557 671 solum
1576 632 1711 683 elegit.
1761 632 1832 671 Sic

231 700 339 746 abes,
359 700 494 747 modo,
517 699 690 738 Erasme
711 697 1084 748 desyderatissime,
1108 697 1228 736 nobis
1247 698 1344 736 abes
1362 698 1406 736 in
1436 711 1524 736 rem
1551 699 1684 747 tuam,
1713 699 1830 737 adau-

232 768 323 805 ctus
341 767 562 816 postquam
582 764 728 803 abieris
747 763 976 802 honoribus
994 765 1116 812 atque
1138 763 1298 801 diuitiis
1317 778 1325 811 ;
1355 776 1431 801 nos
1452 763 1621 802 amiculi
1640 765 1831 814 respectu

231 828 389 879 proprii
409 827 617 866 commodi
635 840 687 864 ne
706 826 930 865 molestum
954 826 1197 864 duxerimus
1230 825 1509 864 infortunium
1536 827 1739 875 nostrum,
1759 827 1831 865 tua

232 895 414 945 pensitet
432 893 618 932 felicitas.

177 979 215 1001 20
287 959 447 999 Deinde
470 958 615 997 scribis
639 958 751 996 haud
780 957 957 996 absurde
976 957 1143 1008 quidem
1170 957 1346 996 attinere
1375 958 1425 995 ad
1451 970 1572 996 verae
1600 957 1768 1006 pietatis
1790 959 1830 995 et

232 1024 479 1065 eruditionis
499 1023 717 1073 negocium
746 1023 1045 1072 instaurandae,
1066 1024 1113 1061 vt
1141 1023 1222 1061 sim
1253 1023 1324 1061 diu
1351 1023 1582 1061 incolumis.
1642 1021 1751 1061 Nam
1773 1022 1836 1061 ita

233 1104 278 1130 se
310 1104 376 1129 res
406 1090 542 1128 habet.
597 1089 639 1127 A
670 1101 737 1127 me
771 1090 931 1127 constat
961 1088 1121 1127 vtilitas
1148 1088 1227 1138 piis
1255 1088 1420 1136 litteris,
1451 1101 1546 1127 vere
1573 1101 1744 1138 prosum
1772 1087 1832 1125 rei

232 1155 486 1202 litterariae;
524 1167 656 1205 neque
689 1156 811 1204 putes
847 1154 1006 1192 dictum
1043 1153 1305 1202 insolentius,
1341 1154 1439 1203 quia
1472 1167 1644 1203 prosum
1681 1153 1837 1192 litteris

233 1221 360 1261 simul
388 1234 434 1260 ac
453 1220 610 1270 pietati,
634 1222 675 1258 et
694 1219 875 1258 vbertim
895 1232 1075 1269 prosum,
1099 1219 1149 1257 ad
1178 1219 1434 1258 vberrimam
1454 1219 1649 1257 videlicet
1667 1218 1833 1257 Erasmi

177 1307 214 1338 25
233 1284 455 1324 lectionem
487 1283 673 1321 inuitans
707 1282 960 1321 nostratium
991 1282 1153 1331 vulgus.
1224 1281 1438 1321 Adhortor
1470 1282 1586 1320 enim
1614 1282 1833 1331 excitoque

235 1349 391 1400 passim
418 1349 592 1387 Erasmo
624 1346 828 1394 studeant,
865 1347 1013 1385 diurna
1042 1349 1209 1385 versent
1240 1360 1367 1386 manu
1400 1348 1687 1396 nocturnaque
1715 1347 1833 1385 Eras-

235 1428 365 1463 mum,
388 1417 510 1464 atque
539 1413 716 1463 impetro
739 1426 763 1451 a
788 1412 998 1462 plerisque
1025 1425 1153 1451 venae
1182 1413 1363 1451 melioris
1392 1412 1572 1462 ingeniis
1598 1412 1706 1450 nihil
1730 1412 1835 1451 scire

237 1493 363 1530 quam
381 1492 514 1518 vnum
533 1479 766 1525 Erasmum,
789 1477 1007 1517 vniuersae
1022 1478 1233 1516 doctrinae
1252 1478 1554 1516 redundantem
1569 1478 1778 1529 Oceanum
1793 1480 1833 1515 et

235 1545 538 1584 vindicatorem
556 1557 677 1582 verae
693 1543 961 1582 litteraturae.
1020 1542 1071 1581 In
1092 1543 1168 1581 hoc
1189 1543 1452 1581 Erasmicum
1473 1542 1595 1581 Pauli
1611 1543 1662 1582 ad
1682 1543 1846 1582 Roma-⁷

179 1634 219 1665 30
237 1623 314 1648 nos
332 1609 562 1659 Epistolam
587 1608 822 1658 profitebor,
844 1608 983 1658 paucis
998 1609 1150 1647 abhinc
1169 1608 1315 1647 diebus
1334 1608 1582 1658 incepturus,
1605 1611 1644 1647 et
1664 1609 1834 1658 plenum

237 1677 382 1725 suapte
411 1676 555 1724 sponte
587 1674 865 1724 cupidumque
895 1673 1150 1712 auditorium
1180 1673 1402 1723 praeuideo
1436 1674 1489 1712 ob
1517 1674 1642 1713 vnius
1670 1674 1835 1713 Erasmi

236 1740 358 1791 longe
377 1739 626 1790 amplissimi
658 1753 822 1778 nomen.
883 1739 1078 1778 Preterea
1095 1740 1141 1777 in
1165 1739 1324 1777 triuiah'
1350 1739 1449 1777 ludo
1477 1741 1665 1778 teneram
1693 1740 1834 1778 curaui

237 1806 463 1857 puericiam
488 1805 533 1843 111
571 1805 745 1844 Erasmo
790 1804 959 1853 edoceri,
1001 1817 1135 1843 vnum
1176 1804 1398 1842 Erasmum
1437 1804 1550 1842 domi
1592 1804 1839 1854 parentibus

237 1884 458 1919 recensere,
494 1884 624 1910 vnum
662 1870 822 1909 blesula
860 1869 933 1908 illa
969 1869 1114 1919 lingua
1154 1870 1458 1918 commendare,
1491 1870 1733 1919 praedicare,
1773 1884 1837 1909 ex-

181 1958 219 1989 35
237 1937 391 1977 tollere.
452 1937 520 1976 Ad
551 1937 649 1976 haec
680 1936 931 1986 grauitatem
963 1935 1239 1985 theologicam
1271 1935 1410 1974 studio
1450 1936 1717 1975 emulationis
1747 1949 1838 1986 pro·

239 2016 350 2049 uoco,
370 2002 505 2052 palam
525 2004 714 2041 astruens
733 2002 780 2039 in
799 2003 839 2040 te
858 2001 965 2039 mihi
986 2001 1102 2051 quasi
1119 2001 1431 2039 tabernaculum
1443 2001 1555 2040 vitae
1574 2002 1834 2048 collocatum,

239 2068 290 2106 ad
310 2081 484 2106 acumen
508 2068 631 2113 istud,
658 2067 709 2106 ad
729 2066 1046 2113 humanitatem,
1068 2066 1119 2104 ad
1140 2065 1382 2104 facilitatem
1402 2068 1519 2104 tuam
1546 2066 1837 2116 temperatissi-

239 2146 362 2180 mam,
386 2133 616 2182 ingenium,
649 2145 795 2180 mores,
834 2131 1177 2170 consuetudinem
1209 2131 1406 2169 omnibus
1436 2132 1655 2170 formanda
1686 2132 1836 2181 quibus

239 2212 355 2237 amor
373 2199 538 2237 honesti
558 2198 820 2247 doctrineque
839 2197 993 2235 insidet
1011 2211 1021 2244 ;
1051 2199 1091 2235 te
1111 2196 1219 2234 nihil
1235 2196 1466 2245 perfectius,
1485 2196 1594 2234 nihil
1606 2196 1838 2236 absolutius

180 2286 222 2316 40
241 2265 419 2302 aetatem
450 2265 636 2301 nostram
670 2263 912 2313 produxisse
943 2275 1077 2311 neque
1108 2262 1233 2300 etiam
1261 2261 1500 2312 priscorum,
1524 2263 1611 2300 tam
1641 2262 1836 2301 omnibus

240 2329 441 2367 nimirum
480 2329 666 2367 numeris
711 2328 932 2378 probatum
972 2327 1181 2376 exemplar
1218 2329 1339 2377 atque
1376 2340 1546 2377 scopum
1584 2327 1830 2366 studiorum.

241 2394 384 2444 Neque
417 2394 484 2432 his
522 2395 743 2432 contentus
773 2393 876 2442 quin
907 2392 1049 2431 eadem
1086 2392 1239 2430 molior
1275 2392 1383 2442 apud
1421 2394 1560 2430 extera
1602 2393 1834 2443 gymnasia.

241 2458 354 2497 Num
379 2459 478 2497 haec
498 2459 655 2496 faciens
673 2458 818 2497 videor
836 2459 1029 2508 prodesse
1042 2459 1063 2496 ⁶?
1119 2458 1198 2496 Sed
1217 2457 1378 2496 vtilitas
1397 2458 1497 2496 adeo
1516 2458 1731 2508 perspicua
1751 2472 1835 2497 non

240 2527 328 2563 tam
356 2524 470 2562 venit
502 2537 525 2562 a
558 2537 624 2562 me
654 2524 770 2562 fabro
796 2524 938 2573 inepto
968 2536 1092 2572 quam
1120 2536 1144 2561 a
1168 2525 1209 2560 te
1240 2522 1463 2561 faberrimo
1493 2523 1677 2569 Erasmo,
1705 2524 1837 2562 totius

182 2601 221 2632 45
242 2589 354 2628 orbis
372 2589 526 2627 decore.

296 2655 488 2693 Ceterum
507 2655 664 2704 gaudeo
689 2657 729 2692 te
751 2667 905 2692 nouam
927 2653 1208 2692 Instrumenti
1232 2653 1341 2692 Noui
1361 2653 1588 2692 editionem
1618 2667 1772 2703 parare,
1796 2655 1837 2692 et

242 2720 410 2758 nomine
442 2719 656 2768 imperitae
688 2719 972 2758 multitudinis
1001 2719 1184 2768 gaudeo3
1215 2720 1280 2757 cui
1304 2718 1469 2757 videtur
1492 2719 1560 2757 vel
1580 2718 1629 2757 de
1649 2721 1720 2757 tua
1748 2731 1837 2757 esse

472 2818 524 2847 26.
549 2819 695 2848 versant
712 2820 778 2847 MS.
795 2829 800 2847 t
827 2827 900 2847 corr.
921 2819 984 2848 LB.
1120 2827 1172 2855 44.
1199 2816 1317 2847 frabro
1333 2819 1399 2848 MS.
1417 2829 1422 2847 :
1448 2827 1523 2848 corr.
1542 2819 1604 2847 LB.

286 2906 338 2935 26.
365 2905 512 2946 diurna]
537 2906 589 2936 Cf.
607 2906 694 2936 Hor.
711 2909 753 2937 A.
770 2908 803 2936 Ρ.
821 2907 896 2945 269.
1077 2907 1187 2936 Scudii
1203 2905 1281 2946 (Ep.
1302 2904 1371 2944 66),
1399 2907 1467 2935 Cato
1484 2905 1563 2945 (Ep.
1582 2903 1661 2943 298)
1685 2902 1755 2933 and
1772 2901 1834 2932 the

285 2957 336 2986 32.
360 2949 498 2978 triuiali
519 2949 619 2989 ludo]
650 2945 754 2979 With
778 2949 866 2979 such
889 2948 1007 2979 works
1076 2951 1117 2979 De
1135 2950 1355 2979 Constrzcction'e
1373 2948 1451 2987 (Ep.
1468 2950 1558 2986 341).

243 3000 281 3020 as
297 2991 358 3020 the
372 2994 417 3021 De
433 2995 523 3028 Copia
537 2993 616 3032 (Ep.
630 2992 722 3032 260),
734 2992 797 3022 the
814 2995 856 3023 De
874 2994 1006 3023 Ratione
1119 2993 1172 3031 46.
1196 2990 1343 3031 nouam]
1368 2990 1418 3021 Cf.
1436 2992 1500 3030 Ep.
1519 2999 1594 3028 417.
1612 2999 1641 3028 7.
