2010 3417
246 177 298 214 44
707 175 958 215 LETTERS
998 174 1066 213 OF
1104 173 1367 214 ERASMUS
1709 172 1747 226 [1
1757 184 1778 222 5
1787 186 1801 211 1
1812 184 1833 223 5

212 300 229 331 5
247 285 380 324 adhuc
422 298 474 323 an
513 285 596 323 iam
640 284 814 322 Romam
843 295 952 321 esses
979 282 1211 332 profectus;
1258 281 1300 319 id
1343 282 1452 332 quod
1491 281 1760 320 vehementer
1797 284 1838 321 et

249 349 482 399 suspicabar
507 351 547 387 et
567 348 812 396 metuebam,
837 347 969 385 multo
993 348 1100 385 certe
1119 347 1349 396 scripturus
1369 345 1592 393 verbosius,
1617 345 1653 384 si
1672 346 1838 395 quidem

249 415 415 453 scissem
448 414 556 451 certo
589 415 631 451 te
661 412 848 451 nondum
880 411 1035 450 isthinc
1063 410 1305 451 discessisse.
1365 410 1512 461 Itaque
1549 410 1594 449 in
1633 410 1840 450 incertum

249 477 466 528 epistolam
496 478 603 516 hanc
635 477 850 525 missurus,
887 476 1003 515 volui
1035 479 1077 515 et
1107 489 1236 526 pauca
1265 475 1451 525 scribere,
1486 477 1527 515 et
1561 488 1608 514 ea
1640 475 1842 514 duntaxat

249 556 351 593 quae
380 543 507 581 etiam
536 542 727 592 quemuis
754 542 883 582 alium
912 542 1046 592 legere
1073 541 1195 580 facile
1221 541 1368 592 patiar,
1394 554 1447 579 ne
1477 541 1642 591 quando
1670 539 1843 590 epistola

194 625 232 647 10
248 609 299 647 ad
314 621 380 646 me
401 607 638 646 remittatur
652 608 744 646 sine
759 608 1023 658 responsione
1039 607 1290 658 cuiusquam,
1309 607 1417 657 quod
1433 606 1602 657 quidem
1623 606 1672 645 de
1692 605 1844 644 litteris

249 674 299 712 ad
330 676 371 712 te
399 674 444 712 in
477 673 743 712 Britanniam
773 674 910 713 missis
939 676 1002 712 est
1030 673 1199 711 factum.
1258 672 1451 712 Primum
1484 672 1624 723 itaque
1654 671 1844 722 significo

250 739 327 777 tibi
359 752 425 778 me
453 739 595 778 relicta
626 740 758 789 patria
791 741 833 778 et
864 739 1007 778 amieis
1035 738 1230 778 omnibus
1260 740 1380 788 atque
1409 738 1605 788 cognatis,
1635 739 1845 788 praeterea

251 805 483 843 studiorum
511 803 630 843 sociis
656 806 697 843 et
715 804 910 855 plurimis
928 805 1084 854 patriae
1107 803 1483 852 commoditatibus,
1513 816 1638 842 suasu
1661 815 1707 842 ac
1730 803 1844 841 iussu

251 866 551 917 propemodum
588 867 740 906 veteris
777 867 941 917 patroni
978 867 1071 916 mei,
1113 866 1368 916 Hieronymi
1404 865 1621 915 Busleidii,
1654 867 1699 904 in
1737 865 1846 904 hanc

198 944 235 975 15
252 935 405 971 terram
421 932 812 982 Lucenburgensem
831 932 1113 982 (concessisse,
1132 934 1180 971 vt
1192 931 1307 981 eius>
1326 931 1572 982 nepotulum
1588 933 1630 969 et
1644 931 1846 981 ingenuos

253 1010 388 1036 mores
409 1000 449 1035 et
467 997 629 1036 litteras
648 998 860 1047 politiores
885 998 1076 1045 doceam3
1104 997 1284 1047 viuoque
1309 1009 1404 1035 cum
1424 996 1539 1035 illius
1563 997 1682 1047 pueri
1700 998 1844 1045 matre,

255 1060 430 1099 muliere
464 1060 722 1109 probissima,
755 1060 919 1099 Arelini
949 1073 994 1098 ac
1021 1059 1197 1098 subinde
1223 1059 1848 1109 Lucenburgi—commutamus

256 1125 368 1163 enim
409 1125 523 1164 sedes
563 1125 870 1164 interdum—et
909 1125 1005 1164 viuo
1044 1124 1283 1164 condicione
1321 1125 1497 1164 honesta
1538 1125 1583 1163 in
1621 1123 1769 1174 primis
1807 1125 1849 1162 et

257 1192 504 1241 quaestuosa
523 1190 635 1239 satis,
658 1191 730 1229 sed
749 1190 858 1229 mihi
877 1190 1073 1229 nonnihil
1094 1190 1280 1239 molesta,
1304 1190 1413 1240 quod
1433 1192 1551 1229 extra
1570 1189 1849 1228 litteratorum

199 1271 239 1293 20
256 1257 509 1294 conuentum
530 1258 570 1294 et
589 1256 721 1294 ferme
740 1256 784 1294 in
805 1255 1031 1294 solitudine
1046 1256 1155 1294 mihi
1175 1269 1286 1294 nunc
1302 1255 1530 1295 viuendum
1550 1257 1612 1294 est
1631 1255 1847 1305 tantisper,

256 1321 357 1359 dum
389 1321 608 1360 mittemur
637 1322 688 1360 ad
725 1321 890 1371 aliquod
923 1320 1136 1371 publicum
1168 1320 1445 1371 gymnasium.
1507 1320 1704 1360 Nondum
1736 1319 1850 1359 enim

255 1386 423 1425 mulieri
454 1386 694 1436 persuaderi
723 1388 861 1436 potest
889 1389 935 1425 vt
963 1386 1140 1425 filiolum
1169 1388 1300 1425 aetate
1330 1385 1462 1425 adhuc
1497 1387 1648 1434 tenera,
1680 1384 1850 1425 Vnicum

258 1451 445 1490 defuncti
464 1448 605 1490 mariti
623 1451 826 1500 solatium,
848 1465 872 1490 a
891 1464 935 1491 se
953 1451 1125 1502 ableget.

313 1516 444 1566 Cupio
471 1516 653 1555 vicissim
681 1517 770 1555 fieri
799 1516 872 1555 abs
901 1519 942 1555 te
971 1518 1120 1556 certior
1149 1529 1251 1567 quos
1279 1517 1405 1555 isthic
1433 1516 1562 1555 libros
1589 1506 1852 1566 impressioni

204 1598 241 1629 25
259 1581 547 1630 mandaueris3
589 1582 776 1621 intellexi
809 1582 922 1621 enim
953 1595 1046 1621 cum
1080 1596 1131 1621 ex
1164 1582 1314 1621 litteris
1348 1581 1595 1632 quibusdam
1629 1581 1725 1629 tuis,
1760 1583 1853 1619 tum

260 1661 310 1686 ex
348 1647 400 1686 iis
438 1647 509 1696 qui
547 1650 589 1686 te
627 1648 766 1686 isthuc
803 1648 1130 1698 proficiscentem
1164 1660 1404 1696 conuenere,
1439 1647 1549 1698 quod
1588 1646 1855 1685 constitueris

261 1713 574 1763 castigationem
595 1712 704 1752 Noui
719 1714 987 1762 Testamenti,
1006 1716 1047 1752 et
1062 1713 1164 1752 item
1179 1713 1462 1763 Epistolarum
1482 1712 1570 1751 diui
1589 1711 1852 1762 Hieronymi,

262 1780 488 1828 antequam
508 1778 686 1817 Romam
706 1780 746 1816 te
767 1779 983 1827 conferres,
1001 1779 1127 1818 isthic
1147 1778 1468 1829 impressoribus
1484 1790 1556 1818 seu
1577 1777 1857 1828 calcographis

263 1843 543 1891 committere3
573 1845 613 1881 et
633 1843 712 1882 alia
732 1844 835 1882 item
861 1844 1075 1892 nonnulla,
1100 1857 1202 1894 quae
1228 1847 1268 1882 te
1294 1843 1506 1893 scripsisse
1531 1856 1581 1881 ex
1606 1843 1690 1882 tuis
1713 1843 1764 1881 ad
1789 1855 1856 1881 me

206 1925 246 1956 30
263 1907 415 1946 litteris
445 1910 596 1946 aestate
628 1908 704 1946 hac
735 1909 924 1958 proxima
953 1910 1137 1959 cognoui.
1199 1909 1317 1958 Quod
1352 1909 1388 1947 si
1416 1908 1639 1962 Britannia
1669 1920 1858 1959 egressus

262 1987 329 2012 me
372 1986 533 2023 quoque
581 1973 861 2024 Middelburgi
908 1974 1179 2022 conuenisses,
1225 1974 1332 2024 quod
1380 1974 1548 2024 quidem
1591 1974 1858 2013 vehementer

264 2038 477 2088 cupiebam
514 2041 555 2076 et
594 2041 641 2077 tu
679 2042 719 2077 te
757 2039 977 2087 fact-urum,
1019 2039 1054 2078 si
1091 2039 1306 2078 commode
1344 2052 1496 2089 posses,
1537 2031 1854 2094 significaueras,

265 2103 417 2142 certius
445 2103 579 2142 multo
606 2103 819 2142 sciuissem
848 2105 987 2142 omnia
1020 2106 1061 2143 et
1092 2104 1294 2143 nonnulla
1321 2105 1448 2143 etiam
1477 2117 1616 2142 coram
1643 2103 1854 2142 vidissem.

267 2169 387 2207 Nunc
415 2182 510 2207 vero
533 2168 658 2207 fuerit
677 2168 783 2206 mihi
802 2168 1101 2218 gratissimum,
1122 2169 1157 2208 si
1184 2170 1255 2219 qui
1277 2169 1399 2208 isthic
1419 2169 1517 2207 libri
1539 2169 1610 2208 abs
1630 2171 1672 2208 te
1692 2169 1859 2219 impres-

210 2249 248 2281 35
267 2235 372 2274 sioni
393 2233 605 2273 commissi
626 2233 723 2282 sint,
744 2236 785 2272 et
806 2234 950 2284 quanti
971 2234 1127 2285 singuli
1146 2237 1334 2283 veneant,
1353 2236 1475 2285 atque
1494 2234 1620 2273 etiam
1640 2248 1721 2284 quo
1741 2236 1860 2284 pacto

266 2301 347 2339 huc
359 2299 515 2350 possim
530 2301 647 2337 tanto
663 2299 849 2337 locorum
861 2299 1082 2338 interuallo
1097 2313 1239 2338 curare
1253 2299 1533 2348 aduehendos,
1547 2299 1854 2350 significaueris.

269 2365 386 2414 Quod
409 2364 443 2403 si
469 2365 506 2402 is
532 2364 603 2414 qui
622 2364 781 2403 litteras
801 2364 875 2403 has
894 2365 971 2403 tibi
996 2365 1187 2413 reddidit,
1209 2365 1474 2404 ferendorum
1494 2364 1544 2403 ad
1571 2378 1636 2403 me
1657 2363 1860 2403 librorum

268 2429 526 2480 prouinciam
553 2429 760 2479 suscipere
784 2429 988 2469 voluisset
1017 2432 1089 2469 aut
1117 2429 1244 2469 etiam
1273 2430 1323 2469 ad
1349 2442 1416 2468 me
1443 2429 1591 2480 quouis
1615 2430 1739 2469 modo
1765 2428 1860 2468 diri-

269 2495 507 2544 gendorum,
530 2493 614 2532 emi
633 2494 845 2533 iussissem
865 2497 1067 2545 quotquot
1085 2495 1211 2534 isthic
1230 2497 1329 2534 sunt
1355 2494 1557 2545 impressi.
1615 2495 1659 2534 Si
1678 2508 1775 2534 vero
1794 2495 1862 2534 vel

212 2575 254 2605 40
270 2560 483 2598 Treuerim
497 2559 564 2597 vel
584 2559 729 2597 Metim
748 2560 862 2598 mitti
882 2563 1052 2610 possent
1072 2561 1122 2600 ad
1138 2560 1406 2610 bibliopolam
1426 2560 1675 2610 quempiam,
1699 2560 1862 2611 quando

270 2625 350 2675 ipsi
369 2625 476 2663 inter
500 2637 542 2663 se
562 2624 731 2674 negocia
756 2625 888 2663 multa
913 2625 1069 2665 habent
1095 2625 1331 2664 communia
1352 2625 1639 2676 chalcographi
1658 2628 1699 2665 et
1718 2625 1862 2664 biblio-

271 2690 402 2738 polae,
431 2692 477 2728 vt
505 2690 603 2728 inde
631 2692 741 2728 certo
769 2690 900 2740 pretio
929 2703 1002 2740 ego
1031 2693 1181 2741 petam,
1202 2690 1328 2729 fuerit
1356 2690 1398 2729 id
1427 2691 1534 2730 mihi
1563 2690 1696 2730 multo
1723 2689 1864 2741 gratis-

901 2770 953 2799 37.
979 2759 1156 2802 lisborum
1172 2763 1239 2791 MS.

317 2872 348 2901 5.
366 2862 530 2904 Romam]
555 2863 606 2895 Cf.
625 2864 688 2904 Ep.
705 2873 781 2903 300.
803 2874 846 2903 40
863 2874 899 2896 n.
1101 2874 1158 2896 see
1172 2864 1267 2896 Neve
1280 2865 1318 2896 in
1335 2864 1397 2896 the
1413 2867 1582 2896 Annuaire
1597 2866 1633 2895 de
1647 2862 1763 2895 l’Univ.
1777 2864 1860 2894 Cath.

321 2915 371 2936 10.
427 2906 574 2946 litteris]
622 2907 780 2947 Perhaps
825 2908 887 2938 the
933 2907 1039 2940 letter
1102 2911 1138 2939 de
1161 2911 1312 2948 Louvain,
1334 2909 1428 2948 1874,
1447 2918 1503 2948 pp.
1521 2916 1687 2948 399-409,
1703 2905 1824 2937 where
1845 2916 1865 2937 a

278 2948 433 2979 referred
449 2951 485 2979 to
501 2950 539 2979 in
552 2949 615 2989 Ep.
631 2960 704 2989 291.
718 2961 771 2990 43.
803 2951 839 2982 It
852 2951 1039 2990 evidently
1102 2951 1212 2982 letter
1234 2952 1382 2983 written
1409 2954 1446 2983 to
1470 2951 1548 2982 him
1571 2951 1608 2981 at
1631 2949 1792 2980 Louvain
1817 2949 1865 2989 by

276 3001 349 3022 was
373 2993 436 3022 not
459 2993 642 3023 answered
668 2995 715 3033 by
742 2995 921 3034 Erasmus,
941 2996 1038 3026 since
1102 2995 1243 3026 Jerome
1267 2994 1463 3026 Busleiden
1481 2995 1519 3024 in
1547 2994 1629 3032 1516
1651 2993 1682 3024 is
1708 2993 1864 3032 printed.

276 3035 339 3065 the
355 3044 454 3066 news
471 3036 501 3065 is
517 3036 683 3075 repeated
701 3038 740 3067 in
758 3037 821 3076 Ep.
837 3047 912 3077 291.
1146 3048 1198 3077 30.
1216 3037 1364 3077 litteris]
1389 3036 1584 3075 Evidently
1600 3036 1639 3066 in
1665 3045 1802 3068 answer
1827 3038 1864 3067 to

324 3087 370 3117 15.
408 3079 637 3119 nepotulum]
679 3079 865 3110 Cornelius
889 3080 1036 3119 Erdorf3
1103 3080 1166 3120 Ep.
1186 3090 1245 3120 291
1264 3091 1271 3118 ;
1295 3080 1337 3111 cf.
1356 3080 1419 3120 Ep.
1436 3089 1509 3119 573,
1529 3081 1612 3110 note
1631 3089 1658 3110 1.
