2010 3417
89 141 186 197 421]
542 143 612 182 ΤΟ
650 141 917 181 WILLIAM
953 140 1224 180 BUDAEUS
1606 138 1686 176 255

86 254 408 294 commentarios
434 253 559 292 scribi
587 252 769 303 potuisse
796 264 922 302 quam
942 264 1023 300 quo
1042 250 1162 289 nobis
1186 249 1257 288 ille
1276 249 1464 288 minutae
1483 247 1688 288 minutiae

88 321 263 370 scriptae
281 321 391 358 sunt.

143 385 282 435 Atque
301 385 402 423 haec
423 383 724 434 qualiacunque
743 382 1059 434 λεπτολογήματα
1077 379 1517 430 grauissimi‘theologi
1536 378 1687 429 ample-

86 452 270 498 ctuntur,
294 463 343 488 ex
363 450 430 488 his
449 462 492 487 se
512 448 743 498 plurimum
761 448 949 486 hausisse
974 447 1080 485 lucis
1105 447 1316 493 fatentur;
1345 446 1427 484 nisi
1449 445 1556 483 forte
1581 444 1688 483 mihi

90 515 364 554 blandiuntur
395 516 456 553 tot
485 514 747 564 integerrimi
773 513 865 562 viri,
888 526 1065 563 quorum
1093 513 1135 549 et
1163 511 1335 550 nomina
1361 523 1621 549 recenserem
1648 511 1690 548 et

86 580 285 630 epistolas
304 580 582 630 producerem,
607 578 652 616 ni
680 578 786 616 mihi
814 578 1083 616 vehementer
1111 576 1349 626 displiceret
1379 575 1575 621 κενοδοξία.
1633 576 1688 614 Et

88 645 246 696 alioqui
261 646 297 684 si
311 659 378 684 me
396 646 536 695 ipsum
556 657 648 682 meo
667 645 770 693 pede
789 644 928 681 metiri
943 643 1080 690 velim,
1096 642 1203 680 nihil
1222 643 1302 680 nisi
1321 643 1538 681 minutum
1557 654 1689 680 susce-

90 712 238 758 pturus
257 724 361 758 sum,
385 724 430 749 ac
452 709 662 759 defugiam
683 722 789 747 onus
808 709 946 758 paruis
965 708 1117 746 animis
1136 709 1177 745 et
1197 720 1326 756 paruo
1353 721 1522 756 corpore
1542 707 1687 746 maius.

91 775 279 825 Denique
318 776 458 814 nescio
497 790 577 825 quo
606 775 728 813 modo
756 773 887 823 magis
915 774 1066 811 arridet
1093 772 1235 811 animo
1264 785 1357 810 meo
1386 772 1432 810 in
1472 773 1596 821 nugis
1623 771 1689 809 ad-

90 840 263 879 miscere
283 841 388 879 seria
408 855 530 890 quam
551 841 596 879 in
615 839 778 889 magnis
798 839 921 877 rebus
941 838 1100 888 nugari.
1173 837 1228 876 Et
1257 838 1364 875 mihi
1389 838 1558 876 videtur
1581 837 1689 875 nihil

92 906 290 955 nugacius
306 920 429 956 quam
441 907 486 944 in
500 906 567 944 his
587 904 898 956 questiunculis,
921 904 1073 954 quibus
1092 902 1275 952 theologi
1294 902 1526 952 complures
1538 901 1618 940 sibi
1633 902 1690 940 dii

92 970 302 1019 videntur,
322 971 505 1022 argutari
522 985 531 1018 ;
562 972 684 1017 ἔξεστι
702 972 774 1022 γὰρ
793 971 884 1019 πρὸς
899 970 946 1007 σέ
963 986 1006 1021 γε
1026 969 1233 1018 ἀληθεύειν.
1292 968 1384 1006 Iam
1404 968 1450 1006 in
1470 968 1548 1006 hoc
1574 980 1690 1018 argu-

92 1036 227 1074 menti
245 1049 394 1086 genere
413 1037 555 1075 videor
572 1035 681 1074 mihi
701 1035 930 1084 superiores
957 1034 1126 1081 omneis,
1149 1033 1185 1072 si
1213 1046 1298 1071 non
1317 1033 1558 1081 eruditione,
1581 1034 1690 1071 certe

91 1101 311 1151 diligentia
339 1114 565 1151 superasse.
627 1100 914 1149 Hieronymus
943 1100 987 1138 in
1016 1099 1305 1138 emendatione
1335 1098 1534 1137 Psalterii
1564 1110 1689 1148 quam

95 1166 230 1205 multa
254 1180 360 1216 pene
388 1166 541 1205 friuola
565 1165 804 1204 adnotauit!
862 1165 946 1203 Nec
967 1164 1074 1203 mihi
1095 1165 1228 1212 deero,
1250 1164 1286 1202 si
1306 1165 1430 1202 modo
1450 1164 1538 1202 vita
1566 1163 1690 1201 vires-

90 1245 172 1282 que
188 1233 419 1282 suppetent.
470 1231 523 1270 In
536 1231 755 1270 Psalmum
772 1231 928 1269 Beatus
940 1230 1019 1269 Vir
1033 1229 1225 1280 praelusi.
1265 1229 1447 1268 Paulum
1462 1228 1688 1279 aggrediar.

93 1297 380 1348 Hieronymus
405 1297 588 1347 prodibit
612 1297 725 1335 totus
748 1297 929 1334 renatus.
1000 1295 1115 1333 Haec
1140 1295 1240 1334 adeo
1270 1308 1424 1345 magna
1450 1296 1548 1333 sunt
1572 1294 1618 1332 vt
1638 1294 1690 1332 ob

93 1362 356 1413 quorundam
389 1362 596 1401 inuidiam
625 1361 696 1400 vix
724 1360 962 1400 subsistam.
1020 1361 1153 1408 Quam
1182 1360 1260 1398 tibi
1291 1372 1441 1410 magna
1469 1359 1691 1398 videantur

96 1427 244 1477 nescio,
266 1429 375 1467 certe
405 1428 562 1466 maiora
593 1440 719 1476 quam
756 1439 831 1476 pro
863 1426 966 1464 meis
995 1426 1154 1464 viribus
1185 1427 1226 1464 et
1258 1425 1390 1464 fateor
1419 1426 1461 1463 et
1488 1423 1689 1474 intelligo.

93 1493 212 1532 Verti
231 1506 282 1531 ex
301 1493 528 1532 Plutarcho
549 1493 714 1531 libellos
740 1492 908 1542 aliquot,
931 1492 976 1530 in
1007 1505 1086 1541 quo
1113 1492 1314 1541 scriptore
1337 1490 1445 1529 nihil
1473 1489 1580 1528 mihi
1605 1503 1689 1527 non

92 1558 388 1608 grauissimum
421 1571 508 1596 esse
540 1558 719 1596 videtur.
777 1557 873 1596 Non
911 1557 1150 1607 grauaberis
1188 1556 1319 1606 igitur
1355 1555 1558 1605 explicare
1591 1567 1691 1604 quas

94 1624 342 1676 λεπτολογίας
360 1637 384 1661 a
403 1637 470 1661 me
489 1622 614 1662 vitari
632 1622 739 1661 velis
758 1637 767 1671 3
810 1624 856 1661 vt
877 1622 1031 1661 certius
1050 1622 1128 1660 hac
1146 1622 1192 1660 in
1212 1635 1256 1660 re
1276 1624 1399 1660 tuum
1423 1634 1572 1670 sequar
1600 1633 1691 1658 con-

92 1688 250 1738 silium,
274 1689 381 1739 quod
401 1688 555 1738 vbique
575 1688 692 1738 sequi
706 1701 792 1726 non
811 1700 929 1726 secus
949 1690 1070 1737 atque
1091 1687 1302 1726 oraculum
1322 1688 1384 1725 est
1403 1686 1579 1724 animus.

152 1755 213 1793 De
241 1754 492 1804 praefatione
514 1767 593 1803 qua
613 1753 784 1791 Nouum
802 1753 1116 1791 Testamentum
1137 1752 1269 1791 Leoni
1288 1752 1390 1799 dico,
1414 1750 1691 1789 nihilominus

94 1820 328 1859 admiscens
356 1819 727 1868 Archiepiscopum
751 1817 1091 1856 Cantuariensem
1120 1817 1397 1855 Moecenatem
1428 1828 1582 1864 meum,
1614 1828 1692 1853 nae

96 1887 144 1924 tu
164 1885 289 1936 probe
302 1884 518 1923 coniectas.
575 1883 692 1922 Istuc
712 1883 851 1932 ipsum
871 1882 1104 1932 spectabam
1124 1882 1167 1920 id
1188 1881 1398 1932 temporis.
1470 1881 1588 1929 Quod
1607 1893 1693 1930 gra-

97 1950 245 1989 tularis
264 1950 351 1988 ocio
377 1951 520 1988 nostro
540 1951 582 1987 et
601 1950 719 1987 tuam
740 1948 929 1997 deploras
948 1948 1172 1995 fortunam,
1195 1949 1276 1986 ista
1296 1947 1466 1997 quidem
1486 1947 1530 1984 in
1556 1959 1609 1994 re,
1633 1945 1693 1983 mi

98 2016 273 2064 Budaee,
307 2015 430 2064 longe
459 2014 623 2064 lateque
654 2014 728 2052 abs
757 2015 797 2051 te
832 2013 1043 2052 dissentio.
1115 2013 1229 2051 Libri
1261 2013 1325 2051 tui
1355 2013 1458 2051 satis
1487 2012 1693 2050 testantur

101 2081 269 2119 Budaeo
289 2093 375 2118 non
396 2080 568 2118 omnino
588 2079 726 2117 deesse
745 2078 883 2117 ocium
902 2093 911 2126 3
952 2091 1188 2128 quanquam
1209 2080 1250 2116 et
1270 2077 1426 2127 alioqui
1444 2079 1532 2116 tam
1552 2076 1692 2126 singu-

99 2145 199 2184 laris
217 2145 295 2184 ista
313 2145 472 2195 ingenii
492 2144 554 2183 tui
574 2144 777 2182 foelicitas
803 2157 847 2181 ac
873 2144 1134 2182 foecunditas
1153 2143 1383 2193 quamlibet
1406 2143 1552 2181 multis
1581 2154 1693 2180 occu-

98 2210 336 2262 pationibus
358 2211 543 2249 sufficere
572 2209 714 2259 possit.
785 2209 916 2247 Porro
943 2209 1094 2256 liberis,
1118 2209 1248 2255 vxori,
1282 2208 1543 2258 reliquaeque
1573 2219 1693 2245 curae

97 2273 344 2312 domesticae
372 2285 446 2323 ego
475 2272 643 2311 vnicam
666 2284 836 2310 onrem
867 2285 1004 2310 meam
1033 2284 1194 2321 oppono
1225 2271 1291 2321 τὴν
1323 2271 1527 2320 κατάρατον
1553 2269 1691 2316 πενίαν,

97 2351 224 2388 quam
248 2351 322 2376 nec
350 2337 482 2376 adhuc
509 2337 694 2375 humeris
722 2338 910 2375 excutere
938 2350 1118 2386 possum,
1152 2337 1252 2375 adeo
1280 2337 1345 2374 τὸν
1371 2335 1556 2386 μισοῦντα
1575 2336 1690 2382 φιλεῖ.

102 2400 283 2439 Obsecro
311 2401 351 2438 te
379 2413 452 2449 per
479 2402 596 2438 tuam
623 2399 999 2447 immortalitatem,
1021 2411 1122 2449 quae
1142 2400 1184 2436 te
1204 2400 1381 2448 tuosque
1412 2410 1556 2436 omnes
1583 2395 1693 2434 haud

102 2464 227 2503 dubia
246 2466 396 2502 manet.
412 2468 459 2502 vt
479 2477 630 2513 magno
650 2464 905 2514 infractoque
923 2464 1064 2501 animo
1084 2477 1164 2513 qua
1183 2463 1326 2513 cepisti
1346 2475 1502 2512 pergas,
1519 2463 1561 2500 et
1575 2460 1694 2499 bonis

100 2541 336 2569 succurrere
366 2529 500 2567 literis
534 2531 575 2566 et
604 2531 699 2566 tuae
730 2528 891 2566 Galliae
922 2540 1139 2577 nunquam
1173 2527 1532 2566 intermoriturum
1571 2525 1695 2563 decus

102 2593 398 2633 eruditissimis
424 2594 509 2631 tuis
547 2593 905 2631 lucubrationibus
943 2606 1094 2642 parare.
1155 2592 1238 2630 His
1270 2591 1442 2630 interim
1475 2591 1696 2629 contentus

100 2661 202 2698 esto.
262 2659 330 2697 Ad
351 2657 508 2707 reliqua
528 2658 749 2696 rescribam
770 2657 896 2695 simul
917 2659 1038 2706 atque
1057 2657 1145 2695 loca
1165 2657 1357 2706 relegero.
1414 2656 1528 2694 Bene
1542 2655 1635 2694 vale
1654 2656 1696 2693 et

104 2725 289 2772 Erasmo,
313 2723 421 2773 quod
441 2722 551 2770 facis,
575 2723 678 2760 saue.

157 2789 311 2838 Agitur
329 2788 399 2827 hic
427 2787 535 2837 apud
555 2787 795 2836 Principem
815 2786 864 2824 de
882 2786 1111 2824 inaurando
1143 2799 1219 2824 me.
1278 2786 1437 2825 Verum
1468 2785 1577 2823 haud
1611 2784 1695 2824 scio

104 2854 176 2904 qui
196 2855 243 2893 fit
262 2856 309 2893 vt
328 2867 421 2892 mea
440 2852 646 2891 sententia
665 2865 872 2902 nusquam
892 2864 1015 2901 quam
1035 2851 1102 2889 hic
1122 2851 1442 2900 contemptiores
1462 2851 1546 2889 sint
1565 2851 1695 2889 bonae

153 2954 222 2983 104.
249 2953 329 2974 sum
345 2945 390 2974 B:
415 2943 483 2972 sim
501 2942 545 2972 0².
685 2951 756 2980 107.
781 2941 979 2980 complures
996 2943 1069 2970 aad.
1086 2942 1127 2972 H.
1280 2950 1350 2971 121.
1377 2940 1697 2981 Archiepiscopum

105 2990 180 3021 add.
197 2990 240 3020 H.
308 2995 431 3017 meum
447 2988 520 3016 add.
537 2987 580 3016 H.
694 2994 765 3024 133.
790 2993 913 3024 parare
930 2986 976 3015 B:
1002 2994 1126 3024 parere
1142 2987 1183 3015 N.
1277 2993 1347 3023 134.
1374 2984 1527 3015 scribam
1546 2986 1576 3016 C.

1709 459 1770 483 100

1710 787 1769 820 105

1712 1113 1772 1135 110

1712 1440 1771 1468 115

1713 1768 1773 1790 120

1714 2094 1772 2125 125

1716 2407 1775 2438 130
