2010 3417
305 184 385 222 530
769 180 1018 219 LETTERS
1057 180 1127 218 OF
1164 179 1429 218 ERASMUS
1778 176 1815 230 [1
1826 188 1847 225 5
1856 190 1870 215 1
1881 187 1900 225 7

305 301 376 336 τῶν
397 297 525 335 αὐτόθι
545 296 786 348 πραγμάτων.
847 296 941 334 οὕτω
960 296 1034 346 γὰρ
1057 295 1221 334 ἐκέλευες
1242 295 1348 346 σύγε.
1406 293 1565 332 Verum
1585 293 1636 331 ad
1664 292 1764 332 haec
1784 293 1911 332 verba

306 365 325 401 ὁ
346 362 531 402 Βασιλεὺς
551 363 601 401 εἷς
624 362 690 411 ἐμὲ
716 360 855 399 ἀπιδὼν
882 360 1015 409 ‘Quid
1035 359 1095 398 ais
1108 361 1128 399 ἵ)
1141 360 1151 376 ’
1171 359 1320 410 inquit.
1376 359 1385 378 ‘
1402 357 1542 406 Here‚’
1561 358 1734 409 inquam
1757 359 1767 378 ‘
1782 358 1819 396 si
1841 370 1909 396 me

246 446 287 476 40
305 428 445 466 iubeas
475 439 641 465 summo
669 426 759 464 iure
788 439 884 465 cum
918 425 1096 465 Erasmo
1123 438 1242 476 agere
1270 427 1312 464 et
1348 424 1476 463 semel
1507 424 1557 462 ad
1589 436 1687 462 eum
1719 423 1909 470 scribere,

305 493 439 531 ausim
460 505 534 542 ego
557 491 757 542 spondere
777 503 863 529 sese
883 491 941 530 ita
964 491 1072 530 mihi
1097 490 1336 529 dediturum
1356 491 1404 529 vt
1424 488 1645 528 consilium
1663 502 1806 528 meum
1825 501 1910 528 non

306 558 488 597 abnuat.'
556 558 665 596 Tum
685 556 757 596 ille
787 558 796 576 ‘
809 556 917 595 Volo
934 556 1107 607 'inquit
1139 558 1208 596 ‘vt
1227 556 1270 594 id
1303 556 1428 594 facias
1441 555 1450 571 '
1467 569 1476 603 ;
1509 554 1789 606 continuoque
1809 554 1911 594 abiit

306 624 357 663 ad
377 623 611 674 prandium,
632 622 802 673 οὐδεμιᾶς
817 623 939 672 ἅλλης
957 622 1203 672 βεβαιώσεως
1217 621 1399 671 δοθείσης.
1443 620 1601 660 ἐνταῦθα
1620 621 1659 659 δὲ
1674 621 1913 670 ἡμικατηφὴς

307 691 378 741 ἐγὼ
399 689 501 727 εἷπον
526 691 603 729 τοῖς
627 689 959 741 χειραγωγήσασιν
987 689 1063 738 ἐμὲ,
1085 690 1115 727 εἰ
1134 688 1187 738 μὴ
1206 687 1387 739 Ἐράσμῳ
1413 687 1664 737 βεβαιότερον
1682 688 1906 734 caueretur,

246 769 285 799 45
307 766 523 804 nunquam
543 767 588 793 ea
609 754 658 792 de
677 767 720 792 re
739 754 963 804 quicquam
982 766 1049 793 me
1069 753 1347 804 scripturum:
1378 765 1464 791 non
1485 751 1600 791 enim
1619 751 1909 791 huiuscemodi

307 832 424 870 spem
444 832 510 858 me
529 819 680 868 videre,
702 821 871 870 propter
889 832 1015 870 quam
1033 819 1325 858 vadimonium
1346 817 1479 857 deseri
1498 819 1647 868 posset.

363 885 468 923 Heri
494 885 772 924 Parisiensem
798 884 1030 935 praesulem
1050 884 1133 923 adii
1163 885 1235 923 tua
1254 897 1396 923 causa:
1427 896 1552 934 quem
1578 883 1712 923 tribus
1730 883 1909 934 amplius

308 950 422 989 horis
449 953 709 1001 expectatum
738 950 809 989 vix
842 951 1014 990 tandem
1048 950 1230 989 ociosum
1263 962 1286 988 a
1317 948 1436 988 seriis
1465 950 1586 1000 atque
1617 949 1759 988 arduis
1788 949 1909 989 rebus

309 1017 452 1054 nactus
473 1029 578 1054 sum.
638 1017 763 1067 Τούτῳ
782 1017 904 1054 πάντα
922 1017 968 1054 τὰ
983 1016 1223 1066 μυστηριώδη
1243 1015 1474 1065 ἐφανέρωσα,
1487 1014 1662 1065 prolatis
1679 1014 1804 1054 etiam
1824 1015 1909 1054 tuis

251 1097 291 1127 50
309 1080 504 1130 epistolis.
562 1081 754 1131 Longum
774 1084 880 1120 esset
908 1081 1049 1120 omnia
1068 1094 1257 1130 narrare;
1286 1081 1328 1119 τὸ
1356 1080 1394 1118 δὲ
1421 1081 1640 1130 κεφάλαιον,
1659 1082 1773 1119 amat
1802 1082 1844 1120 te
1862 1083 1908 1120 vt

308 1160 433 1196 quem
456 1159 631 1191 summe,
652 1146 731 1185 tibi
759 1147 872 1186 fauet
899 1146 1167 1198 apertissime,
1191 1149 1233 1185 te
1263 1146 1309 1185 in
1335 1160 1403 1185 ore
1424 1146 1595 1184 alternis
1616 1146 1757 1187 verbis
1784 1146 1909 1185 habet

309 1222 433 1259 super
446 1222 645 1248 mensam.
707 1210 812 1250 Cum
834 1210 883 1249 de
904 1209 1192 1249 huiuscemodi
1205 1222 1415 1248 sermones
1431 1209 1673 1259 excitantur,
1691 1210 1750 1248 ait
1763 1222 1806 1248 59
1821 1222 1908 1248 rem

309 1274 566 1311 tentaturum
587 1273 883 1324 certioremque
903 1287 969 1312 me
996 1273 1217 1312 facturum.
1279 1273 1449 1314 Συνελὼν
1473 1272 1511 1311 δὲ
1536 1272 1653 1322 φαίην
1672 1272 1718 1311 ἂν
1736 1274 1909 1322 τοιαύτην

311 1335 401 1374 εἶναι
426 1334 513 1385 παρ’
532 1335 712 1386 ἡμῖν”τῶν
736 1338 965 1389 πραγμάτων
992 1338 1236 1383 κατάστασιν,
1259 1337 1356 1375 ὥστε
1379 1337 1445 1374 οὐκ
1471 1336 1565 1388 ἄγαν
1584 1336 1785 1374 ε’λπιστέον
1805 1335 1906 1375 εἶναι·

251 1411 290 1443 55
309 1399 468 1448 νομίσας
488 1399 585 1448 ὅμως
605 1401 670 1437 οὐκ
688 1400 975 1451 ἀπεγνωσμένον
993 1400 1036 1437 τὸ
1055 1402 1210 1450 πρᾶγμα
1231 1399 1321 1438 εἶναι
1340 1400 1550 1451 λογίζομαι.

364 1462 462 1500 Cras
490 1475 660 1512 peregre
687 1464 756 1501 aut
784 1462 909 1501 etiam
940 1462 1063 1501 hodie
1093 1463 1352 1513 profecturus
1381 1460 1517 1512 (haec)
1542 1462 1593 1501 ad
1623 1463 1666 1500 te
1693 1461 1909 1501 scribenda

311 1526 421 1574 duxi,
444 1529 491 1566 vt
510 1527 680 1566 interim
706 1529 752 1566 τὸ.
773 1528 902 1566 αὐτόθι
921 1529 1122 1580 πράγματα
1142 1528 1377 1577 explorares
1398 1528 1457 1566 καὶ
1476 1527 1559 1577 περὶ
1578 1530 1649 1566 τῶν
1670 1527 1797 1565 ἐνθάδε
1816 1539 1907 1565 con-

310 1591 476 1631 suleres.
536 1592 628 1631 Hoc
649 1592 773 1632 etiam
795 1593 897 1643 quin
918 1592 1065 1632 addam
1084 1593 1292 1632 abstinere
1312 1606 1481 1643 nequeo.
1532 1593 1595 1642 Νὴ
1613 1593 1678 1632 τὸν
1697 1593 1826 1641 φίλιον
1844 1593 1908 1631 τὸν

310 1658 398 1707 ε’μόν
417 1675 456 1695 τε
477 1658 537 1696 καὶ
557 1659 639 1704 σὸν,
659 1660 845 1699 πολλάκις
863 1676 927 1708 μοι
948 1659 1140 1710 ἐπέρχεται
1159 1659 1300 1710 χαίρειν
1325 1662 1387 1698 ἐᾶν
1405 1659 1490 1699 τοὺς
1509 1659 1645 1710 λόγους
1667 1658 1751 1699 τοὺς
1769 1662 1908 1708 προτοῦ

250 1731 292 1762 60
308 1740 372 1772 μοι
390 1724 808 1773 ὕπερεσπουδασμένους
835 1724 895 1762 καὶ
913 1724 1059 1763 πάντων
1077 1722 1457 1776 προτετιμημένο<υ>ς,
1478 1723 1513 1762 οἳ
1531 1724 1575 1773 δή
1601 1741 1665 1774 μοι
1684 1724 1908 1775 νοσιζομένῳ

308 1790 464 1838 προσέτι
478 1783 544 1827 ’καὶ
563 1789 630 1838 τὴν
649 1791 874 1828 ἀπευκταίαν
892 1790 1020 1828 πενίαν
1040 1790 1297 1841 συνεζεύχασι.
1356 1789 1401 1828 Si
1432 1789 1511 1827 tibi
1538 1788 1761 1838 videbitur,
1784 1790 1832 1827 tu
1856 1789 1908 1828 ad

310 1853 589 1893 Parisiensem
608 1855 769 1894 scribes.
831 1855 1020 1894 Fortasse
1040 1856 1165 1894 etiam
1191 1857 1334 1894 auctor
1353 1854 1574 1905 aliquando
1597 1854 1675 1893 tibi
1701 1866 1768 1893 ero
1786 1856 1834 1894 vt
1859 1858 1910 1905 τῷ

312 1922 474 1958 Βασιλεῖ
490 1921 604 1958 πάλιν
624 1920 789 1968 scribas,
812 1921 847 1959 si
868 1933 1033 1959 sensero
1053 1934 1143 1959 rem
1163 1934 1248 1959 non
1269 1933 1356 1959 esse
1376 1919 1585 1958 obliuione
1604 1920 1904 1959 transmissam.

312 1984 405 2023 Non
421 1987 517 2024 ante
533 1985 741 2025 decimum
754 1987 826 2025 aut
842 1987 1036 2024 octauum
1049 1986 1144 2025 Kal.
1164 1986 1294 2025 Maias
1308 1986 1516 2025 rediturus
1529 1998 1633 2024 sum.

250 2060 290 2100 65
367 2051 600 2090 Germanus
623 2051 804 2101 Brixius,
832 2051 1142 2091 archidiaconus
1168 2052 1393 2100 Albiensis,
1418 2054 1515 2091 tuus
1541 2051 1643 2090 olim
1668 2050 1907 2101 discipulus,

313 2115 392 2154 tibi
411 2116 642 2166 plurimum
662 2116 772 2155 fauet
790 2133 798 2165 ;
832 2129 944 2155 nunc
968 2119 1030 2155 est
1051 2117 1233 2168 Reginae
1253 2131 1276 2155 a
1295 2117 1474 2156 secretis.
1532 2116 1765 2166 Epistolam
1785 2129 1909 2167 quam

313 2181 364 2219 ad
385 2195 450 2220 me
463 2182 683 2232 scripseras
703 2182 753 2220 ab
772 2195 819 2220 eo
839 2182 909 2220 vix
931 2182 1114 2232 recipere
1132 2183 1262 2232 potui.
1295 2182 1452 2222 Doctus
1473 2183 1534 2221 est
1546 2184 1720 2232 vtraque
1738 2181 1883 2232 lingua
1901 2196 1910 2229 3

312 2260 435 2297 quem
464 2247 696 2297 plurimum
716 2261 909 2295 amarem,
936 2248 1018 2286 nisi
1037 2250 1078 2286 te
1098 2248 1231 2298 pluris
1252 2261 1377 2298 quam
1396 2261 1463 2287 me
1482 2247 1644 2286 faceret.

367 2312 469 2351 Vale
489 2312 774 2352 Ramaliorum
795 2312 860 2351 die
881 2312 1065 2352 Parisiis.

712 2453 808 2494 569.
874 2452 1006 2495 FROM
1040 2454 1259 2495 GERMAIN
1290 2465 1350 2495 DE
1381 2454 1507 2496 Bam.

360 2542 522 2589 Farrago
541 2555 575 2588 p.
597 2552 650 2589 55.
1668 2544 1783 2579 Paris.

361 2600 398 2636 F.
419 2613 453 2646 p.
474 2612 562 2644 224:
589 2602 679 2637 HN:
707 2601 822 2637 Lond.
842 2602 888 2637 iv.
907 2604 950 2636 8:
981 2601 1051 2637 LB.
1073 2612 1153 2637 212.
1594 2603 1615 2638 6
1634 2602 1741 2648 April
1762 2602 1861 2648 1512.

361 2682 424 2723 [Of
452 2683 515 2713 the
547 2691 643 2713 same
674 2682 794 2722 period
829 2692 866 2713 as
899 2683 961 2722 Ep.
993 2693 1067 2723 522,
1101 2685 1176 2722 etc,
1206 2683 1276 2714 and
1308 2684 1480 2724 probably
1510 2685 1589 2715 sent
1619 2684 1709 2715 with
1740 2684 1805 2723 Ep.
1836 2683 1910 2722 568.
1940 2682 1943 2685 ’

317 2724 362 2757 Μ.
384 2725 599 2766 Ι)9131·119119,
623 2725 705 2756 ΒΕ.4
726 2736 761 2765 p.
786 2735 826 2765 19
841 2736 890 2766 n.‚
917 2728 1043 2765 quotes
1066 2726 1209 2767 Lebeuf,
1230 2729 1389 2758 Me'mm‘res
1411 2728 1596 2768 d’Auscerre,
1619 2737 1710 2768 1743,
1734 2728 1772 2759 ii.
1790 2736 1909 2766 501-3,

362 2814 413 2851 38.
441 2813 577 2853 ἑκέρευες
594 2817 661 2845 MS.
681 2826 687 2845 ε
709 2824 782 2846 corr.
802 2816 867 2845 LB.
987 2826 1039 2853 44.
1065 2816 1253 2846 caueretur
1268 2817 1342 2845 LB:
1367 2818 1555 2846 caneretur
1569 2818 1639 2847 MS.
1758 2825 1810 2855 53.
1835 2826 1912 2855 σην·

320 2855 400 2886 ελὼν
417 2860 486 2889 MS.
503 2869 510 2887 :
533 2869 609 2889 corr.
627 2860 689 2888 LB.
800 2859 854 2896 56.
878 2858 966 2889 haec
983 2861 1057 2889 cedd.
1076 2861 1130 2888 LB
1146 2861 1181 2889 ιή
1197 2861 1264 2896 ipso
1280 2861 1389 2889 codicis
1405 2862 1547 2897 maraine
1564 2871 1570 2890 :
1593 2862 1642 2890 vbi
1651 2862 1730 2896 finis
1744 2864 1787 2890 est
1800 2861 1908 2891 lineae.

319 2900 375 2971 {a
397 2899 742 2974 ὑπερεσπῑοὲδεσμένους
758 2904 826 2932 MS.
845 2914 852 2932 :
877 2912 953 2933 corr.
969 2904 1031 2933 LB.
1124 2901 1407 2941 προτετιμημένους
1422 2905 1484 2933 LB.
1621 2904 1674 2935 61.
1699 2900 1911 2943 σηνεζεύχασι

402 2954 408 2971 t
432 2954 504 2974 corr.
580 2969 586 2975 .

717 3038 769 3067 47.
795 3028 1052 3069 Parisiensem]
1078 3029 1256 3060 Poncher:
1281 3039 1337 3060 see
1353 3029 1416 3069 Ep.
1436 3039 1508 3069 529.
