2010 3417
326 155 405 194 532
787 152 1035 191 LETTERS
1072 153 1142 190 OF
1179 151 1442 191 ERASMUS
1788 151 1827 206 [1
1836 163 1857 201 5
1866 166 1881 190 1
1891 162 1916 202 7-

327 266 361 303 si
381 264 478 314 quid
499 265 619 300 antea
638 262 718 300 fuit
739 262 786 300 de
807 262 970 300 literato
999 274 1208 311 quoquam
1231 261 1335 299 bene
1364 261 1549 309 meritus,
1575 261 1803 311 dispeream
1831 262 1915 301 nisi

326 327 604 366 recentissime
635 327 685 365 de
719 329 758 365 te
789 340 871 365 vno
903 327 1061 365 affatim
1090 326 1370 376 ambabusque
1402 325 1597 365 manibus
1631 326 1805 366 meritus
1836 328 1914 367 sit:

326 407 405 443 quo
426 392 595 431 nomine
623 394 665 430 et
694 405 770 430 nos
800 405 961 442 quoque
987 392 1051 430 illi
1079 405 1199 431 causa
1227 394 1298 430 tua
1325 392 1461 430 multo
1490 392 1617 430 etiam
1646 405 1772 442 quam
1796 395 1917 432 antea

325 457 459 508 magis
488 457 710 505 debemus;
751 457 953 495 nimirum
977 456 1164 496 arbitrati
1196 456 1390 507 quicquid
1421 457 1687 507 dignationis,
1719 457 1915 508 quicquid

267 540 308 571 40
325 522 559 562 ornamenti
578 524 698 573 atque
718 522 1024 561 honestamenti
1042 535 1217 574 vsquam
1240 522 1283 561 in
1304 525 1344 561 te
1364 522 1583 571 confertur,
1605 522 1648 561 id
1669 535 1792 561 omne
1810 524 1852 561 et
1871 522 1917 561 in

326 587 465 626 Musas
493 601 654 638 quoque
686 600 849 636 nouem,
882 601 1060 638 quarum
1090 588 1177 638 ipse
1208 600 1251 626 es
1287 587 1422 626 cultor
1456 587 1678 637 primarius
1717 589 1758 626 et
1784 586 1918 627 veluti

326 653 497 692 antistes
530 652 874 703 incomparabilis,
900 652 1089 692 conferri.
1149 653 1241 703 Age
1268 666 1377 701 vero,
1409 652 1592 701 Ewsme,
1626 652 1761 702 accipe
1794 652 1914 703 quale

327 718 380 756 sit
401 731 608 768 quamque
628 717 838 769 singulare
858 717 1106 757 Parisiensis
1142 718 1187 756 in
1208 721 1247 756 te
1266 717 1478 756 meritum.
1545 717 1592 756 Is
1612 730 1707 755 cum
1731 717 1917 767 primum

327 783 375 822 ad
400 796 475 822 nos
503 783 707 833 legatione
737 796 792 831 ea,
817 796 941 833 quam
969 785 1065 822 ante
1091 783 1188 832 dixi,
1212 783 1382 822 functus
1403 782 1538 831 rediit,
1561 782 1670 821 nihil
1689 782 1826 833 potius
1851 782 1923 821 ha·

268 869 306 899 45
327 849 429 896 buit,
453 848 562 886 nihil
588 848 669 887 sibi
690 849 822 900 magis
840 849 1108 899 praecipuum
1138 849 1257 888 duxit
1277 861 1401 898 quam
1432 850 1483 898 te,
1512 850 1553 886 te
1579 848 1750 898 inquam
1769 861 1914 895 vnum,

327 916 513 963 Erasme,
543 914 786 964 praedicare,
817 927 942 964 quam
974 917 1097 953 tuum
1126 914 1356 964 ingenium,
1389 915 1507 952 tuam
1540 913 1767 952 doctrinam
1796 915 1922 964 atque*

328 980 610 1030 eloquentiam
646 981 844 1019 Graecam
873 980 988 1019 iuxta
1015 994 1060 1019 ac
1079 980 1273 1019 Latinam
1302 982 1395 1018 tum
1425 979 1586 1029 publice
1611 981 1704 1017 tum
1722 979 1920 1029 priuatim

328 1046 452 1097 pleno
486 1059 553 1084 ore
584 1046 728 1084 efferre
753 1047 795 1084 et
815 1045 979 1096 apertis,
1015 1046 1125 1096 quod
1151 1046 1278 1094 aiunt,
1307 1044 1423 1083 tibiis
1450 1045 1662 1094 propalam
1689 1044 1916 1083 decantare.

328 1111 500 1160 Legerat
533 1111 700 1160 quidem
731 1113 851 1149 antea
881 1112 1033 1161 scripta
1066 1113 1137 1149 tua
1171 1124 1295 1162 quam
1322 1110 1531 1160 plurima3
1559 1111 1600 1148 te
1632 1111 1782 1158 autem,
1812 1110 1921 1160 quod

271 1196 312 1227 50
329 1176 485 1224 asserit,
503 1176 552 1214 de
568 1176 669 1214 facie
682 1176 872 1215 nondum
885 1179 1070 1216 nouerat.
1098 1176 1253 1215 Mirum
1272 1177 1335 1215 est
1355 1188 1467 1213 nunc
1484 1177 1735 1225 quantopere
1748 1174 1916 1224 exultet,

330 1244 580 1293 quantopere
601 1244 761 1292 gestiat,
778 1244 1027 1292 quantopere
1039 1242 1164 1281 etiam
1178 1241 1258 1280 sibi
1269 1242 1438 1293 placeat,
1463 1241 1574 1291 quod
1587 1241 1812 1279 Erasmum
1825 1240 1918 1279 istic

330 1310 371 1346 et
388 1307 541 1347 viderit
565 1320 701 1346 coram
725 1309 766 1345 et
787 1306 952 1346 Erasmi
978 1321 1199 1358 congressu
1225 1321 1270 1346 ac
1296 1307 1499 1357 colloquio
1527 1306 1850 1358 quotiescunque
1873 1306 1920 1345 li-

329 1373 421 1412 buit
447 1372 631 1422 (libuisse
649 1374 789 1411 autem
810 1373 867 1411 ait
888 1373 1146 1422 creberrime)
1166 1386 1265 1412 vsus
1282 1373 1418 1411 fuerit.
1479 1373 1587 1421 Quid
1616 1385 1700 1411 non
1719 1371 1792 1410 ille
1811 1384 1923 1422 prae·

332 1438 441 1477 dicat
470 1438 518 1476 de
549 1438 752 1477 Erasmo‘?
790 1439 887 1489 quid
916 1439 988 1477 ille
1014 1439 1187 1477 Erasmo
1216 1452 1301 1477 non
1326 1438 1510 1476 tribuit?
1565 1437 1668 1476 Eius
1694 1437 1744 1476 de
1774 1439 1815 1475 te
1843 1450 1922 1477 ser·

270 1521 311 1554 55
332 1516 476 1543 mones
497 1503 737 1542 subnectere
758 1503 879 1542 libuit
898 1517 906 1541 :
947 1505 1120 1543 facessat
1139 1506 1280 1543 tamen
1299 1503 1471 1542 interim
1500 1503 1622 1541 iubeo
1650 1501 1794 1553 procul
1819 1502 1919 1541 hinc

332 1568 514 1607 adulatio
536 1569 682 1607 omnis.

390 1634 560 1685 ‘Magna
573 1635 792 1673 Erasmum
806 1635 915 1673 fama
926 1637 1211 1685 praecesserat,
1228 1635 1360 1673 maior
1374 1634 1572 1672 inuentus
1585 1635 1672 1672 est:
1696 1633 1796 1683 quid
1809 1634 1923 1673 enim

332 1701 444 1738 vetat
465 1700 606 1738 eadem
626 1713 701 1738 nos
731 1700 780 1738 de
800 1701 972 1739 Erasmo
998 1700 1288 1750 pronunciare,
1311 1713 1413 1749 quae
1435 1700 1484 1738 de
1503 1698 1598 1738 Iseo
1618 1699 1827 1750 quondam
1846 1712 1920 1738 suo

333 1765 521 1803 Plinium
554 1765 848 1815 pronunciasse
877 1765 1090 1815 legimus?
1146 1764 1180 1803 Ο
1206 1778 1302 1804 vere
1327 1764 1518 1804 Atticum
1552 1764 1744 1815 leporem,
1777 1778 1800 1803 o
1827 1778 1923 1804 vere

273 1840 316 1873 60
334 1830 578 1869 Nestoream
597 1830 888 1881 eloquentiam,
914 1845 936 1869 o
956 1844 1090 1870 raram
1111 1830 1387 1869 eruditionem
1415 1843 1460 1869 ac
1476 1832 1585 1869 certe
1604 1843 1689 1870 non
1709 1830 1835 1869 seculi
1854 1844 1923 1869 no-

333 1896 433 1935 stri!
502 1896 621 1934 Nihil
651 1909 836 1946 vnquam
865 1897 1040 1936 Erasmo
1079 1896 1317 1946 Cisalpinus
1348 1895 1460 1935 orbis
1493 1896 1689 1946 produxit
1727 1896 1923 1935 omnibus

334 1961 525 2000 literariis
559 1961 723 2000 dotibus
752 1962 1031 2010 cumulatius3
1067 1962 1173 2001 absit
1197 1962 1322 2001 verbo
1350 1961 1519 2000 inuidia.
1594 1960 1756 2001 Habuit
1783 1964 1927 2001 nostra

334 2029 432 2066 haec
452 2030 562 2067 aetas
587 2027 790 2066 bonarum
817 2028 1031 2067 literarum
1054 2040 1239 2078 proceres
1258 2029 1370 2075 duos,
1393 2026 1670 2066 Hermolaum
1697 2027 1927 2067 Barbarum

335 2096 456 2143 atque
477 2093 687 2143 Angelum
707 2093 976 2143 Politianum,
999 2094 1135 2132 Deum
1154 2093 1447 2141 immortalem,
1468 2107 1594 2143 quam
1617 2093 1728 2132 felici
1745 2093 1925 2144 ingenio,

276 2166 316 2209 ⁶5
336 2171 460 2208 quam
480 2159 564 2196 acri
589 2159 750 2207 iudicio,
773 2160 927 2209 quanta
952 2159 1155 2207 facundia,
1179 2161 1335 2209 quanta
1357 2159 1605 2209 linguarum,
1633 2161 1786 2208 quanta
1807 2158 1925 2198 disci·

335 2223 546 2274 plinarum
574 2224 764 2263 omnium
797 2225 969 2264 scientia
996 2225 1229 2275 praeditos!
1285 2224 1347 2263 Hi
1379 2224 1574 2263 Latinam
1607 2223 1796 2274 linguam
1824 2224 1925 2262 iam-

336 2288 495 2338 pridem
515 2290 776 2339 squalentem
802 2293 843 2329 et
863 2291 998 2329 multa
1017 2289 1219 2328 barbariei
1237 2289 1428 2339 rubigine
1448 2302 1612 2328 exesam
1631 2289 1682 2327 ad
1701 2289 1926 2338 pristinum

337 2367 528 2392 reuocare
548 2354 725 2393 nitorem
746 2356 880 2394 conati
902 2358 1026 2404 sunt3
1066 2358 1187 2405 atque
1207 2355 1292 2393 illis
1312 2368 1412 2393 suus
1434 2355 1617 2405 profecto
1643 2356 1815 2393 conatus
1840 2368 1925 2394 non

337 2419 557 2458 infeliciter
578 2421 711 2470 cessit,
734 2423 913 2471 suntque
934 2422 998 2460 illi
1012 2422 1062 2459 de
1083 2420 1230 2459 Latina
1249 2421 1392 2470 lingua
1411 2422 1498 2459 tam
1518 2421 1623 2459 bene
1644 2421 1782 2459 meriti
1801 2434 1925 2471 quam

280 2502 319 2535 70
338 2484 409 2534 qui
428 2487 523 2523 ante
539 2499 607 2525 eos
627 2487 783 2536 optime
809 2487 948 2525 meriti
966 2487 1093 2525 fuere.
1163 2485 1309 2536 Itaque
1329 2485 1609 2524 immortalem
1639 2486 1720 2524 sibi
1739 2485 1924 2535 gloriam,

339 2550 573 2589 immortale
590 2552 715 2591 decus
734 2554 994 2602 parauerunt,
1011 2552 1276 2602 manebitque
1292 2565 1454 2601 semper
1473 2552 1518 2590 in
1538 2551 1729 2590 omnium
1748 2551 1927 2590 erudito-

340 2628 434 2653 rum
473 2616 708 2666 pectoribus
740 2620 973 2656 consecrata
1004 2617 1220 2656 Hermolai
1252 2630 1298 2655 ac
1331 2617 1530 2656 Politiani
1568 2617 1775 2664 memoria,
1812 2616 1928 2656 nullo

340 2694 449 2729 aeuo,
474 2683 591 2721 nullo
608 2696 715 2732 casu,
738 2684 854 2722 nullo
874 2684 956 2722 fato
976 2683 1189 2722 abolenda.
1248 2683 1347 2722 Vidi
1367 2685 1408 2721 et
1427 2683 1513 2733 ipse
1532 2683 1577 2720 in
1597 2683 1719 2721 Italia
1739 2682 1839 2720 olim
1859 2682 1928 2720 ali·
1950 2673 1953 2676 ¹

339 2749 437 2795 quot
476 2748 617 2798 magni
649 2749 832 2787 nominis
864 2762 1117 2799 magnaeque
1143 2750 1187 2786 in
1220 2749 1353 2787 literis
1385 2748 1604 2798 opinionis,
1637 2748 1681 2786 in
1706 2748 1856 2798 quibus
1888 2750 1928 2786 et

284 2826 321 2860 55
341 2812 526 2851 doctrina
547 2827 629 2852 non
650 2815 830 2865 vulgaris
851 2817 891 2853 et
911 2815 1110 2853 iudicium
1136 2827 1226 2853 acre
1244 2817 1286 2852 et
1305 2827 1397 2853 rara
1426 2815 1526 2854 adeo
1555 2814 1687 2853 inerat
1715 2812 1929 2859 facundia;

617 2912 670 2950 48.
696 2912 826 2943 referre
843 2915 938 2943 Lond.
1073 2922 1125 2952 50.
1151 2914 1370 2953 quantopere
1386 2913 1521 2943 exultet
1536 2922 1594 2943 om.
1614 2914 1653 2943 Η.

897 3022 950 3051 59.
976 3011 1152 3052 Plinium]
1177 3015 1236 3049 Ep.
1255 3022 1285 3043 2.
1303 3021 1332 3051 3.
1353 3022 1378 3043 1.
