2010 3417
140 129 238 184 504]
607 134 759 174 FROM
799 135 1031 175 GERARD
1070 135 1272 174 LISTER
1652 135 1730 173 423

138 240 350 280 laboribus
363 255 511 292 parum
522 244 780 294 respondeat,
795 244 1004 284 obdurabo
1016 247 1157 284 tamen
1171 245 1299 284 simul
1311 245 1406 293 tuis,
1423 243 1552 283 simul
1562 244 1732 294 optimo-

139 319 233 345 rum
263 309 431 357 patrum
449 309 623 348 monitis
653 322 812 360 parens.
886 310 1018 359 Cupio
1052 311 1166 349 enim
1199 312 1239 348 et
1270 323 1344 360 ego
1376 309 1732 360 quamplurimum
1755 319 1790 351 ι5

137 372 378 411 hominibus
409 373 627 423 prodesse;
671 375 781 424 quod
814 388 909 414 cum
942 374 1156 414 scribendo
1194 375 1324 414 facere
1361 388 1444 414 non
1476 387 1645 425 possum
1681 373 1734 413 ob

139 437 312 475 nimiam
343 438 501 487 ingenii
528 439 866 488 mediocritatem,
898 440 1092 486 docendo,
1123 439 1393 488 admonendo,
1427 441 1535 478 caste
1562 439 1734 490 integre-

138 515 219 552 que
244 502 424 541 viuendo
451 505 638 554 experiar
666 504 703 544 si
723 505 995 544 Germanicae
1023 505 1220 544 iuuentae
1248 506 1347 556 quid
1377 505 1566 556 prodesse
1595 506 1735 543 nostra

138 567 302 607 exilitas
331 568 472 618 possit.
543 569 635 609 Iam
673 569 831 608 dudum
868 571 992 619 enim,
1032 570 1091 609 mi
1129 571 1310 619 Erasme,
1351 570 1519 617 mundo,
1558 569 1635 608 hoc
1671 571 1733 608 est

138 630 421 681 voluptatibus
448 635 569 684 atque
588 634 821 681 ambitioni,
843 635 1032 674 valedixi.
1755 645 1794 669 ²0

194 696 370 736 Oblatus
389 698 471 736 fuit
490 699 769 749 superioribus
795 699 938 739 diebus
958 700 1066 738 mihi
1093 699 1144 738 ab
1174 699 1330 753 amicis·
1344 699 1501 749 aliquot
1521 699 1733 738 canonica·

139 763 208 800 tus
227 762 500 802 Traiectensis
528 764 757 806 mediocris,
792 765 871 804 Sed
892 765 988 816 quia
1007 766 1109 804 citra
1128 764 1352 803 simoniam
1371 776 1456 802 non
1476 764 1730 811 offerebatur,

141 827 280 877 respui
297 842 307 875 ;
338 841 575 879 quanquam
605 844 690 869 non
725 832 914 870 deessent
946 829 1070 869 amici
1103 830 1178 880 qui
1207 828 1426 879 pecuniam
1455 829 1561 867 mihi
1589 830 1735 867 mutuo

140 891 237 930 dare
279 895 426 942 sponte
459 907 532 933 sua
564 895 868 945 pollicerentur.
940 895 1050 934 Malo
1088 895 1133 933 in
1170 895 1409 944 paupertate
1442 906 1534 932 mea
1570 893 1736 933 Christo

139 956 278 996 viuere
306 971 431 1009 quam
457 959 502 998 in
531 959 689 999 diuitiis
719 960 892 1000 diabolo.
952 959 1159 999 Dominus
1194 958 1315 996 Prior
1344 958 1517 997 Sanctae
1544 957 1730 1007 Agnetis,
1755 971 1795 1002 25

139 1022 456 1062 ardentissimus
476 1024 541 1063 tui
559 1027 730 1074 amator,
753 1026 856 1065 bene
876 1025 996 1064 valet.
1057 1024 1102 1062 Is
1120 1037 1203 1062 vna
1223 1036 1319 1062 cum
1338 1023 1463 1062 Patre
1483 1023 1732 1070 Cocmanno,

141 1101 320 1138 quocum
348 1102 423 1138 ego
452 1089 606 1137 habito,
633 1092 801 1130 tuarum
832 1090 1002 1128 laudum
1030 1089 1195 1140 publico
1225 1100 1437 1138 praecone,
1467 1090 1508 1127 te
1537 1089 1732 1128 salutant.

139 1153 340 1192 Amorem
360 1167 501 1193 meum
527 1167 622 1205 erga
650 1157 690 1194 te
721 1169 806 1194 non
835 1168 936 1204 opus
964 1156 1026 1194 est
1053 1154 1206 1193 litteris
1234 1154 1387 1201 testari,
1409 1167 1505 1192 cum
1531 1153 1647 1192 illius
1674 1154 1736 1192 tot

139 1219 302 1268 possint
335 1231 422 1257 esse
455 1221 583 1258 testes
622 1222 722 1271 quot
756 1220 855 1259 hinc
889 1220 1152 1270 egrediantur
1180 1218 1383 1258 homines.
1456 1218 1737 1258 oblatratores

139 1285 243 1332 tuos,
268 1284 433 1323 domine
453 1285 635 1333 Erasme,
658 1286 706 1324 vt
732 1285 842 1332 facis,
865 1297 989 1335 perge
1018 1286 1289 1331 contemnere,
1311 1284 1478 1333 Deoque
1497 1283 1651 1334 gratias
1664 1296 1737 1333 age
1759 1297 1798 1329 30

140 1349 213 1399 qui
231 1349 311 1388 tibi
330 1362 472 1388 secum
491 1349 568 1388 hoc
585 1363 807 1389 commune
825 1350 962 1389 voluit
989 1362 1087 1399 esse,
1110 1351 1157 1388 vt
1181 1348 1231 1388 ab
1258 1349 1311 1387 iis
1336 1349 1384 1387 de
1410 1348 1558 1399 quibus
1585 1348 1738 1399 optime

140 1415 319 1453 meritus
337 1427 380 1453 es
399 1414 507 1453 male
527 1415 680 1454 audias.

192 1478 295 1518 Vale
314 1492 363 1518 ex
384 1479 540 1518 Zwolla
562 1490 583 1528 5
606 1480 699 1519 Kal.
722 1481 885 1519 Ianuar.

555 1633 656 1671 505.
715 1631 781 1672 To
813 1631 1019 1671 ANDREW
1051 1629 1320 1670 AMMONICS.

187 1731 351 1776 Farrago
370 1743 404 1776 p.
425 1733 504 1766 228.
1378 1726 1606 1773 <Brussels.>

187 1789 226 1824 F.
245 1801 280 1835 p.
301 1790 392 1834 356:
420 1789 510 1825 HN:
537 1789 652 1825 Lond.
671 1787 746 1824 viii.
766 1789 812 1834 36
838 1789 934 1834 (35st
962 1787 1033 1823 LB.
1054 1796 1132 1833 225.
1305 1796 1350 1832 29
1367 1785 1571 1821 December
1591 1784 1689 1830 1516.

430 1878 519 1919 [The
537 1878 618 1909 date
636 1879 666 1908 is
683 1877 882 1909 confirmed
898 1879 945 1917 by
962 1877 1024 1908 the
1041 1877 1194 1916 subjects
1211 1874 1449 1916 mentioned]

586 1980 791 2011 ERASMVS
822 1980 1038 2011 AMMONIO
1071 1980 1154 2010 SVO
1185 1980 1218 2010 S.
1246 1980 1287 2009 D.

197 2062 299 2112 Πρός
328 2079 368 2100 τε
400 2063 464 2111 τῆς
505 2061 734 2111 εὐδαιμονίας
767 2064 832 2110 τῆς
866 2063 937 2111 σῆς
971 2061 1062 2111 πρός
1086 2078 1125 2100 τε
1148 2062 1213 2109 τῆς
1242 2062 1331 2110 ἐμῆς
1361 2059 1560 2110 δυστυχίας
1589 2057 1660 2107 (sic
1697 2059 1737 2096 et

141 2127 259 2167 illam
288 2127 367 2166 tibi
399 2127 609 2177 propriam
643 2140 687 2165 ac
721 2129 961 2177 perpetuam
987 2139 1076 2165 esse
1106 2125 1238 2165 velint
1272 2125 1411 2175 superi
1437 2126 1477 2163 et
1506 2124 1612 2162 hanc
1635 2122 1740 2161 mihi

144 2192 370 2243 leuiorem),
409 2191 614 2231 Ammoni
641 2191 954 2240 humanissime,
987 2204 1088 2241 vrge
1119 2190 1252 2229 literis
1280 2189 1365 2228 tuis
1393 2188 1738 2238 Vuigorniensem

141 2261 186 2297 vt
206 2271 332 2310 quam
360 2258 543 2308 primum
570 2257 798 2307 explicetur
830 2259 1022 2296 nostrum
1051 2255 1269 2307 negocium
1289 2254 1356 2293 vel
1382 2254 1500 2292 iuxta
1527 2252 1741 2302 exemplar

143 2324 225 2362 huc
254 2323 441 2371 missum,
476 2323 512 2361 si
537 2336 622 2361 non
649 2323 814 2374 putabit
842 2322 1022 2372 amplius
1052 2321 1288 2361 vexandum
1307 2321 1512 2358 Leonem:
1541 2332 1621 2369 quo
1650 2330 1740 2355 con·
1758 2336 1775 2368 5

143 2389 251 2427 fecto
270 2390 426 2427 caetera
445 2387 546 2426 satis
565 2388 793 2426 succedent.
865 2387 1023 2426 Fauent
1044 2399 1188 2425 omnes
1209 2386 1337 2424 ferme
1365 2384 1492 2423 huius
1511 2383 1628 2422 aulae
1647 2395 1737 2432 pro-

144 2466 265 2502 ceres,
287 2454 330 2491 et
348 2466 443 2491 cum
462 2453 609 2503 primis
629 2452 906 2492 cancellarius
925 2465 970 2491 ac
992 2452 1081 2490 Rex
1100 2452 1198 2501 ipse.

198 2518 337 2557 Audio
368 2517 582 2568 theologos
612 2518 749 2556 nescio
770 2531 872 2568 quos
892 2517 1033 2555 moliri
1051 2519 1097 2555 vt
1120 2515 1287 2566 publico
1310 2513 1504 2553 mandato
1531 2511 1740 2561 delegetur

189 2624 265 2656 505.
293 2633 322 2655 1.
354 2621 437 2662 Πρὸς
459 2623 515 2661 τῆς
538 2622 731 2662 εὐδαιμονίας
754 2625 794 2654 Ν.
939 2634 969 2661 4.
1001 2623 1058 2653 vel
1082 2623 1183 2653 iuxta
1209 2644 1216 2652 .
1242 2645 1246 2650 .
1274 2645 1281 2653 .
1307 2622 1338 2652 6.
1362 2618 1551 2650 succedent
1575 2627 1634 2648 om.
1658 2619 1695 2647 F.

189 2724 264 2754 504.
281 2724 333 2754 26.
359 2720 574 2762 Coemanno]
591 2721 688 2751 John
706 2720 912 2751 Koechman
979 2730 1052 2750 was
1088 2720 1127 2750 in
1164 2719 1259 2750 office
1296 2720 1334 2749 in
1370 2717 1491 2748 March
1526 2726 1617 2755 1521.
1676 2715 1739 2746 See

146 2767 184 2798 of
204 2765 345 2797 Zwolle.
391 2765 446 2796 He
462 2774 534 2795 was
555 2764 700 2804 already
717 2774 734 2794 a
751 2764 913 2794 member
980 2763 1127 2794 Iacobus
1144 2763 1186 2793 de
1195 2760 1360 2792 Voecht's
1369 2763 1413 2791 De
1427 2764 1615 2791 inchoatione
1631 2762 1740 2790 domus

147 2810 186 2842 of
206 2811 269 2841 the
292 2809 506 2840 Fraterhaus
530 2807 630 2838 there
654 2808 694 2838 in
719 2808 812 2846 1481,
839 2807 909 2837 and
978 2809 1151 2837 clericorum
1174 2809 1209 2836 in
1232 2807 1363 2842 Zwollis,
1385 2804 1438 2835 ed.
1456 2804 1502 2835 M.
1520 2803 1736 2843 Schoengen,

148 2855 289 2885 became
314 2854 361 2883 its
385 2851 482 2883 sixth
506 2851 632 2882 Rector
655 2861 684 2882 c.
705 2851 792 2882 Nov.
818 2859 910 2889 1490.
981 2850 1074 2890 1908,
1094 2859 1152 2889 pp.
1167 2848 1272 2880 ccxiii
1289 2848 1362 2879 and
1382 2857 1440 2887 172
1453 2857 1488 2878 n.

147 2898 205 2930 He
226 2906 299 2927 was
314 2895 392 2927 still
407 2895 522 2935 living
541 2894 614 2925 and
630 2894 791 2933 showing
806 2893 911 2924 kind·
1021 2893 1096 2924 505.
1121 2904 1152 2931 4.
1177 2890 1375 2932 exemplar]
1400 2891 1453 2921 Cf.
1471 2890 1533 2930 Ep.
1551 2889 1623 2929 498.
1640 2900 1672 2929 9.

147 2950 228 2972 ness
251 2942 289 2970 to
317 2939 432 2970 Lister
458 2939 497 2969 in
526 2938 608 2970 Feb.
638 2947 722 2976 1520
747 2937 907 2978 (NAKG.
1023 2946 1051 2975 7.
1089 2934 1349 2976 cancellarius]
1389 2934 1435 2965 Le
1467 2934 1645 2973 Sauvage3
1681 2942 1737 2964 see

147 2985 209 3016 vii.
238 2983 332 3023 1898,
361 2992 395 3022 p.
423 2982 526 3022 217);
558 2982 621 3012 but
646 2981 703 3012 his
730 2990 909 3012 successor
978 2990 1011 3021 p.
1036 2990 1111 3018 240.
