<?xml version="1.0" encoding="UTF-8"?>
<!DOCTYPE html PUBLIC "-//W3C//DTD XHTML 1.0 Transitional//EN"
    "http://www.w3.org/TR/xhtml1/DTD/xhtml1-transitional.dtd">
<html xmlns="http://www.w3.org/1999/xhtml" xml:lang="en" lang="en">
 <head>
  <title>
</title>
<meta http-equiv="Content-Type" content="text/html;charset=utf-8" />
  <meta name='ocr-system' content='tesseract 3.04.00' />
  <meta name='ocr-capabilities' content='ocr_page ocr_carea ocr_par ocr_line ocrx_word'/>
</head>
<body>
  <div class='ocr_page' id='page_1' title='image "./opusepistolarumd02erasuoft/opusepistolarumd02erasuoft_0135.png"; bbox 0 0 2010 3417; ppageno 0'>
   <div class='ocr_carea' id='block_1_1' title="bbox 104 151 1690 207">
    <p class='ocr_par' dir='ltr' id='par_1_1' title="bbox 104 151 1690 207">
     <span class='ocr_line' id='line_1_1' title="bbox 104 151 1690 207; baseline -0.007 -7"><span class='ocrx_word' id='word_1_1' title='bbox 104 152 204 207; x_wconf 86' lang='lat'><strong>337]</strong></span> <span class='ocrx_word' id='word_1_2' title='bbox 638 154 708 194; x_wconf 86' lang='grc' dir='ltr'>ΤΟ</span> <span class='ocrx_word' id='word_1_3' title='bbox 748 153 973 193; x_wconf 82' lang='lat' dir='ltr'>MARTIN</span> <span class='ocrx_word' id='word_1_4' title='bbox 1011 152 1161 192; x_wconf 88' lang='lat' dir='ltr'>DORP</span> <span class='ocrx_word' id='word_1_5' title='bbox 1616 151 1690 189; x_wconf 90' lang='lat'>111</span> 
     </span>
    </p>
   </div>
   <div class='ocr_carea' id='block_1_2' title="bbox 102 261 1785 3039">
    <p class='ocr_par' dir='ltr' id='par_1_2' title="bbox 102 261 1778 953">
     <span class='ocr_line' id='line_1_2' title="bbox 103 261 1693 314; baseline -0.003 -10"><span class='ocrx_word' id='word_1_6' title='bbox 103 265 279 313; x_wconf 87' lang='lat' dir='ltr'>bamus;</span> <span class='ocrx_word' id='word_1_7' title='bbox 309 278 384 304; x_wconf 91' lang='lat' dir='ltr'>nec</span> <span class='ocrx_word' id='word_1_8' title='bbox 410 264 573 303; x_wconf 88' lang='lat' dir='ltr'>obstare</span> <span class='ocrx_word' id='word_1_9' title='bbox 598 264 806 312; x_wconf 86' lang='lat' dir='ltr'>volumus,</span> <span class='ocrx_word' id='word_1_10' title='bbox 828 264 863 302; x_wconf 90' lang='lat' dir='ltr'>si</span> <span class='ocrx_word' id='word_1_11' title='bbox 891 263 988 314; x_wconf 90' lang='lat' dir='ltr'>quid</span> <span class='ocrx_word' id='word_1_12' title='bbox 1019 276 1137 302; x_wconf 88' lang='lat' dir='ltr'>secus</span> <span class='ocrx_word' id='word_1_13' title='bbox 1166 262 1321 301; x_wconf 87' lang='lat' dir='ltr'>habent</span> <span class='ocrx_word' id='word_1_14' title='bbox 1351 261 1496 300; x_wconf 83' lang='lat' dir='ltr'>Graeci</span> <span class='ocrx_word' id='word_1_15' title='bbox 1524 261 1693 308; x_wconf 90' lang='lat' dir='ltr'>codices,</span> 
     </span>
     <span class='ocr_line' id='line_1_3' title="bbox 104 326 1778 381; baseline -0.005 -11"><span class='ocrx_word' id='word_1_16' title='bbox 104 331 376 381; x_wconf 89' lang='lat' dir='ltr'>quantumuis</span> <span class='ocrx_word' id='word_1_17' title='bbox 395 329 627 378; x_wconf 84' lang='lat' dir='ltr'>emendati;</span> <span class='ocrx_word' id='word_1_18' title='bbox 657 329 693 368; x_wconf 89' lang='lat' dir='ltr'>si</span> <span class='ocrx_word' id='word_1_19' title='bbox 713 329 812 379; x_wconf 90' lang='lat' dir='ltr'>quid</span> <span class='ocrx_word' id='word_1_20' title='bbox 828 341 945 367; x_wconf 89' lang='lat' dir='ltr'>secus</span> <span class='ocrx_word' id='word_1_21' title='bbox 964 328 1065 378; x_wconf 86' lang='lat' dir='ltr'>legit</span> <span class='ocrx_word' id='word_1_22' title='bbox 1081 328 1403 378; x_wconf 87' lang='lat' dir='ltr'>Chrysostomus</span> <span class='ocrx_word' id='word_1_23' title='bbox 1423 328 1495 365; x_wconf 94' lang='lat' dir='ltr'>aut</span> <span class='ocrx_word' id='word_1_24' title='bbox 1515 326 1697 365; x_wconf 80' lang='lat' dir='ltr'>Basilius</span> <span class='ocrx_word' id='word_1_25' title='bbox 1717 330 1778 371; x_wconf 77' lang='lat'>780</span> 
     </span>
     <span class='ocr_line' id='line_1_4' title="bbox 104 391 1695 444; baseline -0.003 -10"><span class='ocrx_word' id='word_1_26' title='bbox 104 398 177 435; x_wconf 90' lang='lat' dir='ltr'>aut</span> <span class='ocrx_word' id='word_1_27' title='bbox 195 394 452 435; x_wconf 78' lang='lat' dir='ltr'>Athanasius</span> <span class='ocrx_word' id='word_1_28' title='bbox 471 397 541 434; x_wconf 88' lang='lat' dir='ltr'>aut</span> <span class='ocrx_word' id='word_1_29' title='bbox 563 394 859 444; x_wconf 80' lang='lat' dir='ltr'>Hieronymus,</span> <span class='ocrx_word' id='word_1_30' title='bbox 880 394 1006 433; x_wconf 89' lang='lat' dir='ltr'>etiam</span> <span class='ocrx_word' id='word_1_31' title='bbox 1026 394 1063 432; x_wconf 91' lang='lat' dir='ltr'>si</span> <span class='ocrx_word' id='word_1_32' title='bbox 1089 393 1192 432; x_wconf 91' lang='lat' dir='ltr'>illud</span> <span class='ocrx_word' id='word_1_33' title='bbox 1212 393 1347 442; x_wconf 88' lang='lat' dir='ltr'>magis</span> <span class='ocrx_word' id='word_1_34' title='bbox 1367 391 1627 442; x_wconf 86' lang='lat' dir='ltr'>quadrauerit</span> <span class='ocrx_word' id='word_1_35' title='bbox 1645 391 1695 430; x_wconf 91' lang='lat' dir='ltr'>ad</span> 
     </span>
     <span class='ocr_line' id='line_1_5' title="bbox 103 457 1697 511; baseline -0.003 -12"><span class='ocrx_word' id='word_1_36' title='bbox 103 474 274 500; x_wconf 89' lang='lat' dir='ltr'>sensum</span> <span class='ocrx_word' id='word_1_37' title='bbox 294 460 580 511; x_wconf 88' lang='lat' dir='ltr'>euangelicum</span> <span class='ocrx_word' id='word_1_38' title='bbox 600 473 608 498; x_wconf 91' lang='lat'>:</span> <span class='ocrx_word' id='word_1_39' title='bbox 638 461 680 498; x_wconf 88' lang='lat' dir='ltr'>et</span> <span class='ocrx_word' id='word_1_40' title='bbox 705 461 846 498; x_wconf 88' lang='lat' dir='ltr'>tamen</span> <span class='ocrx_word' id='word_1_41' title='bbox 875 459 950 498; x_wconf 90' lang='lat' dir='ltr'>hos</span> <span class='ocrx_word' id='word_1_42' title='bbox 970 459 1080 509; x_wconf 88' lang='lat' dir='ltr'>ipsos</span> <span class='ocrx_word' id='word_1_43' title='bbox 1099 461 1261 497; x_wconf 81' lang='lat' dir='ltr'>autores</span> <span class='ocrx_word' id='word_1_44' title='bbox 1280 458 1323 496; x_wconf 91' lang='lat' dir='ltr'>in</span> <span class='ocrx_word' id='word_1_45' title='bbox 1343 457 1511 496; x_wconf 90' lang='lat' dir='ltr'>caeteris</span> <span class='ocrx_word' id='word_1_46' title='bbox 1530 470 1697 507; x_wconf 86' lang='lat' dir='ltr'>magno-</span> 
     </span>
     <span class='ocr_line' id='line_1_6' title="bbox 104 523 1698 576; baseline -0.003 -11"><span class='ocrx_word' id='word_1_47' title='bbox 104 539 202 576; x_wconf 83' lang='lat' dir='ltr'>pere</span> <span class='ocrx_word' id='word_1_48' title='bbox 231 525 560 574; x_wconf 84' lang='lat' dir='ltr'>comprobamus.</span> <span class='ocrx_word' id='word_1_49' title='bbox 618 523 728 572; x_wconf 78' lang='lat' dir='ltr'>Quin</span> <span class='ocrx_word' id='word_1_50' title='bbox 758 524 884 562; x_wconf 90' lang='lat' dir='ltr'>etiam</span> <span class='ocrx_word' id='word_1_51' title='bbox 918 524 1112 574; x_wconf 87' lang='lat' dir='ltr'>quicquid</span> <span class='ocrx_word' id='word_1_52' title='bbox 1141 523 1185 561; x_wconf 91' lang='lat' dir='ltr'>in</span> <span class='ocrx_word' id='word_1_53' title='bbox 1214 525 1425 572; x_wconf 88' lang='lat' dir='ltr'>posterum</span> <span class='ocrx_word' id='word_1_54' title='bbox 1454 535 1698 573; x_wconf 89' lang='lat' dir='ltr'>quocunque</span> 
     </span>
     <span class='ocr_line' id='line_1_7' title="bbox 106 587 1697 637; baseline -0.003 -7"><span class='ocrx_word' id='word_1_55' title='bbox 106 591 229 630; x_wconf 87' lang='lat' dir='ltr'>modo</span> <span class='ocrx_word' id='word_1_56' title='bbox 254 589 319 630; x_wconf 89' lang='lat' dir='ltr'>vel</span> <span class='ocrx_word' id='word_1_57' title='bbox 339 603 363 628; x_wconf 91' lang='lat' dir='ltr'>a</span> <span class='ocrx_word' id='word_1_58' title='bbox 383 589 619 628; x_wconf 87' lang='lat' dir='ltr'>semidoctis</span> <span class='ocrx_word' id='word_1_59' title='bbox 645 590 684 627; x_wconf 89' lang='lat' dir='ltr'>et</span> <span class='ocrx_word' id='word_1_60' title='bbox 706 588 917 627; x_wconf 90' lang='lat' dir='ltr'>audaculis</span> <span class='ocrx_word' id='word_1_61' title='bbox 936 589 1003 627; x_wconf 91' lang='lat' dir='ltr'>vel</span> <span class='ocrx_word' id='word_1_62' title='bbox 1026 588 1077 626; x_wconf 90' lang='lat' dir='ltr'>ab</span> <span class='ocrx_word' id='word_1_63' title='bbox 1097 588 1311 637; x_wconf 89' lang='lat' dir='ltr'>imperitis,</span> <span class='ocrx_word' id='word_1_64' title='bbox 1335 588 1469 637; x_wconf 88' lang='lat' dir='ltr'>ebriis,</span> <span class='ocrx_word' id='word_1_65' title='bbox 1492 587 1697 627; x_wconf 88' lang='lat' dir='ltr'>oscitanti-</span> 
     </span>
     <span class='ocr_line' id='line_1_8' title="bbox 106 652 1778 702; baseline -0.001 -8"><span class='ocrx_word' id='word_1_66' title='bbox 106 655 185 694; x_wconf 87' lang='lat' dir='ltr'>bus</span> <span class='ocrx_word' id='word_1_67' title='bbox 204 654 383 693; x_wconf 88' lang='lat' dir='ltr'>librariis</span> <span class='ocrx_word' id='word_1_68' title='bbox 403 653 527 692; x_wconf 86' lang='lat' dir='ltr'>fuerit</span> <span class='ocrx_word' id='word_1_69' title='bbox 547 653 760 701; x_wconf 88' lang='lat' dir='ltr'>viciatum,</span> <span class='ocrx_word' id='word_1_70' title='bbox 784 653 1069 702; x_wconf 86' lang='lat' dir='ltr'>deprauatum,</span> <span class='ocrx_word' id='word_1_71' title='bbox 1091 652 1292 700; x_wconf 88' lang='lat' dir='ltr'>additum,</span> <span class='ocrx_word' id='word_1_72' title='bbox 1317 653 1529 699; x_wconf 90' lang='lat' dir='ltr'>omissum,</span> <span class='ocrx_word' id='word_1_73' title='bbox 1553 653 1696 692; x_wconf 89' lang='lat' dir='ltr'>eadem</span> <span class='ocrx_word' id='word_1_74' title='bbox 1718 656 1778 697; x_wconf 84' lang='lat'>785</span> 
     </span>
     <span class='ocr_line' id='line_1_9' title="bbox 105 717 1698 770; baseline -0.002 -11"><span class='ocrx_word' id='word_1_75' title='bbox 105 720 329 770; x_wconf 87' lang='lat' dir='ltr'>probamus</span> <span class='ocrx_word' id='word_1_76' title='bbox 357 718 605 765; x_wconf 89' lang='lat' dir='ltr'>autoritate;</span> <span class='ocrx_word' id='word_1_77' title='bbox 643 730 776 767; x_wconf 89' lang='lat' dir='ltr'>neque</span> <span class='ocrx_word' id='word_1_78' title='bbox 806 717 1000 767; x_wconf 84' lang='lat' dir='ltr'>cuiquam</span> <span class='ocrx_word' id='word_1_79' title='bbox 1028 717 1223 756; x_wconf 86' lang='lat' dir='ltr'>volumus</span> <span class='ocrx_word' id='word_1_80' title='bbox 1252 717 1373 756; x_wconf 90' lang='lat' dir='ltr'>licere</span> <span class='ocrx_word' id='word_1_81' title='bbox 1403 719 1565 756; x_wconf 90' lang='lat' dir='ltr'>mutare</span> <span class='ocrx_word' id='word_1_82' title='bbox 1597 717 1698 757; x_wconf 62' lang='lat' dir='ltr'>scri*</span> 
     </span>
     <span class='ocr_line' id='line_1_10' title="bbox 106 782 1697 835; baseline -0.001 -12"><span class='ocrx_word' id='word_1_83' title='bbox 106 787 272 835; x_wconf 87' lang='lat' dir='ltr'>pturam</span> <span class='ocrx_word' id='word_1_84' title='bbox 299 783 427 821; x_wconf 91' lang='lat' dir='ltr'>semel</span> <span class='ocrx_word' id='word_1_85' title='bbox 455 782 697 821; x_wconf 87' lang='lat' dir='ltr'>inductam.’</span> <span class='ocrx_word' id='word_1_86' title='bbox 752 782 992 821; x_wconf 83' lang='lat' dir='ltr'>Ridiculum</span> <span class='ocrx_word' id='word_1_87' title='bbox 1016 782 1238 830; x_wconf 89' lang='lat' dir='ltr'>decretum,</span> <span class='ocrx_word' id='word_1_88' title='bbox 1267 782 1416 832; x_wconf 87' lang='lat' dir='ltr'>inquis.</span> <span class='ocrx_word' id='word_1_89' title='bbox 1474 784 1534 822; x_wconf 95' lang='lat' dir='ltr'>At</span> <span class='ocrx_word' id='word_1_90' title='bbox 1558 783 1697 823; x_wconf 84' lang='lat' dir='ltr'>huius-</span> 
     </span>
     <span class='ocr_line' id='line_1_11' title="bbox 105 847 1698 897; baseline 0 -10"><span class='ocrx_word' id='word_1_91' title='bbox 105 849 218 888; x_wconf 92' lang='lat' dir='ltr'>modi</span> <span class='ocrx_word' id='word_1_92' title='bbox 253 861 418 886; x_wconf 90' lang='lat' dir='ltr'>necesse</span> <span class='ocrx_word' id='word_1_93' title='bbox 449 849 511 886; x_wconf 92' lang='lat' dir='ltr'>est</span> <span class='ocrx_word' id='word_1_94' title='bbox 541 847 681 896; x_wconf 88' lang='lat' dir='ltr'>fuisse,</span> <span class='ocrx_word' id='word_1_95' title='bbox 715 847 750 886; x_wconf 88' lang='lat' dir='ltr'>si</span> <span class='ocrx_word' id='word_1_96' title='bbox 783 860 859 886; x_wconf 91' lang='lat' dir='ltr'>nos</span> <span class='ocrx_word' id='word_1_97' title='bbox 892 847 1115 886; x_wconf 73' lang='lat' dir='ltr'>autoritate</span> <span class='ocrx_word' id='word_1_98' title='bbox 1146 847 1297 897; x_wconf 91' lang='lat' dir='ltr'>synodi</span> <span class='ocrx_word' id='word_1_99' title='bbox 1328 847 1507 886; x_wconf 88' lang='lat' dir='ltr'>deterres</span> <span class='ocrx_word' id='word_1_100' title='bbox 1539 848 1590 886; x_wconf 92' lang='lat' dir='ltr'>ab</span> <span class='ocrx_word' id='word_1_101' title='bbox 1623 848 1698 887; x_wconf 89' lang='lat' dir='ltr'>hac</span> 
     </span>
     <span class='ocr_line' id='line_1_12' title="bbox 102 913 321 953; baseline 0 0"><span class='ocrx_word' id='word_1_102' title='bbox 102 913 321 953; x_wconf 87' lang='lat' dir='ltr'>industria.</span> 
     </span>
    </p>

    <p class='ocr_par' dir='ltr' id='par_1_3' title="bbox 103 976 1785 2907">
     <span class='ocr_line' id='line_1_13' title="bbox 159 976 1779 1028; baseline -0.002 -11"><span class='ocrx_word' id='word_1_103' title='bbox 159 979 376 1017; x_wconf 87' lang='lat' dir='ltr'>Postremo</span> <span class='ocrx_word' id='word_1_104' title='bbox 402 977 500 1028; x_wconf 91' lang='lat' dir='ltr'>quid</span> <span class='ocrx_word' id='word_1_105' title='bbox 533 977 687 1016; x_wconf 90' lang='lat' dir='ltr'>dicturi</span> <span class='ocrx_word' id='word_1_106' title='bbox 713 990 868 1025; x_wconf 90' lang='lat' dir='ltr'>sumus,</span> <span class='ocrx_word' id='word_1_107' title='bbox 889 976 962 1016; x_wconf 89' lang='lat' dir='ltr'>vbi</span> <span class='ocrx_word' id='word_1_108' title='bbox 984 976 1216 1016; x_wconf 85' lang='lat' dir='ltr'>viderimus</span> <span class='ocrx_word' id='word_1_109' title='bbox 1240 990 1313 1015; x_wconf 91' lang='lat' dir='ltr'>nec</span> <span class='ocrx_word' id='word_1_110' title='bbox 1335 977 1463 1016; x_wconf 92' lang='lat' dir='ltr'>huius</span> <span class='ocrx_word' id='word_1_111' title='bbox 1482 976 1699 1016; x_wconf 90' lang='lat' dir='ltr'>aeditionis</span> <span class='ocrx_word' id='word_1_112' title='bbox 1718 988 1779 1022; x_wconf 88' lang='lat'>790</span> 
     </span>
     <span class='ocr_line' id='line_1_14' title="bbox 103 1042 1700 1093; baseline -0.001 -11"><span class='ocrx_word' id='word_1_113' title='bbox 103 1043 357 1093; x_wconf 84' lang='lat' dir='ltr'>exemplaria</span> <span class='ocrx_word' id='word_1_114' title='bbox 394 1043 629 1082; x_wconf 87' lang='lat' dir='ltr'>consentire</span> <span class='ocrx_word' id='word_1_115' title='bbox 645 1044 665 1081; x_wconf 89' lang='lat'>‘?</span> <span class='ocrx_word' id='word_1_116' title='bbox 740 1042 854 1080; x_wconf 88' lang='lat' dir='ltr'>Num</span> <span class='ocrx_word' id='word_1_117' title='bbox 900 1043 941 1080; x_wconf 94' lang='lat' dir='ltr'>et</span> <span class='ocrx_word' id='word_1_118' title='bbox 988 1042 1094 1081; x_wconf 90' lang='lat' dir='ltr'>hanc</span> <span class='ocrx_word' id='word_1_119' title='bbox 1141 1042 1412 1091; x_wconf 81' lang='lat' dir='ltr'>pugnantiam</span> <span class='ocrx_word' id='word_1_120' title='bbox 1457 1042 1700 1092; x_wconf 89' lang='lat' dir='ltr'>approbauit</span> 
     </span>
     <span class='ocr_line' id='line_1_15' title="bbox 104 1107 1700 1158; baseline -0.001 -11"><span class='ocrx_word' id='word_1_121' title='bbox 104 1108 300 1158; x_wconf 86' lang='lat' dir='ltr'>synodus,</span> <span class='ocrx_word' id='word_1_122' title='bbox 334 1108 517 1158; x_wconf 88' lang='lat' dir='ltr'>praescia</span> <span class='ocrx_word' id='word_1_123' title='bbox 544 1107 737 1147; x_wconf 86' lang='lat' dir='ltr'>videlicet</span> <span class='ocrx_word' id='word_1_124' title='bbox 767 1107 866 1157; x_wconf 89' lang='lat' dir='ltr'>quid</span> <span class='ocrx_word' id='word_1_125' title='bbox 897 1107 1070 1157; x_wconf 87' lang='lat' dir='ltr'>quisque</span> <span class='ocrx_word' id='word_1_126' title='bbox 1099 1109 1337 1146; x_wconf 87' lang='lat' dir='ltr'>mutaturus</span> <span class='ocrx_word' id='word_1_127' title='bbox 1366 1108 1506 1146; x_wconf 88' lang='lat' dir='ltr'>esset‘?</span> <span class='ocrx_word' id='word_1_128' title='bbox 1559 1108 1700 1158; x_wconf 85' lang='lat' dir='ltr'>Atque</span> 
     </span>
     <span class='ocr_line' id='line_1_16' title="bbox 104 1171 1700 1223; baseline -0.001 -11"><span class='ocrx_word' id='word_1_129' title='bbox 104 1174 277 1223; x_wconf 88' lang='lat' dir='ltr'>vtinam,</span> <span class='ocrx_word' id='word_1_130' title='bbox 300 1173 359 1211; x_wconf 92' lang='lat' dir='ltr'>mi</span> <span class='ocrx_word' id='word_1_131' title='bbox 378 1172 517 1223; x_wconf 90' lang='lat' dir='ltr'>Dorpi,</span> <span class='ocrx_word' id='word_1_132' title='bbox 535 1174 703 1211; x_wconf 87' lang='lat' dir='ltr'>tantum</span> <span class='ocrx_word' id='word_1_133' title='bbox 723 1174 829 1211; x_wconf 87' lang='lat' dir='ltr'>esset</span> <span class='ocrx_word' id='word_1_134' title='bbox 849 1172 927 1211; x_wconf 92' lang='lat' dir='ltr'>ocii</span> <span class='ocrx_word' id='word_1_135' title='bbox 943 1172 1142 1211; x_wconf 86' lang='lat' dir='ltr'>Romanis</span> <span class='ocrx_word' id='word_1_136' title='bbox 1161 1172 1436 1211; x_wconf 90' lang='lat' dir='ltr'>Pontificibus</span> <span class='ocrx_word' id='word_1_137' title='bbox 1455 1174 1500 1212; x_wconf 89' lang='lat' dir='ltr'>vt</span> <span class='ocrx_word' id='word_1_138' title='bbox 1519 1171 1632 1211; x_wconf 90' lang='lat' dir='ltr'>hisce</span> <span class='ocrx_word' id='word_1_139' title='bbox 1651 1173 1700 1211; x_wconf 89' lang='lat' dir='ltr'>de</span> 
     </span>
     <span class='ocr_line' id='line_1_17' title="bbox 105 1237 1696 1288; baseline -0.001 -11"><span class='ocrx_word' id='word_1_140' title='bbox 105 1238 229 1277; x_wconf 89' lang='lat' dir='ltr'>rebus</span> <span class='ocrx_word' id='word_1_141' title='bbox 257 1238 458 1277; x_wconf 89' lang='lat' dir='ltr'>salutares</span> <span class='ocrx_word' id='word_1_142' title='bbox 486 1238 677 1277; x_wconf 88' lang='lat' dir='ltr'>aederent</span> <span class='ocrx_word' id='word_1_143' title='bbox 711 1237 1051 1277; x_wconf 86' lang='lat' dir='ltr'>constitutiones:</span> <span class='ocrx_word' id='word_1_144' title='bbox 1085 1237 1238 1288; x_wconf 90' lang='lat' dir='ltr'>quibus</span> <span class='ocrx_word' id='word_1_145' title='bbox 1266 1238 1479 1276; x_wconf 87' lang='lat' dir='ltr'>caueretur</span> <span class='ocrx_word' id='word_1_146' title='bbox 1507 1238 1556 1276; x_wconf 90' lang='lat' dir='ltr'>de</span> <span class='ocrx_word' id='word_1_147' title='bbox 1585 1237 1696 1276; x_wconf 88' lang='lat' dir='ltr'>resti-</span> 
     </span>
     <span class='ocr_line' id='line_1_18' title="bbox 106 1302 1779 1352; baseline 0 -10"><span class='ocrx_word' id='word_1_148' title='bbox 106 1302 273 1342; x_wconf 81' lang='lat' dir='ltr'>tuendis</span> <span class='ocrx_word' id='word_1_149' title='bbox 301 1303 507 1341; x_wconf 89' lang='lat' dir='ltr'>bonorum</span> <span class='ocrx_word' id='word_1_150' title='bbox 533 1304 727 1341; x_wconf 87' lang='lat' dir='ltr'>autorum</span> <span class='ocrx_word' id='word_1_151' title='bbox 754 1302 1049 1350; x_wconf 86' lang='lat' dir='ltr'>monumentis,</span> <span class='ocrx_word' id='word_1_152' title='bbox 1082 1302 1131 1340; x_wconf 91' lang='lat' dir='ltr'>de</span> <span class='ocrx_word' id='word_1_153' title='bbox 1161 1302 1356 1352; x_wconf 89' lang='lat' dir='ltr'>parandis</span> <span class='ocrx_word' id='word_1_154' title='bbox 1383 1304 1424 1340; x_wconf 90' lang='lat' dir='ltr'>et</span> <span class='ocrx_word' id='word_1_155' title='bbox 1452 1302 1701 1352; x_wconf 90' lang='lat' dir='ltr'>reponendis</span> <span class='ocrx_word' id='word_1_156' title='bbox 1721 1315 1779 1349; x_wconf 83' lang='lat'>795</span> 
     </span>
     <span class='ocr_line' id='line_1_19' title="bbox 105 1367 1700 1418; baseline -0.001 -11"><span class='ocrx_word' id='word_1_157' title='bbox 105 1368 337 1408; x_wconf 88' lang='lat' dir='ltr'>emendatis</span> <span class='ocrx_word' id='word_1_158' title='bbox 365 1367 681 1418; x_wconf 84' lang='lat' dir='ltr'>exemplaribus.</span> <span class='ocrx_word' id='word_1_159' title='bbox 741 1369 900 1407; x_wconf 90' lang='lat' dir='ltr'>Verum</span> <span class='ocrx_word' id='word_1_160' title='bbox 924 1368 968 1406; x_wconf 92' lang='lat' dir='ltr'>in</span> <span class='ocrx_word' id='word_1_161' title='bbox 992 1381 1039 1406; x_wconf 91' lang='lat' dir='ltr'>eo</span> <span class='ocrx_word' id='word_1_162' title='bbox 1068 1368 1241 1406; x_wconf 91' lang='lat' dir='ltr'>consilio</span> <span class='ocrx_word' id='word_1_163' title='bbox 1270 1368 1409 1406; x_wconf 87' lang='lat' dir='ltr'>sedere</span> <span class='ocrx_word' id='word_1_164' title='bbox 1440 1368 1569 1406; x_wconf 90' lang='lat' dir='ltr'>nolim</span> <span class='ocrx_word' id='word_1_165' title='bbox 1599 1367 1700 1406; x_wconf 90' lang='lat' dir='ltr'>istos</span> 
     </span>
     <span class='ocr_line' id='line_1_20' title="bbox 106 1433 1701 1483; baseline -0.001 -11"><span class='ocrx_word' id='word_1_166' title='bbox 106 1433 329 1472; x_wconf 83' lang='lat' dir='ltr'>falsissimo</span> <span class='ocrx_word' id='word_1_167' title='bbox 352 1433 522 1471; x_wconf 90' lang='lat' dir='ltr'>nomine</span> <span class='ocrx_word' id='word_1_168' title='bbox 548 1433 772 1483; x_wconf 85' lang='lat' dir='ltr'>theologos,</span> <span class='ocrx_word' id='word_1_169' title='bbox 797 1433 869 1483; x_wconf 87' lang='lat' dir='ltr'>qui</span> <span class='ocrx_word' id='word_1_170' title='bbox 896 1433 977 1472; x_wconf 89' lang='lat' dir='ltr'>huc</span> <span class='ocrx_word' id='word_1_171' title='bbox 1005 1435 1171 1472; x_wconf 87' lang='lat' dir='ltr'>tantum</span> <span class='ocrx_word' id='word_1_172' title='bbox 1199 1435 1386 1483; x_wconf 89' lang='lat' dir='ltr'>spectant</span> <span class='ocrx_word' id='word_1_173' title='bbox 1411 1435 1457 1471; x_wconf 89' lang='lat' dir='ltr'>vt</span> <span class='ocrx_word' id='word_1_174' title='bbox 1488 1433 1595 1483; x_wconf 90' lang='lat' dir='ltr'>quod</span> <span class='ocrx_word' id='word_1_175' title='bbox 1620 1433 1701 1483; x_wconf 89' lang='lat' dir='ltr'>ipsi</span> 
     </span>
     <span class='ocr_line' id='line_1_21' title="bbox 105 1498 1698 1548; baseline -0.001 -11"><span class='ocrx_word' id='word_1_176' title='bbox 105 1498 351 1546; x_wconf 86' lang='lat' dir='ltr'>didicerunt,</span> <span class='ocrx_word' id='word_1_177' title='bbox 374 1498 416 1537; x_wconf 93' lang='lat' dir='ltr'>id</span> <span class='ocrx_word' id='word_1_178' title='bbox 435 1498 572 1537; x_wconf 90' lang='lat' dir='ltr'>solum</span> <span class='ocrx_word' id='word_1_179' title='bbox 591 1498 790 1537; x_wconf 86' lang='lat' dir='ltr'>habeatur</span> <span class='ocrx_word' id='word_1_180' title='bbox 809 1499 853 1536; x_wconf 91' lang='lat' dir='ltr'>in</span> <span class='ocrx_word' id='word_1_181' title='bbox 869 1498 1015 1548; x_wconf 88' lang='lat' dir='ltr'>precio.</span> <span class='ocrx_word' id='word_1_182' title='bbox 1076 1498 1183 1547; x_wconf 78' lang='lat' dir='ltr'>Quid</span> <span class='ocrx_word' id='word_1_183' title='bbox 1202 1500 1343 1537; x_wconf 89' lang='lat' dir='ltr'>autem</span> <span class='ocrx_word' id='word_1_184' title='bbox 1362 1498 1433 1537; x_wconf 93' lang='lat' dir='ltr'>isti</span> <span class='ocrx_word' id='word_1_185' title='bbox 1453 1498 1698 1547; x_wconf 87' lang='lat' dir='ltr'>didicerunt,</span> 
     </span>
     <span class='ocr_line' id='line_1_22' title="bbox 105 1563 1700 1614; baseline -0.001 -11"><span class='ocrx_word' id='word_1_186' title='bbox 105 1564 216 1614; x_wconf 88' lang='lat' dir='ltr'>quod</span> <span class='ocrx_word' id='word_1_187' title='bbox 236 1577 320 1602; x_wconf 91' lang='lat' dir='ltr'>non</span> <span class='ocrx_word' id='word_1_188' title='bbox 341 1563 395 1602; x_wconf 89' lang='lat' dir='ltr'>sit</span> <span class='ocrx_word' id='word_1_189' title='bbox 415 1564 728 1614; x_wconf 86' lang='lat' dir='ltr'>ineptissimum</span> <span class='ocrx_word' id='word_1_190' title='bbox 748 1566 790 1602; x_wconf 90' lang='lat' dir='ltr'>et</span> <span class='ocrx_word' id='word_1_191' title='bbox 816 1563 927 1603; x_wconf 89' lang='lat' dir='ltr'>idem</span> <span class='ocrx_word' id='word_1_192' title='bbox 948 1563 1287 1603; x_wconf 86' lang='lat' dir='ltr'>confusissimum</span> <span class='ocrx_word' id='word_1_193' title='bbox 1300 1565 1320 1603; x_wconf 64' lang='lat'>⁶?</span> <span class='ocrx_word' id='word_1_194' title='bbox 1376 1563 1536 1612; x_wconf 76' lang='lat' dir='ltr'>Quibus</span> <span class='ocrx_word' id='word_1_195' title='bbox 1556 1563 1591 1602; x_wconf 92' lang='lat' dir='ltr'>si</span> <span class='ocrx_word' id='word_1_196' title='bbox 1610 1576 1700 1602; x_wconf 90' lang='lat' dir='ltr'>con-</span> 
     </span>
     <span class='ocr_line' id='line_1_23' title="bbox 106 1628 1782 1679; baseline -0.001 -12"><span class='ocrx_word' id='word_1_197' title='bbox 106 1629 242 1679; x_wconf 87' lang='lat' dir='ltr'>tingat</span> <span class='ocrx_word' id='word_1_198' title='bbox 266 1629 470 1679; x_wconf 80' lang='lat' dir='ltr'>tyranniS,</span> <span class='ocrx_word' id='word_1_199' title='bbox 502 1628 695 1667; x_wconf 89' lang='lat' dir='ltr'>futurum</span> <span class='ocrx_word' id='word_1_200' title='bbox 721 1630 784 1667; x_wconf 86' lang='lat' dir='ltr'>est</span> <span class='ocrx_word' id='word_1_201' title='bbox 809 1630 856 1668; x_wconf 90' lang='lat' dir='ltr'>vt</span> <span class='ocrx_word' id='word_1_202' title='bbox 884 1629 1112 1679; x_wconf 89' lang='lat' dir='ltr'>antiquatis</span> <span class='ocrx_word' id='word_1_203' title='bbox 1140 1628 1310 1679; x_wconf 91' lang='lat' dir='ltr'>optimis</span> <span class='ocrx_word' id='word_1_204' title='bbox 1337 1628 1548 1667; x_wconf 86' lang='lat' dir='ltr'>autoribus</span> <span class='ocrx_word' id='word_1_205' title='bbox 1574 1628 1700 1667; x_wconf 90' lang='lat' dir='ltr'>insul·</span> <span class='ocrx_word' id='word_1_206' title='bbox 1718 1632 1782 1663; x_wconf 86' lang='lat'>800</span> 
     </span>
     <span class='ocr_line' id='line_1_24' title="bbox 108 1693 1702 1744; baseline -0.001 -12"><span class='ocrx_word' id='word_1_207' title='bbox 108 1694 295 1733; x_wconf 88' lang='lat' dir='ltr'>sissimas</span> <span class='ocrx_word' id='word_1_208' title='bbox 315 1693 491 1732; x_wconf 90' lang='lat' dir='ltr'>istorum</span> <span class='ocrx_word' id='word_1_209' title='bbox 519 1694 688 1732; x_wconf 86' lang='lat' dir='ltr'>naenias</span> <span class='ocrx_word' id='word_1_210' title='bbox 707 1707 782 1743; x_wconf 90' lang='lat' dir='ltr'>pro</span> <span class='ocrx_word' id='word_1_211' title='bbox 809 1694 983 1733; x_wconf 89' lang='lat' dir='ltr'>oraculis</span> <span class='ocrx_word' id='word_1_212' title='bbox 1002 1694 1150 1732; x_wconf 89' lang='lat' dir='ltr'>habere</span> <span class='ocrx_word' id='word_1_213' title='bbox 1171 1695 1340 1744; x_wconf 85' lang='lat' dir='ltr'>cogatur</span> <span class='ocrx_word' id='word_1_214' title='bbox 1359 1693 1543 1732; x_wconf 90' lang='lat' dir='ltr'>mundus</span> <span class='ocrx_word' id='word_1_215' title='bbox 1560 1707 1569 1732; x_wconf 73' lang='grc' dir='ltr'>ε</span> <span class='ocrx_word' id='word_1_216' title='bbox 1599 1705 1702 1743; x_wconf 86' lang='lat' dir='ltr'>quae</span> 
     </span>
     <span class='ocr_line' id='line_1_25' title="bbox 107 1757 1700 1808; baseline -0.001 -11"><span class='ocrx_word' id='word_1_217' title='bbox 107 1771 238 1808; x_wconf 85' lang='lat' dir='ltr'>vsque</span> <span class='ocrx_word' id='word_1_218' title='bbox 265 1758 365 1797; x_wconf 88' lang='lat' dir='ltr'>adeo</span> <span class='ocrx_word' id='word_1_219' title='bbox 394 1758 500 1796; x_wconf 88' lang='lat' dir='ltr'>nihil</span> <span class='ocrx_word' id='word_1_220' title='bbox 529 1759 685 1796; x_wconf 85' lang='lat' dir='ltr'>habent</span> <span class='ocrx_word' id='word_1_221' title='bbox 713 1758 842 1797; x_wconf 92' lang='lat' dir='ltr'>bonae</span> <span class='ocrx_word' id='word_1_222' title='bbox 870 1759 1128 1808; x_wconf 88' lang='lat' dir='ltr'>eruditionis,</span> <span class='ocrx_word' id='word_1_223' title='bbox 1150 1760 1197 1797; x_wconf 88' lang='lat' dir='ltr'>vt</span> <span class='ocrx_word' id='word_1_224' title='bbox 1226 1772 1299 1808; x_wconf 87' lang='lat' dir='ltr'>ego</span> <span class='ocrx_word' id='word_1_225' title='bbox 1328 1771 1426 1796; x_wconf 89' lang='lat' dir='ltr'>sane</span> <span class='ocrx_word' id='word_1_226' title='bbox 1455 1757 1602 1796; x_wconf 90' lang='lat' dir='ltr'>malim</span> <span class='ocrx_word' id='word_1_227' title='bbox 1631 1757 1700 1796; x_wconf 91' lang='lat' dir='ltr'>vel</span> 
     </span>
     <span class='ocr_line' id='line_1_26' title="bbox 108 1822 1701 1873; baseline -0.001 -10"><span class='ocrx_word' id='word_1_228' title='bbox 108 1823 327 1863; x_wconf 85' lang='lat' dir='ltr'>mediocris</span> <span class='ocrx_word' id='word_1_229' title='bbox 352 1836 439 1861; x_wconf 87' lang='lat' dir='ltr'>esse</span> <span class='ocrx_word' id='word_1_230' title='bbox 466 1823 585 1861; x_wconf 89' lang='lat' dir='ltr'>cerdo</span> <span class='ocrx_word' id='word_1_231' title='bbox 616 1837 740 1873; x_wconf 89' lang='lat' dir='ltr'>quam</span> <span class='ocrx_word' id='word_1_232' title='bbox 766 1823 888 1862; x_wconf 87' lang='lat' dir='ltr'>istius</span> <span class='ocrx_word' id='word_1_233' title='bbox 914 1824 1075 1873; x_wconf 88' lang='lat' dir='ltr'>generis</span> <span class='ocrx_word' id='word_1_234' title='bbox 1099 1823 1292 1872; x_wconf 87' lang='lat' dir='ltr'>optimus,</span> <span class='ocrx_word' id='word_1_235' title='bbox 1318 1823 1354 1861; x_wconf 91' lang='lat' dir='ltr'>si</span> <span class='ocrx_word' id='word_1_236' title='bbox 1379 1823 1488 1861; x_wconf 90' lang='lat' dir='ltr'>nihil</span> <span class='ocrx_word' id='word_1_237' title='bbox 1516 1822 1701 1862; x_wconf 89' lang='lat' dir='ltr'>melioris</span> 
     </span>
     <span class='ocr_line' id='line_1_27' title="bbox 108 1887 1700 1938; baseline -0.001 -12"><span class='ocrx_word' id='word_1_238' title='bbox 108 1888 321 1927; x_wconf 87' lang='lat' dir='ltr'>accesserit</span> <span class='ocrx_word' id='word_1_239' title='bbox 341 1887 559 1926; x_wconf 89' lang='lat' dir='ltr'>doctrinae.</span> <span class='ocrx_word' id='word_1_240' title='bbox 621 1887 699 1926; x_wconf 88' lang='lat' dir='ltr'>Isti</span> <span class='ocrx_word' id='word_1_241' title='bbox 723 1890 821 1926; x_wconf 89' lang='lat' dir='ltr'>sunt</span> <span class='ocrx_word' id='word_1_242' title='bbox 844 1889 914 1938; x_wconf 89' lang='lat' dir='ltr'>qui</span> <span class='ocrx_word' id='word_1_243' title='bbox 937 1888 1074 1927; x_wconf 86' lang='lat' dir='ltr'>nolint</span> <span class='ocrx_word' id='word_1_244' title='bbox 1094 1889 1312 1938; x_wconf 88' lang='lat' dir='ltr'>quicquam</span> <span class='ocrx_word' id='word_1_245' title='bbox 1333 1887 1510 1934; x_wconf 88' lang='lat' dir='ltr'>restitui,</span> <span class='ocrx_word' id='word_1_246' title='bbox 1533 1900 1583 1925; x_wconf 91' lang='lat' dir='ltr'>ne</span> <span class='ocrx_word' id='word_1_247' title='bbox 1603 1887 1700 1937; x_wconf 90' lang='lat' dir='ltr'>quid</span> 
     </span>
     <span class='ocr_line' id='line_1_28' title="bbox 111 1952 1782 2004; baseline -0.002 -12"><span class='ocrx_word' id='word_1_248' title='bbox 111 1954 319 2003; x_wconf 86' lang='lat' dir='ltr'>ignorasse</span> <span class='ocrx_word' id='word_1_249' title='bbox 355 1952 586 1991; x_wconf 86' lang='lat' dir='ltr'>videantur.</span> <span class='ocrx_word' id='word_1_250' title='bbox 662 1953 738 1992; x_wconf 90' lang='lat' dir='ltr'>Hii</span> <span class='ocrx_word' id='word_1_251' title='bbox 785 1953 906 1992; x_wconf 91' lang='lat' dir='ltr'>nobis</span> <span class='ocrx_word' id='word_1_252' title='bbox 951 1954 1093 1992; x_wconf 88' lang='lat' dir='ltr'>fictam</span> <span class='ocrx_word' id='word_1_253' title='bbox 1140 1953 1392 2004; x_wconf 77' lang='lat' dir='ltr'>synodorum</span> <span class='ocrx_word' id='word_1_254' title='bbox 1438 1953 1701 1992; x_wconf 87' lang='lat' dir='ltr'>autoritatem</span> <span class='ocrx_word' id='word_1_255' title='bbox 1720 1959 1782 1999; x_wconf 83' lang='lat'>805</span> 
     </span>
     <span class='ocr_line' id='line_1_29' title="bbox 108 2017 1703 2068; baseline 0.001 -13"><span class='ocrx_word' id='word_1_256' title='bbox 108 2017 340 2064; x_wconf 82' lang='lat' dir='ltr'>obiiciunt3</span> <span class='ocrx_word' id='word_1_257' title='bbox 370 2017 431 2055; x_wconf 90' lang='lat' dir='ltr'>hii</span> <span class='ocrx_word' id='word_1_258' title='bbox 457 2031 658 2067; x_wconf 88' lang='lat' dir='ltr'>magnum</span> <span class='ocrx_word' id='word_1_259' title='bbox 679 2018 936 2057; x_wconf 84' lang='lat' dir='ltr'>Christianae</span> <span class='ocrx_word' id='word_1_260' title='bbox 958 2019 1054 2057; x_wconf 90' lang='lat' dir='ltr'>fidei</span> <span class='ocrx_word' id='word_1_261' title='bbox 1084 2019 1305 2057; x_wconf 88' lang='lat' dir='ltr'>discrimen</span> <span class='ocrx_word' id='word_1_262' title='bbox 1333 2020 1606 2068; x_wconf 83' lang='lat' dir='ltr'>exaggerant3</span> <span class='ocrx_word' id='word_1_263' title='bbox 1641 2018 1703 2056; x_wconf 88' lang='lat' dir='ltr'>hii</span> 
     </span>
     <span class='ocr_line' id='line_1_30' title="bbox 109 2081 1698 2134; baseline 0.001 -14"><span class='ocrx_word' id='word_1_264' title='bbox 109 2082 342 2133; x_wconf 92' lang='lat' dir='ltr'>periculum</span> <span class='ocrx_word' id='word_1_265' title='bbox 370 2082 562 2121; x_wconf 89' lang='lat' dir='ltr'>ecclesiae</span> <span class='ocrx_word' id='word_1_266' title='bbox 587 2081 729 2133; x_wconf 90' lang='lat' dir='ltr'>(quam</span> <span class='ocrx_word' id='word_1_267' title='bbox 755 2083 826 2122; x_wconf 90' lang='lat' dir='ltr'>isti</span> <span class='ocrx_word' id='word_1_268' title='bbox 854 2083 1012 2122; x_wconf 88' lang='lat' dir='ltr'>scilicet</span> <span class='ocrx_word' id='word_1_269' title='bbox 1039 2083 1225 2122; x_wconf 89' lang='lat' dir='ltr'>humeris</span> <span class='ocrx_word' id='word_1_270' title='bbox 1252 2084 1478 2134; x_wconf 89' lang='lat' dir='ltr'>suppositis</span> <span class='ocrx_word' id='word_1_271' title='bbox 1507 2083 1698 2132; x_wconf 89' lang='lat' dir='ltr'>fulciunt,</span> 
     </span>
     <span class='ocr_line' id='line_1_31' title="bbox 109 2146 1703 2199; baseline 0 -13"><span class='ocrx_word' id='word_1_272' title='bbox 109 2147 264 2186; x_wconf 87' lang='lat' dir='ltr'>rectius</span> <span class='ocrx_word' id='word_1_273' title='bbox 282 2147 517 2197; x_wconf 87' lang='lat' dir='ltr'>plaustrum</span> <span class='ocrx_word' id='word_1_274' title='bbox 537 2146 700 2198; x_wconf 89' lang='lat' dir='ltr'>fulturi)</span> <span class='ocrx_word' id='word_1_275' title='bbox 730 2150 769 2187; x_wconf 87' lang='lat' dir='ltr'>et</span> <span class='ocrx_word' id='word_1_276' title='bbox 788 2148 1030 2187; x_wconf 87' lang='lat' dir='ltr'>huiusmodi</span> <span class='ocrx_word' id='word_1_277' title='bbox 1049 2149 1186 2188; x_wconf 85' lang='lat' dir='ltr'>fumos</span> <span class='ocrx_word' id='word_1_278' title='bbox 1207 2150 1404 2199; x_wconf 87' lang='lat' dir='ltr'>spargunt</span> <span class='ocrx_word' id='word_1_279' title='bbox 1424 2149 1531 2199; x_wconf 92' lang='lat' dir='ltr'>apud</span> <span class='ocrx_word' id='word_1_280' title='bbox 1552 2148 1703 2198; x_wconf 86' lang='lat' dir='ltr'>vulgus</span> 
     </span>
     <span class='ocr_line' id='line_1_32' title="bbox 110 2212 1700 2264; baseline 0.001 -14"><span class='ocrx_word' id='word_1_281' title='bbox 110 2213 326 2251; x_wconf 87' lang='lat' dir='ltr'>indoctum</span> <span class='ocrx_word' id='word_1_282' title='bbox 341 2225 386 2250; x_wconf 92' lang='grc'>36</span> <span class='ocrx_word' id='word_1_283' title='bbox 402 2212 735 2262; x_wconf 88' lang='lat' dir='ltr'>superstitiosum</span> <span class='ocrx_word' id='word_1_284' title='bbox 751 2228 760 2261; x_wconf 88' lang='lat'>;</span> <span class='ocrx_word' id='word_1_285' title='bbox 789 2214 899 2264; x_wconf 87' lang='lat' dir='ltr'>apud</span> <span class='ocrx_word' id='word_1_286' title='bbox 913 2214 1021 2264; x_wconf 90' lang='lat' dir='ltr'>quod</span> <span class='ocrx_word' id='word_1_287' title='bbox 1037 2227 1133 2252; x_wconf 90' lang='lat' dir='ltr'>cum</span> <span class='ocrx_word' id='word_1_288' title='bbox 1147 2227 1222 2264; x_wconf 93' lang='lat' dir='ltr'>pro</span> <span class='ocrx_word' id='word_1_289' title='bbox 1242 2212 1444 2264; x_wconf 86' lang='lat' dir='ltr'>theologis</span> <span class='ocrx_word' id='word_1_290' title='bbox 1459 2213 1700 2261; x_wconf 82' lang='lat' dir='ltr'>habeantur,</span> 
     </span>
     <span class='ocr_line' id='line_1_33' title="bbox 111 2277 1785 2328; baseline 0.001 -13"><span class='ocrx_word' id='word_1_291' title='bbox 111 2277 249 2316; x_wconf 90' lang='lat' dir='ltr'>nolint</span> <span class='ocrx_word' id='word_1_292' title='bbox 268 2277 398 2316; x_wconf 89' lang='lat' dir='ltr'>vllam</span> <span class='ocrx_word' id='word_1_293' title='bbox 422 2277 629 2328; x_wconf 90' lang='lat' dir='ltr'>opinionis</span> <span class='ocrx_word' id='word_1_294' title='bbox 653 2292 750 2317; x_wconf 90' lang='lat' dir='ltr'>suae</span> <span class='ocrx_word' id='word_1_295' title='bbox 775 2280 975 2318; x_wconf 87' lang='lat' dir='ltr'>iacturam</span> <span class='ocrx_word' id='word_1_296' title='bbox 994 2279 1134 2318; x_wconf 90' lang='lat' dir='ltr'>facere.</span> <span class='ocrx_word' id='word_1_297' title='bbox 1192 2279 1400 2318; x_wconf 86' lang='lat' dir='ltr'>Verentur</span> <span class='ocrx_word' id='word_1_298' title='bbox 1418 2292 1482 2326; x_wconf 92' lang='lat' dir='ltr'>ne,</span> <span class='ocrx_word' id='word_1_299' title='bbox 1504 2292 1599 2316; x_wconf 90' lang='lat' dir='ltr'>cum</span> <span class='ocrx_word' id='word_1_300' title='bbox 1618 2291 1703 2327; x_wconf 89' lang='lat' dir='ltr'>per·</span> <span class='ocrx_word' id='word_1_301' title='bbox 1722 2285 1785 2316; x_wconf 87' lang='lat'>810</span> 
     </span>
     <span class='ocr_line' id='line_1_34' title="bbox 110 2341 1704 2394; baseline 0.001 -14"><span class='ocrx_word' id='word_1_302' title='bbox 110 2355 253 2392; x_wconf 86' lang='lat' dir='ltr'>peram</span> <span class='ocrx_word' id='word_1_303' title='bbox 267 2341 432 2381; x_wconf 91' lang='lat' dir='ltr'>diuinas</span> <span class='ocrx_word' id='word_1_304' title='bbox 449 2343 579 2381; x_wconf 88' lang='lat' dir='ltr'>citant</span> <span class='ocrx_word' id='word_1_305' title='bbox 598 2343 765 2389; x_wconf 87' lang='lat' dir='ltr'>litteras,</span> <span class='ocrx_word' id='word_1_306' title='bbox 781 2344 822 2382; x_wconf 86' lang='lat' dir='ltr'>id</span> <span class='ocrx_word' id='word_1_307' title='bbox 839 2345 950 2394; x_wconf 90' lang='lat' dir='ltr'>quod</span> <span class='ocrx_word' id='word_1_308' title='bbox 969 2357 1240 2394; x_wconf 88' lang='lat' dir='ltr'>sepenumero</span> <span class='ocrx_word' id='word_1_309' title='bbox 1256 2344 1424 2392; x_wconf 89' lang='lat' dir='ltr'>faciunt,</span> <span class='ocrx_word' id='word_1_310' title='bbox 1445 2343 1620 2382; x_wconf 79' lang='lat' dir='ltr'>Graecae</span> <span class='ocrx_word' id='word_1_311' title='bbox 1632 2344 1704 2381; x_wconf 88' lang='lat' dir='ltr'>aut</span> 
     </span>
     <span class='ocr_line' id='line_1_35' title="bbox 113 2407 1704 2458; baseline 0 -13"><span class='ocrx_word' id='word_1_312' title='bbox 113 2407 339 2446; x_wconf 89' lang='lat' dir='ltr'>Hebraicae</span> <span class='ocrx_word' id='word_1_313' title='bbox 371 2407 561 2446; x_wconf 86' lang='lat' dir='ltr'>veritatis</span> <span class='ocrx_word' id='word_1_314' title='bbox 593 2409 793 2447; x_wconf 88' lang='lat' dir='ltr'>autoritas</span> <span class='ocrx_word' id='word_1_315' title='bbox 824 2409 870 2447; x_wconf 89' lang='lat' dir='ltr'>in</span> <span class='ocrx_word' id='word_1_316' title='bbox 904 2422 949 2447; x_wconf 93' lang='lat' dir='ltr'>os</span> <span class='ocrx_word' id='word_1_317' title='bbox 986 2409 1168 2458; x_wconf 85' lang='lat' dir='ltr'>iaciatur,</span> <span class='ocrx_word' id='word_1_318' title='bbox 1201 2410 1242 2446; x_wconf 88' lang='lat' dir='ltr'>et</span> <span class='ocrx_word' id='word_1_319' title='bbox 1270 2421 1368 2447; x_wconf 84' lang='lat' dir='ltr'>mox</span> <span class='ocrx_word' id='word_1_320' title='bbox 1396 2410 1587 2458; x_wconf 88' lang='lat' dir='ltr'>appareat</span> <span class='ocrx_word' id='word_1_321' title='bbox 1615 2419 1704 2445; x_wconf 88' lang='lat' dir='ltr'>esse</span> 
     </span>
     <span class='ocr_line' id='line_1_36' title="bbox 112 2471 1704 2522; baseline 0.001 -14"><span class='ocrx_word' id='word_1_322' title='bbox 112 2471 325 2510; x_wconf 89' lang='lat' dir='ltr'>somnium</span> <span class='ocrx_word' id='word_1_323' title='bbox 345 2472 452 2521; x_wconf 89' lang='lat' dir='ltr'>quod</span> <span class='ocrx_word' id='word_1_324' title='bbox 472 2472 586 2511; x_wconf 87' lang='lat' dir='ltr'>velut</span> <span class='ocrx_word' id='word_1_325' title='bbox 606 2473 816 2512; x_wconf 90' lang='lat' dir='ltr'>oraculum</span> <span class='ocrx_word' id='word_1_326' title='bbox 836 2474 1125 2512; x_wconf 85' lang='lat' dir='ltr'>adducebatur.</span> <span class='ocrx_word' id='word_1_327' title='bbox 1185 2473 1321 2512; x_wconf 91' lang='lat' dir='ltr'>Diuus</span> <span class='ocrx_word' id='word_1_328' title='bbox 1340 2472 1615 2522; x_wconf 87' lang='lat' dir='ltr'>Augustinus,</span> <span class='ocrx_word' id='word_1_329' title='bbox 1638 2471 1704 2510; x_wconf 89' lang='lat' dir='ltr'>vir</span> 
     </span>
     <span class='ocr_line' id='line_1_37' title="bbox 112 2536 1700 2588; baseline 0.001 -15"><span class='ocrx_word' id='word_1_330' title='bbox 112 2537 267 2582; x_wconf 89' lang='lat' dir='ltr'>tantus,</span> <span class='ocrx_word' id='word_1_331' title='bbox 291 2536 341 2574; x_wconf 90' lang='lat' dir='ltr'>ad</span> <span class='ocrx_word' id='word_1_332' title='bbox 361 2536 458 2574; x_wconf 88' lang='lat' dir='ltr'>haec</span> <span class='ocrx_word' id='word_1_333' title='bbox 477 2538 703 2587; x_wconf 88' lang='lat' dir='ltr'>episcopus,</span> <span class='ocrx_word' id='word_1_334' title='bbox 722 2552 807 2576; x_wconf 92' lang='lat' dir='ltr'>non</span> <span class='ocrx_word' id='word_1_335' title='bbox 823 2540 1018 2588; x_wconf 87' lang='lat' dir='ltr'>grauatur</span> <span class='ocrx_word' id='word_1_336' title='bbox 1032 2538 1101 2577; x_wconf 88' lang='lat' dir='ltr'>vel</span> <span class='ocrx_word' id='word_1_337' title='bbox 1115 2538 1166 2576; x_wconf 92' lang='lat' dir='ltr'>ab</span> <span class='ocrx_word' id='word_1_338' title='bbox 1180 2537 1374 2577; x_wconf 91' lang='lat' dir='ltr'>anniculo</span> <span class='ocrx_word' id='word_1_339' title='bbox 1390 2550 1515 2586; x_wconf 90' lang='lat' dir='ltr'>puero</span> <span class='ocrx_word' id='word_1_340' title='bbox 1535 2536 1700 2575; x_wconf 87' lang='lat' dir='ltr'>discere.</span> 
     </span>
     <span class='ocr_line' id='line_1_38' title="bbox 113 2599 1783 2650; baseline 0.001 -11"><span class='ocrx_word' id='word_1_341' title='bbox 113 2600 193 2639; x_wconf 88' lang='lat' dir='ltr'>Isti</span> <span class='ocrx_word' id='word_1_342' title='bbox 212 2599 315 2638; x_wconf 88' lang='lat' dir='ltr'>tales</span> <span class='ocrx_word' id='word_1_343' title='bbox 335 2601 500 2639; x_wconf 89' lang='lat' dir='ltr'>malunt</span> <span class='ocrx_word' id='word_1_344' title='bbox 520 2603 662 2640; x_wconf 89' lang='lat' dir='ltr'>omnia</span> <span class='ocrx_word' id='word_1_345' title='bbox 691 2616 858 2641; x_wconf 86' lang='lat' dir='ltr'>sursum</span> <span class='ocrx_word' id='word_1_346' title='bbox 884 2616 929 2641; x_wconf 89' lang='lat' dir='ltr'>ac</span> <span class='ocrx_word' id='word_1_347' title='bbox 956 2603 1147 2641; x_wconf 88' lang='lat' dir='ltr'>deorsum</span> <span class='ocrx_word' id='word_1_348' title='bbox 1173 2603 1348 2640; x_wconf 89' lang='lat' dir='ltr'>miscere</span> <span class='ocrx_word' id='word_1_349' title='bbox 1375 2615 1498 2650; x_wconf 85' lang='lat' dir='ltr'>quam</span> <span class='ocrx_word' id='word_1_350' title='bbox 1518 2601 1703 2639; x_wconf 89' lang='lat' dir='ltr'>commit·</span> <span class='ocrx_word' id='word_1_351' title='bbox 1721 2610 1783 2650; x_wconf 88' lang='lat'>815</span> 
     </span>
     <span class='ocr_line' id='line_1_39' title="bbox 113 2664 1704 2717; baseline 0.002 -15"><span class='ocrx_word' id='word_1_352' title='bbox 113 2667 198 2702; x_wconf 87' lang='lat' dir='ltr'>tere</span> <span class='ocrx_word' id='word_1_353' title='bbox 227 2665 274 2703; x_wconf 90' lang='lat' dir='ltr'>vt</span> <span class='ocrx_word' id='word_1_354' title='bbox 302 2664 524 2714; x_wconf 86' lang='lat' dir='ltr'>quicquam</span> <span class='ocrx_word' id='word_1_355' title='bbox 552 2665 775 2704; x_wconf 88' lang='lat' dir='ltr'>videantur</span> <span class='ocrx_word' id='word_1_356' title='bbox 803 2667 991 2716; x_wconf 89' lang='lat' dir='ltr'>ignorare</span> <span class='ocrx_word' id='word_1_357' title='bbox 1021 2667 1129 2717; x_wconf 85' lang='lat' dir='ltr'>quod</span> <span class='ocrx_word' id='word_1_358' title='bbox 1158 2667 1208 2705; x_wconf 89' lang='lat' dir='ltr'>ad</span> <span class='ocrx_word' id='word_1_359' title='bbox 1238 2667 1471 2705; x_wconf 89' lang='lat' dir='ltr'>absolutam</span> <span class='ocrx_word' id='word_1_360' title='bbox 1500 2666 1704 2716; x_wconf 86' lang='lat' dir='ltr'>pertineat</span> 
     </span>
     <span class='ocr_line' id='line_1_40' title="bbox 113 2729 1704 2781; baseline 0.001 -13"><span class='ocrx_word' id='word_1_361' title='bbox 113 2729 414 2768; x_wconf 88' lang='lat' dir='ltr'>eruditionem:</span> <span class='ocrx_word' id='word_1_362' title='bbox 444 2742 681 2780; x_wconf 89' lang='lat' dir='ltr'>quanquam</span> <span class='ocrx_word' id='word_1_363' title='bbox 710 2731 820 2769; x_wconf 92' lang='lat' dir='ltr'>nihil</span> <span class='ocrx_word' id='word_1_364' title='bbox 843 2731 910 2769; x_wconf 93' lang='lat' dir='ltr'>hic</span> <span class='ocrx_word' id='word_1_365' title='bbox 938 2731 1059 2769; x_wconf 90' lang='lat' dir='ltr'>video</span> <span class='ocrx_word' id='word_1_366' title='bbox 1088 2731 1196 2780; x_wconf 86' lang='lat' dir='ltr'>quod</span> <span class='ocrx_word' id='word_1_367' title='bbox 1225 2744 1473 2780; x_wconf 85' lang='lat' dir='ltr'>magnopere</span> <span class='ocrx_word' id='word_1_368' title='bbox 1500 2731 1704 2781; x_wconf 89' lang='lat' dir='ltr'>pertineat</span> 
     </span>
     <span class='ocr_line' id='line_1_41' title="bbox 112 2793 1704 2845; baseline 0.001 -13"><span class='ocrx_word' id='word_1_369' title='bbox 112 2795 162 2833; x_wconf 88' lang='lat' dir='ltr'>ad</span> <span class='ocrx_word' id='word_1_370' title='bbox 183 2793 279 2832; x_wconf 90' lang='lat' dir='ltr'>fidei</span> <span class='ocrx_word' id='word_1_371' title='bbox 299 2793 559 2833; x_wconf 85' lang='lat' dir='ltr'>Christianae</span> <span class='ocrx_word' id='word_1_372' title='bbox 587 2795 890 2844; x_wconf 80' lang='lat' dir='ltr'>synceritatem.</span> <span class='ocrx_word' id='word_1_373' title='bbox 950 2795 1066 2845; x_wconf 80' lang='lat' dir='ltr'>Quod</span> <span class='ocrx_word' id='word_1_374' title='bbox 1096 2795 1131 2834; x_wconf 93' lang='lat' dir='ltr'>si</span> <span class='ocrx_word' id='word_1_375' title='bbox 1160 2795 1340 2834; x_wconf 85' lang='lat' dir='ltr'>maxime</span> <span class='ocrx_word' id='word_1_376' title='bbox 1367 2795 1602 2845; x_wconf 86' lang='lat' dir='ltr'>pertineret,</span> <span class='ocrx_word' id='word_1_377' title='bbox 1626 2796 1704 2836; x_wconf 89' lang='lat' dir='ltr'>hoc</span> 
     </span>
     <span class='ocr_line' id='line_1_42' title="bbox 112 2858 834 2907; baseline 0.001 -11"><span class='ocrx_word' id='word_1_378' title='bbox 112 2860 222 2897; x_wconf 91' lang='lat' dir='ltr'>certe</span> <span class='ocrx_word' id='word_1_379' title='bbox 240 2858 376 2907; x_wconf 87' lang='lat' dir='ltr'>magis</span> <span class='ocrx_word' id='word_1_380' title='bbox 396 2860 502 2896; x_wconf 89' lang='lat' dir='ltr'>esset</span> <span class='ocrx_word' id='word_1_381' title='bbox 521 2858 834 2898; x_wconf 89' lang='lat' dir='ltr'>elaborandum.</span> 
     </span>
    </p>

    <p class='ocr_par' dir='ltr' id='par_1_4' title="bbox 113 2923 1785 3039">
     <span class='ocr_line' id='line_1_43' title="bbox 169 2923 1785 2975; baseline 0.004 -15"><span class='ocrx_word' id='word_1_382' title='bbox 169 2923 312 2973; x_wconf 87' lang='lat' dir='ltr'>Neque</span> <span class='ocrx_word' id='word_1_383' title='bbox 331 2936 429 2961; x_wconf 84' lang='lat' dir='ltr'>vero</span> <span class='ocrx_word' id='word_1_384' title='bbox 448 2923 680 2972; x_wconf 88' lang='lat' dir='ltr'>periculum</span> <span class='ocrx_word' id='word_1_385' title='bbox 701 2925 764 2962; x_wconf 91' lang='lat' dir='ltr'>est</span> <span class='ocrx_word' id='word_1_386' title='bbox 787 2936 838 2961; x_wconf 91' lang='lat' dir='ltr'>ne</span> <span class='ocrx_word' id='word_1_387' title='bbox 857 2923 1048 2973; x_wconf 89' lang='lat' dir='ltr'>protinus</span> <span class='ocrx_word' id='word_1_388' title='bbox 1068 2936 1213 2962; x_wconf 88' lang='lat' dir='ltr'>omnes</span> <span class='ocrx_word' id='word_1_389' title='bbox 1234 2924 1462 2963; x_wconf 87' lang='lat' dir='ltr'>desciscant</span> <span class='ocrx_word' id='word_1_390' title='bbox 1482 2938 1505 2964; x_wconf 90' lang='lat' dir='ltr'>a</span> <span class='ocrx_word' id='word_1_391' title='bbox 1524 2925 1700 2975; x_wconf 82' lang='lat' dir='ltr'>Christo,</span> <span class='ocrx_word' id='word_1_392' title='bbox 1722 2936 1785 2966; x_wconf 85' lang='lat'>820</span> 
     </span>
     <span class='ocr_line' id='line_1_44' title="bbox 113 2986 1704 3039; baseline 0.003 -14"><span class='ocrx_word' id='word_1_393' title='bbox 113 2986 151 3025; x_wconf 83' lang='lat' dir='ltr'>si</span> <span class='ocrx_word' id='word_1_394' title='bbox 171 2987 255 3025; x_wconf 78' lang='lat' dir='ltr'>fors</span> <span class='ocrx_word' id='word_1_395' title='bbox 281 2986 471 3026; x_wconf 86' lang='lat' dir='ltr'>auditum</span> <span class='ocrx_word' id='word_1_396' title='bbox 494 2987 619 3025; x_wconf 87' lang='lat' dir='ltr'>fuerit</span> <span class='ocrx_word' id='word_1_397' title='bbox 645 2990 854 3037; x_wconf 88' lang='lat' dir='ltr'>repertum</span> <span class='ocrx_word' id='word_1_398' title='bbox 879 3001 965 3026; x_wconf 90' lang='lat' dir='ltr'>esse</span> <span class='ocrx_word' id='word_1_399' title='bbox 991 2988 1036 3026; x_wconf 91' lang='lat' dir='ltr'>in</span> <span class='ocrx_word' id='word_1_400' title='bbox 1060 2989 1185 3028; x_wconf 87' lang='lat' dir='ltr'>sacris</span> <span class='ocrx_word' id='word_1_401' title='bbox 1210 2989 1328 3028; x_wconf 88' lang='lat' dir='ltr'>libris</span> <span class='ocrx_word' id='word_1_402' title='bbox 1357 2990 1464 3039; x_wconf 90' lang='lat' dir='ltr'>quod</span> <span class='ocrx_word' id='word_1_403' title='bbox 1483 2990 1552 3030; x_wconf 86' lang='lat' dir='ltr'>vel</span> <span class='ocrx_word' id='word_1_404' title='bbox 1572 2991 1704 3030; x_wconf 85' lang='lat' dir='ltr'>scriba</span> 
     </span>
    </p>
   </div>
  </div>
 </body>
</html>
