2073 3464
148 163 244 217 304]
561 165 713 205 FROM
751 165 974 204 MARTIN
1021 165 1142 204 VAN
1180 165 1331 205 DORP
1691 167 1740 204 13

145 275 281 324 atque,
304 273 427 323 quod*
442 273 586 313 sedulo
612 274 726 324 prius
752 273 1005 322 factitabant,
1027 275 1072 312 in
1099 275 1234 314 celum
1260 276 1400 316 ferre?
1456 276 1617 314 Deinde
1641 276 1740 326 quid

144 338 241 376 inde
269 338 439 388 fructus,
463 340 594 378 immo
621 341 825 390 quantum
855 339 965 385 mali,
985 339 1022 378 si
1050 339 1176 378 iidem
1205 341 1284 390 ipsi
1313 341 1460 381 offensi
1486 341 1740 391 palinodiam

145 404 306 451 canant,
329 403 558 453 detrahant,
588 403 898 443 calumnientur
929 417 974 443 ac
1008 405 1096 443 toto
1125 406 1289 455 agmine
1318 407 1460 445 infesti
1486 409 1558 445 tuo
1578 407 1740 445 nomini

145 468 361 507 obscurare
389 469 543 508 famam
572 469 827 508 Erasmicam
860 469 1084 509 nitantur?
1120 471 1278 521 Aspere
1302 472 1484 520 facetiae,
1507 471 1637 511 eciam
1668 472 1739 511 vbi
1759 486 1799 517 50

145 532 328 572 multum
347 535 409 573 est
422 534 510 573 veri
525 534 770 583 admixtum,
784 547 919 572 acrem
934 534 1000 573 sui
1015 535 1258 585 relinquunt
1273 537 1528 577 memoriam.
1571 537 1740 577 Pridem

144 599 404 638 mirabantur
442 601 482 637 te
521 612 676 647 omnes,
705 600 777 637 tua
811 598 1003 648 legebant
1035 600 1166 648 auide,
1201 605 1461 650 praesentem
1494 603 1739 652 expetebant

145 664 301 702 summi
334 664 620 712 theologorum
654 676 698 701 ac
733 663 1123 711 iureconsultorum‚
1156 667 1196 704 et
1230 679 1318 705 ecce
1352 670 1519 717 repente
1558 668 1740 708 infausta

146 728 279 767 Moria
305 727 421 778 quasi
448 728 592 766 Dauus
620 728 874 766 interturbat
900 728 1050 767 omnia.
1101 728 1257 768 Stilum
1284 731 1452 780 quidem
1479 734 1520 771 et
1540 733 1739 772 inuentio-

143 806 241 831 nem
260 805 514 843 acumenque
532 793 720 842 probant,
742 792 954 831 irrisiones
977 806 1061 831 non
1085 794 1276 843 probant,
1295 809 1347 834 ne
1366 795 1540 836 litterati
1560 797 1738 847 quidem.
1759 811 1797 843 55

143 858 198 896 Et
217 858 412 907 profecte,
435 858 608 897 Erasme
627 857 918 906 eruditissime,
942 857 1039 908 quid
1059 858 1197 897 isthuc
1221 859 1276 898 sit
1296 860 1402 899 velle
1423 861 1525 899 solis
1544 861 1740 901 litteratis

142 922 301 974 placere
329 922 439 961 haud
468 923 569 962 satis
596 923 796 973 intelligo.
859 922 1008 961 Nonne
1035 925 1216 973 praestet
1236 925 1302 963 vel
1330 938 1353 963 a
1382 926 1548 964 rusticis
1575 927 1739 976 probari

143 1000 269 1038 quam
308 988 585 1038 reprehendi?
641 989 790 1027 Nonne
828 988 979 1038 volupe
1016 991 1079 1027 est
1117 989 1153 1027 si
1178 990 1247 1028 vel
1285 991 1425 1030 catelli
1462 992 1591 1030 cauda
1623 993 1739 1031 velut

143 1053 351 1093 amicitiae
370 1053 560 1104 symbolo
587 1053 944 1092 adblandiantur‘?
1001 1054 1081 1094 Sed
1101 1057 1148 1092 vt
1174 1055 1310 1094 bonus
1329 1057 1386 1095 sis
1407 1058 1596 1108 recteque
1615 1057 1740 1096 facias

143 1121 351 1170 praestare
370 1121 487 1170 potes
503 1133 513 1167 ;
540 1121 586 1158 vt
606 1119 677 1158 alii
701 1119 806 1157 bene
833 1119 883 1157 de
906 1120 949 1157 te
969 1119 1168 1169 senciant,
1190 1122 1237 1159 vt
1257 1121 1367 1160 nihil
1386 1121 1675 1172 obloquantur,
1698 1123 1739 1161 id
1757 1130 1798 1160 60

142 1187 346 1236 praestare
366 1198 452 1224 non
471 1186 532 1224 est
560 1185 604 1223 in
634 1186 707 1223 tua
730 1198 868 1223 manu.
928 1184 1107 1235 Ideoque
1134 1186 1291 1225 Christi
1313 1187 1501 1237 exemplo
1521 1187 1739 1226 Phariseos

141 1252 302 1302 spernis
321 1253 463 1301 vtpote
483 1250 718 1299 maleuolos,
744 1263 859 1289 cecos
879 1251 920 1288 et
939 1263 1128 1290 cecorum
1149 1251 1284 1290 duces.
1335 1252 1473 1291 Audio
1492 1265 1590 1291 sane
1610 1253 1735 1302 istud,

142 1317 203 1356 mi
238 1317 420 1365 Erasme,
462 1316 651 1355 omnium
696 1315 817 1365 longe
863 1315 1116 1355 charissime.
1183 1317 1315 1367 Atqui
1360 1317 1594 1356 humanum
1639 1319 1739 1369 quid

142 1382 364 1432 paciuntur
383 1381 456 1432 qui
475 1384 515 1420 te
534 1382 687 1432 tuaque
714 1381 943 1428 damnant3
971 1380 1216 1420 infirmitate
1242 1381 1414 1431 faciunt,
1438 1396 1523 1421 non
1549 1383 1738 1431 malicia;

143 1447 227 1486 nisi
254 1448 361 1486 forte
389 1448 510 1497 putes
539 1446 625 1485 sola
654 1446 931 1485 humanitatis
963 1446 1110 1495 studia,
1145 1460 1231 1485 non
1259 1448 1389 1486 eciam
1418 1447 1736 1498 philosophiam,
1757 1456 1796 1497 65

141 1527 225 1553 non
260 1525 395 1552 sacras
423 1512 595 1560 litteras,
628 1512 759 1550 bonos
786 1512 953 1551 efficere.
1013 1512 1235 1551 Occasione
1264 1512 1434 1561 faciunt,
1465 1527 1548 1551 non
1577 1516 1739 1563 accepta

141 1578 279 1618 solum
299 1578 351 1616 ab
377 1577 436 1617 eis
454 1577 734 1617 verumeciam
755 1576 828 1616 abs
847 1579 889 1616 te
909 1579 956 1617 vt
974 1577 1137 1616 videtur
1157 1577 1252 1616 data
1268 1593 1277 1626 ;
1307 1590 1432 1627 quam
1452 1580 1497 1617 vt
1518 1591 1602 1617 non
1623 1579 1737 1617 dares

141 1645 187 1683 in
219 1646 262 1683 te
296 1643 425 1681 situm
463 1644 562 1682 erat.
622 1643 702 1681 Sed
737 1642 848 1693 quid,
887 1642 1060 1694 inquies,
1091 1643 1260 1682 tandem
1293 1643 1564 1683 faciendum?
1621 1644 1736 1693 Quod

141 1709 270 1748 semel
289 1708 451 1747 factum
472 1710 534 1747 est
557 1708 648 1746 fieri
674 1721 758 1747 non
783 1710 920 1758 potest
939 1709 986 1747 vt
1011 1721 1096 1747 non
1122 1708 1176 1747 sit
1195 1709 1365 1747 factum.
1426 1709 1557 1759 Cupio
1576 1711 1738 1748 mutare

142 1773 374 1822 consilium,
418 1773 537 1823 cupio
573 1775 620 1812 vt
657 1773 893 1823 quicunque
931 1774 1059 1812 amice
1095 1786 1282 1823 vnquam
1321 1773 1512 1821 fauerint,
1556 1774 1588 1811 ii
1625 1788 1737 1813 nunc
1758 1791 1798 1824 70

143 1852 304 1889 quoque
341 1839 520 1877 faueant.
581 1839 615 1877 Ο
652 1839 712 1876 mi
750 1838 920 1876 Erasme
957 1838 1248 1886 mellitissime‚
1277 1852 1301 1877 o
1333 1839 1370 1877 si
1402 1838 1542 1878 isthuc
1580 1841 1737 1879 sencias

143 1903 334 1953 dicasque
362 1916 386 1942 a
413 1916 480 1941 me
508 1916 738 1954 persuasus
800 1903 894 1941 Tibi
912 1917 986 1953 pro
1011 1904 1091 1942 ista
1113 1904 1318 1942 industria
1342 1917 1428 1942 non
1456 1904 1588 1943 deerit
1612 1906 1738 1943 consi—

143 1969 260 2017 lium,
283 1982 415 2019 neque
435 1969 629 2008 conuenit
647 1971 695 2007 vt
714 1982 788 2019 ego
815 1968 895 2006 tibi
920 1968 1132 2007 Mineruae
1158 1982 1239 2007 sus,
1300 1969 1380 2008 Sed
1411 1981 1530 2019 spero
1553 1982 1627 2019 pro
1647 1983 1738 2008 meo

142 2036 264 2084 captu
294 2034 434 2073 omnia
462 2035 660 2073 facillime
694 2034 966 2084 consequeris,
1003 2034 1038 2072 si
1071 2036 1213 2073 contra
1247 2033 1425 2073 Moriam
1459 2035 1738 2084 composueris

142 2098 375 2149 Sapientiae
404 2099 571 2138 laudem
599 2112 771 2149 eamque
800 2098 1010 2138 aedideris.
1068 2100 1381 2149 Argumentum
1410 2101 1473 2139 est
1497 2100 1732 2148 fecundum,
1758 2120 1794 2152 75

141 2164 316 2215 dignum
335 2167 407 2204 tuo
425 2165 595 2215 ingenio
609 2164 773 2215 tuisque
790 2164 953 2213 studiis,
971 2164 1147 2203 amabile
1166 2178 1211 2203 ac
1233 2164 1516 2214 gratissimum
1532 2165 1736 2204 vniuersis

141 2231 331 2270 futurum
347 2245 356 2278 ;
385 2232 426 2269 et
446 2230 554 2280 quod
573 2230 653 2269 tibi
672 2230 807 2269 multo
822 2231 918 2280 plus
932 2229 1097 2278 fauoris,
1115 2230 1331 2278 amicitiae,
1348 2229 1612 2278 celebritatis,
1629 2230 1734 2269 addo

186 2351 240 2390 48.
262 2350 374 2381 immo
390 2362 409 2380 α
424 2361 431 2381 :
455 2352 566 2382 immo
581 2360 666 2382 vero
681 2352 740 2390 By.
888 2351 956 2391 ipsi
971 2362 990 2380 α
1005 2361 1012 2380 :
1036 2349 1093 2381 illi
1104 2351 1162 2390 By.
1347 2359 1399 2390 49.
1426 2349 1689 2381 calumnienter
1705 2363 1734 2380 α.

142 2403 194 2432 50.
222 2393 355 2426 famam
371 2395 589 2426 Erasmicam
604 2405 661 2426 om.
680 2396 737 2434 By.
881 2394 1015 2433 Aspere
1030 2395 1078 2433 By
1092 2405 1100 2424 :
1123 2394 1278 2425 Aeerbae
1295 2404 1325 2424 α.
1470 2394 1582 2424 eciam
1598 2405 1656 2424 om.
1675 2395 1732 2433 By.

142 2447 196 2476 52.
232 2438 336 2469 auide
363 2448 420 2470 om.
449 2440 507 2480 By.
683 2447 735 2477 53.
772 2447 812 2469 ac
839 2437 1164 2468 iureconsultorum
1191 2448 1233 2467 a:
1268 2437 1399 2468 summi
1429 2437 1537 2468 etiam
1564 2438 1735 2468 iuriscon-

143 2480 321 2512 sultorum
343 2482 402 2521 By.
544 2483 595 2521 56.
629 2482 774 2512 Erasme
798 2492 842 2512 a:
871 2482 923 2512 mi
946 2481 1092 2512 Erasme
1116 2481 1231 2511 multo
1255 2481 1312 2520 By.
1445 2489 1497 2519 57.
1529 2480 1625 2511 haud
1649 2481 1735 2510 satis

143 2534 186 2554 a:
216 2525 426 2564 neutiquam
442 2526 500 2565 By.
591 2526 644 2565 58.
671 2525 778 2556 velud
794 2536 822 2556 α.
916 2533 968 2564 59.
994 2524 1235 2556 blandiantur
1252 2525 1309 2564 By.
1399 2524 1452 2554 61.
1479 2533 1551 2554 non
1568 2534 1610 2553 a:
1637 2522 1735 2553 vide-

144 2567 229 2597 licet
245 2577 318 2599 non
333 2570 391 2607 By.
483 2570 535 2600 62.
569 2569 709 2609 spernis
724 2580 744 2599 a
759 2579 767 2599 ε
791 2568 993 2599 contemnis
1008 2569 1065 2608 By.
1184 2577 1280 2599 cecos
1296 2569 1332 2598 et
1348 2578 1368 2596 a
1383 2578 1390 2597 τ
1414 2576 1602 2605 caecosque
1618 2576 1658 2597 ac
1674 2568 1732 2607 By.

145 2611 244 2641 istud
258 2621 317 2643 om.
334 2612 393 2650 By.
524 2613 578 2651 63.
601 2612 689 2652 quid
706 2623 765 2644 om.
781 2613 840 2651 By.
979 2612 1033 2650 64.
1059 2611 1234 2642 damnant
1249 2623 1270 2641 α
1285 2622 1292 2641 :
1315 2610 1490 2641 damnant
1506 2609 1563 2640 vel
1580 2609 1733 2641 oderunt

144 2655 201 2694 By.
333 2655 384 2694 65.
410 2654 501 2686 forte
518 2666 578 2687 om.
596 2657 652 2695 By.
787 2656 840 2686 66.
867 2664 940 2686 non
957 2656 1044 2686 item
1061 2664 1176 2686 sacras
1192 2655 1248 2693 By.
1383 2654 1437 2691 67.
1459 2662 1531 2683 non
1547 2664 1586 2684 a:
1611 2662 1657 2684 ne
1673 2654 1732 2693 By.

146 2707 196 2736 71.
225 2707 364 2737 quoque
380 2708 420 2729 a:
445 2698 554 2729 etiam
569 2700 628 2739 By.
728 2699 866 2730 sencias
885 2722 892 2730 .
910 2721 917 2730 .
938 2708 988 2737 72.
1008 2707 1197 2738 persuasus
1213 2708 1252 2728 a:
1277 2696 1374 2727 dicas
1391 2706 1410 2727 a
1427 2705 1483 2726 me
1499 2706 1696 2737 persuasus,
1716 2707 1734 2727 o

145 2741 175 2772 si
192 2742 286 2772 istuc
308 2741 442 2773 sentias
464 2742 522 2781 By.
655 2752 705 2781 74.
739 2743 907 2773 facillime
931 2752 988 2772 om.
1016 2743 1072 2780 By.
1216 2749 1266 2779 75.
1298 2739 1442 2771 laudem
1463 2750 1506 2770 a:
1536 2739 1732 2780 apologiam

144 2786 201 2824 By.
347 2785 400 2824 76.
431 2794 470 2814 ac
493 2785 738 2824 gratissimum
761 2796 803 2815 a:
832 2785 1143 2824 gratissimumque
1159 2785 1217 2824 By.
1350 2793 1402 2822 77.
1435 2784 1488 2813 est
1509 2787 1580 2814 ante
1602 2782 1733 2815 fauoris

144 2831 219 2859 add.
237 2829 295 2868 ΒὙ.

190 2937 243 2967 50.
259 2929 394 2968 Aspere
406 2926 572 2968 facetiae]
590 2925 830 2958 Cf.Tac.A7m.
850 2935 902 2965 15.
972 2925 1058 2966 (LB.
1080 2925 1174 2965 App.
1199 2934 1272 2964 513,
1302 2933 1384 2965 1913
1399 2934 1434 2963 A,
1461 2934 1542 2964 1915
1565 2923 1610 2964 c),
1637 2925 1733 2964 gives

145 2972 197 3003 68.
217 2982 237 3010 4
251 2982 259 3010 ;
282 2971 355 3003 and
371 2980 402 3010 5.
422 2981 452 3002 2.
467 2981 488 3010 3
504 2970 558 3001 for
573 2970 634 3001 the
651 2969 799 3010 reading
816 2968 855 3000 of
873 2980 902 3000 α.
970 2969 1032 2999 the
1049 2969 1196 3008 reading
1212 2968 1251 2999 of
1261 2970 1316 3007 By.

146 3015 253 3055 More,
278 3016 319 3047 in
350 3015 499 3056 quoting
529 3013 604 3045 this
632 3023 775 3053 passage
802 3012 905 3046 twice
1016 3022 1068 3051 54.
1096 3012 1235 3053 Dauus]
1259 3012 1333 3043 Ter.
1352 3014 1454 3044 Andr.
1474 3013 1547 3051 663,
1568 3014 1635 3042 edd.
1654 3016 1714 3042 ω’.
