2010 3417
152 156 250 211 540]
609 160 680 200 ΤΟ
718 160 985 200 WILLIAM
1024 161 1283 201 LATIMER
1662 163 1742 201 487

150 269 401 319 certioraque
420 269 572 308 iudicio
587 272 773 309 ve1setur
792 270 836 308 in
856 270 981 309 sacris
999 270 1130 310 libris.
1188 271 1378 321 Denique
1397 273 1444 310 vt
1463 271 1572 310 nihil
1592 272 1742 311 horum

151 333 379 384 contingat,
407 335 507 385 quid
535 335 661 374 fuerit
689 335 927 385 dispendii?
981 336 1039 374 Vt
1067 335 1295 374 minimum
1324 337 1525 386 profuerit
1550 337 1742 388 Episcopi
1763 348 1801 382 75

149 399 308 447 studiis,
342 402 485 439 tamen
516 414 601 439 non
630 400 856 439 minimum
889 400 1089 450 profuerit
1118 400 1168 439 ad
1199 401 1506 441 extimulandos
1543 402 1741 441 iuuenum

150 465 313 503 animos
344 467 430 504 tam
463 465 664 504 eximium
694 465 832 504 virum
870 465 1064 515 amplecti
1098 465 1385 505 Graecitatem.
1443 467 1535 506 Iam
1568 480 1663 506 cum
1696 468 1741 506 in

150 530 266 568 omni
289 530 602 580 disciplinarum
629 543 776 580 genere
802 531 930 569 refert
948 533 994 569 vt
1020 533 1183 569 mature
1209 531 1394 580 initieris,
1416 533 1508 571 tum
1533 532 1603 571 hic
1627 545 1740 582 pecu-

150 595 309 633 liariter
327 609 394 634 me
411 595 601 634 hortatur
618 597 729 634 aetas
748 596 970 644 praesulis,
992 608 1044 634 ne
1062 596 1356 634 recrastinetur
1374 596 1605 646 negocium.

205 660 353 698 Finem
391 660 550 707 faciam,
583 660 689 699 illud
719 674 851 699 vnum
888 660 926 700 si
963 662 1004 699 te
1035 673 1247 709 monuero,
1282 674 1334 699 ne
1367 662 1500 711 pudor
1531 662 1609 700 iste
1645 664 1744 701 tuus
1760 668 1803 698 80

149 725 397 763 immodicus
433 726 716 776 modestiaque
746 739 850 776 pene
879 726 1056 764 dixerim
1094 726 1343 765 immodesta
1375 726 1571 766 nonnihil
1602 730 1743 766 auocet

149 802 172 827 a
193 789 388 828 iuuandis
408 790 556 829 studiis
580 790 768 840 publicis.
829 790 1007 839 Quidam
1035 790 1120 829 mei
1138 790 1297 830 similes
1321 791 1415 841 plus
1438 792 1538 830 satis
1561 793 1715 831 audent
1734 807 1743 839 ;

149 854 219 892 sed
239 855 429 893 nondum
449 856 554 894 mihi
573 856 706 905 liquet
723 856 806 894 vtri
825 856 958 906 magis
976 859 1155 906 peccent,
1173 856 1219 894 hi
1234 856 1305 906 qui
1324 856 1431 895 nihil
1450 857 1744 907 aggrediuntur

149 925 200 958 ne
220 919 318 970 quid
338 922 516 969 peccent,
540 933 593 959 an
613 921 685 970 qui
703 921 804 959 dum
829 921 1105 960 inconsultius
1129 921 1320 971 prodesse
1345 921 1524 967 student,
1544 921 1744 960 labuntur

148 985 312 1024 alicubi.
370 985 508 1024 Alteri
537 986 670 1025 multa
697 986 905 1035 praeclara
932 987 1089 1032 docent,
1113 999 1347 1037 quanquam
1377 999 1464 1025 non
1492 986 1631 1025 omnia
1658 1000 1742 1026 suc·
1762 999 1801 1039 85

149 1051 294 1089 cedant
323 1063 373 1088 ex
401 1051 628 1089 sententia:
660 1051 806 1090 deinde
834 1064 907 1090 suo
933 1052 1070 1090 studio
1097 1052 1274 1091 aliorum
1302 1051 1483 1091 excitant
1509 1055 1744 1103 acuuntque

148 1115 346 1154 studium.
399 1116 546 1164 Alteri,
570 1117 670 1154 dum
690 1117 798 1166 quod
817 1116 972 1156 habent
990 1117 1144 1155 habent
1163 1117 1254 1165 sibi,
1277 1118 1409 1167 magis
1429 1130 1520 1156 mea
1538 1119 1745 1157 sententia

148 1181 474 1230 reprehendendi
493 1183 592 1219 sunt
611 1194 736 1231 quam
760 1182 937 1220 infames
960 1182 1084 1229 auari,
1108 1183 1377 1232 pecuniarum
1397 1183 1587 1222 custodes
1604 1183 1744 1222 verius

149 1259 274 1296 quam
294 1246 465 1284 domini.
517 1246 732 1295 Siquidem
754 1246 804 1284 ab
824 1246 911 1285 illis
931 1249 1168 1296 congestam
1186 1248 1412 1297 pecuniam,
1435 1248 1470 1286 si
1490 1246 1598 1286 nihil
1615 1247 1741 1295 aliud,

148 1314 256 1351 certe
275 1324 387 1350 mors
405 1312 602 1350 transfert
621 1311 666 1350 in
686 1325 808 1350 vsum
834 1312 1034 1350 aliorum:
1063 1312 1114 1350 ab
1133 1312 1302 1350 illorum
1321 1326 1420 1362 rogo
1441 1313 1545 1351 nihil
1565 1313 1673 1351 redit
1692 1313 1743 1351 ad
1763 1331 1804 1363 90

148 1377 375 1425 haeredem,
406 1376 489 1415 nisi
521 1389 617 1414 suas
647 1377 917 1425 cogitationes
948 1377 1080 1416 literis
1112 1377 1360 1416 mandarint.
1419 1377 1470 1416 Id
1500 1390 1652 1424 vereor,
1685 1376 1744 1415 mi

149 1442 398 1490 Guilhelme,
422 1455 474 1480 ne
495 1442 658 1491 quando
678 1445 821 1480 nostro
843 1442 1008 1480 eueniat
1029 1443 1218 1490 Grocino,
1245 1443 1316 1481 sed
1341 1443 1452 1481 idem
1478 1442 1524 1481 in
1545 1445 1587 1481 te
1613 1443 1744 1481 nolim

146 1508 338 1548 accidere.
385 1507 500 1545 Bene
513 1508 615 1553 vale,
634 1508 701 1545 vir
716 1508 870 1558 optime
886 1507 1072 1546 simulac
1087 1508 1335 1555 doctissime,
1353 1510 1393 1546 et
1408 1507 1515 1559 quod
1534 1507 1746 1558 pollicitus

147 1587 190 1612 es
209 1575 383 1612 matura.
441 1572 738 1622 Antuuerpiae.
797 1573 924 1610 Anno
944 1570 1200 1625 M.D.xvn[1].

393 1716 530 1768 541600
589 1713 653 1754 ΤΟ
686 1713 950 1756 WOLFGANG
982 1714 1232 1757 FABRICIUS
1266 1713 1450 1756 CAPITo.

197 1805 365 1850 Epistole
384 1805 578 1850 elegantes
597 1804 640 1838 f0.
659 1803 706 1839 affl
1412 1805 1600 1849 Antwerp.

196 1863 249 1900 (2².
268 1873 364 1909 p.*5:
392 1862 431 1899 F.
450 1874 486 1907 p.
510 1872 524 1897 1
542 1875 549 1897 :
578 1861 665 1897 HN:
692 1863 806 1897 Lond.
826 1862 850 1897 i.
870 1873 911 1906 4:
939 1863 1010 1898 LB.
1031 1873 1111 1905 207.
1320 1865 1365 1899 26
1383 1863 1573 1908 February
1594 1863 1695 1908 1513.

185 1955 350 1986 EXIMIO
380 1954 619 1984 THEOLOGO
650 1954 954 1985 GVOLPHANGO
985 1954 1201 1986 FABRICIO
1231 1956 1443 1987 CAPITONI
1475 1955 1710 1986 HAGENOIO

226 2025 369 2055 TRIVM
392 2024 662 2054 LINGVARVM
684 2023 971 2054 PERITISSIMO
994 2024 1199 2056 ERASMVS
1219 2024 1551 2055 ROTERODAMVs
1573 2026 1607 2054 S.
1626 2025 1666 2054 D.

204 2098 297 2137 Non
309 2110 403 2136 sum
416 2096 609 2146 equidem
620 2097 847 2135 admodum
859 2097 970 2135 vitae
982 2096 1141 2145 auidus,
1160 2098 1441 2137 eruditissime
1455 2097 1739 2148 Guolphange.

148 2165 235 2204 siue
250 2163 359 2214 quod
379 2176 429 2200 ex
449 2162 590 2200 animo
610 2175 702 2200 meo
720 2163 803 2200 iam
823 2163 1124 2212 propemodum
1138 2163 1226 2201 vixi
1245 2163 1356 2211 satis,
1372 2163 1566 2201 videlicet
1584 2175 1741 2201 annum

149 2231 362 2278 ingressus
386 2228 572 2277 primum
602 2229 643 2265 et
669 2228 1086 2277 quinquagesimum3
1116 2229 1203 2267 siue
1232 2229 1341 2278 quod
1361 2230 1407 2266 in
1426 2229 1503 2267 hac
1521 2228 1607 2266 vita
1635 2228 1741 2265 nihil

148 2296 249 2334 adeo
275 2293 543 2342 magnificum
572 2294 645 2331 aut
673 2305 798 2330 suaue
824 2293 956 2341 video,
978 2293 1088 2343 quod
1111 2306 1358 2344 magnopere
1384 2294 1440 2332 sit
1467 2293 1740 2342 expetendum

150 2361 187 2399 ei
218 2359 283 2398 cui
311 2357 545 2397 Christiana
571 2357 673 2395 fides
702 2370 798 2395 vere
825 2357 950 2395 fidem
976 2358 1129 2407 fecerit,
1153 2359 1225 2408 qui
1247 2359 1442 2408 pietatem
1468 2358 1536 2396 hic
1564 2371 1639 2407 pro
1668 2370 1742 2396 sua
1760 2369 1778 2399 5

149 2425 264 2464 virili
292 2424 446 2462 fuerint
474 2423 664 2472 amplexi,
687 2423 764 2461 hos
783 2423 919 2461 multo
938 2423 1016 2461 hac
1034 2423 1258 2462 feliciorem
1273 2437 1442 2462 manere
1460 2423 1602 2462 vitam.
1661 2421 1739 2460 Sed

149 2494 292 2529 tamen
311 2489 355 2526 in
374 2488 604 2538 praesentia
630 2501 732 2538 pene
761 2489 889 2526 libeat
920 2489 1217 2539 aliquantisper
1243 2490 1558 2537 reiuuenescere,
1580 2500 1663 2525 non
1690 2487 1741 2525 ob

149 2555 262 2595 aliud
296 2554 378 2592 nisi
407 2553 518 2604 quod
549 2553 713 2592 videam
742 2554 932 2592 futurum
962 2556 1010 2592 vt
1049 2554 1286 2604 propediem
1324 2566 1496 2592 aureum
1534 2552 1740 2602 quoddam

151 2620 361 2660 saeculum
405 2620 621 2657 exoriatur.
714 2620 829 2658 Adeo
876 2619 1084 2657 cernimus
1130 2633 1203 2657 ceu
1251 2619 1454 2657 diuinitus
1499 2618 1741 2656 immutatos

150 2685 389 2737 principum
425 2684 587 2722 animos
619 2684 669 2722 ad
703 2685 814 2733 pacis
851 2684 1173 2733 concordiaeque
1211 2684 1397 2722 studium
1443 2683 1542 2721 totis
1579 2682 1740 2720 viribus
1762 2697 1802 2718 10

149 2750 399 2796 incumbere,
432 2749 556 2798 idque
597 2748 825 2798 praecipuis
862 2749 1076 2787 autoribus
1108 2749 1243 2787 Leone
1265 2747 1467 2786 Pontifice
1494 2761 1579 2786 non
1615 2747 1741 2786 titulo

195 2829 268 2859 540.
289 2828 338 2866 78.
355 2830 390 2857 H
403 2838 411 2857 ι
436 2828 565 2858 referat
580 2830 615 2858 F.
687 2828 763 2858 541.
786 2836 848 2857 Trr.
873 2836 1032 2858 cAPrrom
1047 2829 1120 2858 add.
1140 2827 1182 2858 δ”.
1254 2836 1432 2858 memoro
1447 2828 1521 2857 add.
1543 2824 1595 2857 0²:
1618 2836 1676 2856 om.
1696 2828 1738 2856 ΙΙ.

151 2884 180 2904 2.
208 2882 252 2903 ex
268 2881 328 2902 om.
345 2872 386 2902 C'·'.

195 2961 271 2993 540.
283 2936 335 3000 {1-
352 2960 395 2991 Id
405 2935 543 3000 vereor]
568 2959 654 2990 This
666 2959 928 2999 apprehension
940 2968 1012 2989 was
1029 2958 1114 2998 only
1125 2960 1184 2989 too
1194 2957 1276 2988 well
1289 2958 1472 2996 grounded
1485 2959 1524 2989 in
1536 2957 1622 2989 both
1633 2966 1738 2988 cases

194 3006 269 3036 541.
287 3015 317 3036 2.
342 3003 493 3045 annum]
519 3002 571 3034 Cf.
589 3003 652 3043 Ep.
670 3011 743 3042 531.
758 3011 834 3042 375.
