2010 3417
145 162 242 218 442]
346 164 497 204 FROM
537 162 844 212 HERMANN,
878 163 1066 203 COUNT
1105 163 1176 202 OF·
1213 162 1538 202 NEUENAHR
1657 162 1738 200 283

142 275 190 312 vt
229 273 384 313 rectius
422 274 559 313 dicam
596 273 874 322 tenuitatem3
921 287 1002 324 qua
1037 275 1204 312 tantum
1241 273 1381 312 laboro
1418 275 1464 312 vt
1502 271 1610 310 mihi
1646 283 1739 310 con·

143 339 417 389 grediendum
437 338 614 377 minime
633 352 728 378 cum
747 339 903 378 talibus
923 352 1012 378 esse
1034 338 1172 377 sciam.
1236 337 1302 376 Ex
1319 335 1564 391 a[n]duerso
1590 337 1735 375 autem
1758 345 1794 377 15

143 404 275 444 officio
310 404 465 451 trahor,
501 404 658 443 ratione
692 404 896 454 impellor,
933 417 1068 442 amore
1107 403 1302 442 concitor.
1374 403 1486 442 Scies
1518 403 1654 453 itaque
1686 413 1736 440 ex

142 483 236 509 meo
255 471 419 520 pectore
443 469 607 508 Erasmi
631 482 786 508 nomen
813 482 1031 519 nunquam
1054 469 1321 508 obliteratum
1341 469 1393 506 iri
1418 481 1548 519 posse.
1609 467 1737 506 Hunc

143 535 249 574 mihi
279 548 364 573 non
397 535 520 573 modo
553 534 739 583 ingentia
772 534 987 573 literarum
1020 536 1292 573 monumenta
1325 546 1484 581 verum,
1521 532 1630 583 quod
1663 545 1737 583 ego

142 600 375 638 maximum
406 600 450 637 in
483 599 651 638 homine
681 601 838 649 reputo,
870 598 1004 648 pietas
1032 599 1350 649 humanitasque
1379 597 1734 637 commendarunt.

142 665 288 704 Preter
316 665 416 703 haec
447 664 600 704 cesarii
629 664 764 702 nostri
794 664 1030 703 communis
1056 677 1171 702 amor
1203 664 1338 703 effecit
1366 666 1413 702 vt
1437 665 1478 702 te
1507 662 1738 713 impensius
1756 672 1796 695 20

143 743 308 777 amem;
337 742 431 767 cum
457 729 571 768 enim
597 731 644 767 tu
667 729 790 767 illum
810 741 934 776 ames,
959 742 1046 767 esse
1072 742 1158 767 non
1186 730 1322 778 potest
1349 729 1452 778 quin
1479 728 1605 766 etiam
1631 726 1739 766 mihi

142 807 236 845 pars
262 794 402 844 aliqua
426 793 579 832 amoris
603 793 810 842 obueniat,
835 794 870 832 si
888 807 1036 832 verum
1061 794 1124 832 est
1151 793 1343 843 adagium
1370 792 1479 842 quod
1507 792 1737 831 amicorum

144 859 285 898 omnia
305 859 390 898 sint
410 858 659 898 communia.

198 923 367 962 Nouum
387 925 704 963 Testamentum
732 924 839 963 mihi
865 937 962 962 cum
987 923 1181 962 omnibus
1206 923 1327 962 bonis
1344 934 1508 960 summe
1526 919 1735 971 probatur.

142 989 318 1028 Vtinam
338 989 546 1038 reliquum
566 989 727 1028 Bibliae
747 1003 843 1028 eum
862 989 908 1028 in
927 989 1100 1027 modum
1119 1001 1287 1027 versum
1307 989 1352 1026 in
1372 986 1567 1025 manibus
1585 985 1739 1024 nostris
1757 998 1796 1031 25

142 1055 387 1095 haberetur!
449 1055 625 1094 Valeant
664 1068 811 1104 osores,
847 1053 1075 1104 philargiri‚
1111 1053 1332 1103 sophistae,
1370 1052 1519 1102 quibus
1556 1051 1619 1089 nil
1657 1050 1740 1089 nisi

143 1133 217 1159 sua
249 1120 390 1158 merda
423 1119 566 1169 placet,
601 1120 794 1159 homines
826 1119 994 1170 ingenio
1028 1119 1233 1158 nimirum
1269 1119 1541 1169 praepostero,
1574 1116 1738 1155 sordido

146 1187 186 1224 et
206 1185 412 1224 illiberali.
471 1185 524 1223 In
550 1185 705 1223 malam
733 1198 897 1223 crucem
922 1198 1004 1224 vna
1029 1185 1178 1224 abeant
1205 1183 1431 1234 questuarii
1450 1183 1646 1230 doctores,
1667 1181 1740 1232 qui

144 1253 310 1290 tantum
345 1251 490 1288 curant
521 1250 571 1289 de
603 1264 710 1300 pane
743 1251 952 1299 lucrando,
990 1264 1075 1289 non
1109 1251 1159 1289 de
1196 1250 1385 1289 moribus
1416 1247 1739 1298 componendis3

145 1315 340 1354 omnibus
369 1314 414 1352 in
437 1314 603 1365 popinis
625 1329 854 1367 pauperum
880 1317 1051 1355 sudores
1077 1316 1356 1355 absumentes.
1412 1315 1500 1364 Ego
1528 1315 1624 1352 tuae
1651 1327 1740 1363 pro-
1758 1326 1799 1357 30

144 1380 336 1419 fessionis
358 1382 495 1429 partes
516 1382 558 1419 et
586 1380 710 1420 laudo
738 1383 780 1420 et
807 1382 922 1430 colo;
956 1382 1027 1420 sed
1055 1382 1221 1420 vtinam
1244 1383 1333 1419 tam
1359 1379 1556 1418 insectari
1576 1391 1740 1430 possem

147 1458 271 1495 quam
290 1444 469 1484 vellem!
526 1445 708 1485 Proinde
733 1448 850 1486 tuam
876 1447 1181 1485 humanitatem
1209 1446 1393 1484 obtestor
1414 1446 1460 1484 vt
1486 1457 1553 1482 me
1578 1456 1740 1494 quoque

147 1510 193 1549 in
212 1510 415 1561 angulum
435 1510 618 1561 aliquem
638 1511 846 1550 amicitiae
862 1513 956 1551 tuae
972 1511 1142 1560 reiicias,
1161 1511 1405 1550 contentum
1420 1509 1559 1560 potius
1578 1508 1741 1548 latitare

145 1588 268 1626 quam
298 1576 402 1614 falso
433 1576 565 1626 prodi.
624 1575 770 1616 Habeo
802 1577 955 1627 gratias
988 1576 1243 1615 immortales
1273 1576 1383 1626 quod
1416 1588 1558 1614 meum
1585 1587 1740 1612 nomen

145 1653 363 1692 agnoscere
382 1641 575 1681 didicisti.
637 1641 733 1680 Non
759 1642 958 1692 putabam
983 1643 1112 1681 etiam
1137 1641 1320 1681 Athenis
1348 1654 1417 1679 me
1442 1639 1656 1690 cognitum
1674 1638 1736 1687 iri,
1760 1652 1798 1684 35

147 1707 498 1755 quemadmodum
528 1707 608 1745 sibi
636 1707 832 1746 accidisse
862 1707 1116 1758 gloriabatur
1142 1707 1325 1757 prudens
1358 1706 1428 1744 ille
1458 1704 1740 1755 philosophus.

146 1770 225 1810 Sed
246 1771 344 1809 haec
368 1773 440 1810 tua
463 1773 525 1810 est
551 1771 777 1811 liberalitas
791 1786 801 1820 ;
831 1786 973 1811 meum
1000 1775 1139 1810 autem
1165 1772 1244 1810 erit
1269 1773 1311 1809 te
1336 1783 1498 1820 semper
1524 1769 1741 1808 obseruare

147 1838 187 1874 et
206 1835 388 1886 diligere.
444 1837 546 1875 Vale
566 1837 720 1888 itaque,
739 1851 882 1876 meum
902 1838 1020 1876 dulce
1041 1838 1175 1876 decus.

202 1901 264 1940 Ex
285 1901 458 1941 Colonia
477 1901 776 1952 Agrippinensi
794 1902 998 1942 Vbiorum
1017 1902 1149 1952 pridie
1168 1901 1300 1940 Eidus
1318 1900 1397 1940 Iul.

584 2045 680 2084 443.
738 2043 870 2085 FROM
902 2043 1052 2084 PETER
1083 2043 1304 2084 BARBIER.

196 2132 383 2169 Deventer
402 2133 479 2169 MS.
498 2144 553 2178 91,
574 2134 600 2168 f.
622 2144 698 2179 132.
1470 2131 1650 2167 Brussels.

195 2190 269 2226 LB.
284 2191 380 2236 App.
402 2202 456 2237 70.
1429 2192 1471 2226 18
1488 2189 1576 2235 July
1597 2189 1698 2235 1516.

195 2272 496 2313 [Contemporary
513 2273 605 2304 with
621 2274 685 2314 Ep.
704 2276 777 2313 436.

193 2316 299 2346 Peter
314 2316 465 2347 Barbier
485 2320 582 2347 went
604 2326 643 2348 as
663 2327 683 2348 a
706 2317 874 2357 chaplain
889 2318 982 2348 with
1003 2317 1156 2357 Philip's
1176 2316 1385 2356 expedition
1406 2318 1443 2346 to
1465 2315 1577 2355 Spain
1598 2316 1638 2346 in
1663 2323 1742 2353 1501

152 2359 333 2397 (Gachard
347 2360 369 2390 i.
389 2369 462 2400 345,
478 2362 498 2390 6
511 2360 583 2391 and
596 2360 687 2401 369).
737 2361 783 2392 In
803 2371 886 2400 1515
902 2361 948 2391 he
963 2371 1037 2392 was
1054 2361 1220 2401 chaplain
1236 2362 1273 2390 to
1289 2360 1417 2390 Prince
1432 2357 1589 2390 charles’
1606 2358 1746 2389 council

154 2402 334 2442 (Gaehard
350 2403 386 2433 ii.
404 2407 495 2442 494).
542 2405 592 2434 At
608 2404 671 2434 the
687 2404 769 2436 date
786 2404 825 2435 of
836 2405 912 2436 this
927 2405 1035 2436 letter
1050 2404 1096 2435 he
1112 2413 1185 2435 was
1201 2403 1370 2442 chaplain
1388 2404 1424 2433 to
1442 2402 1504 2432 the
1521 2401 1744 2440 Chancellor,

153 2446 202 2477 Le
225 2446 391 2485 Sauvage‚
417 2447 489 2477 and
512 2447 552 2478 in
580 2457 660 2486 1517
685 2448 937 2488 accompanied
960 2448 1035 2479 him
1061 2449 1098 2478 to
1126 2447 1235 2487 Spain
1259 2447 1299 2476 in
1327 2445 1540 2476 attendance
1564 2454 1661 2484 upon
1682 2445 1745 2475 the

153 2489 273 2528 King3
302 2489 408 2529 being
430 2489 506 2520 also
529 2500 549 2520 a
573 2491 734 2522 member
759 2491 796 2522 of
816 2491 974 2522 Charles'
997 2490 1121 2522 Grand
1142 2490 1291 2521 Council
1314 2489 1493 2530 (Gachard
1510 2488 1548 2519 ii.
1566 2488 1647 2528 509)
1671 2487 1745 2519 and

155 2532 305 2571 holding
320 2542 416 2562 some
433 2533 653 2572 preferment
668 2535 708 2565 in
724 2535 787 2565 the
803 2534 929 2566 Indies
946 2535 1051 2575 (Epp.
1071 2536 1134 2573 476
1150 2533 1221 2564 and
1238 2533 1329 2571 532).
1373 2532 1480 2563 After
1495 2531 1542 2562 Le
1558 2531 1745 2571 Sauvage's

154 2575 262 2606 death
289 2575 440 2606 Barbier
467 2578 651 2607 remained
674 2578 714 2608 in
741 2579 863 2618 Spain,
890 2578 961 2608 and
984 2578 1097 2608 found
1120 2577 1178 2607 his
1200 2586 1280 2615 way
1302 2576 1379 2606 into
1402 2575 1465 2605 the
1488 2574 1688 2605 household
1711 2575 1749 2605 of

155 2619 296 2651 Adrian
324 2618 363 2648 of
382 2619 557 2658 Utrecht;
587 2621 658 2651 and
686 2630 733 2651 on
755 2620 924 2651 Adrian's
951 2621 1130 2651 elevation
1156 2623 1192 2651 to
1219 2620 1283 2650 the
1306 2619 1456 2658 Papacy,
1480 2617 1644 2648 followed
1666 2618 1745 2649 him

154 2666 192 2694 to
213 2661 321 2700 Italy.
368 2661 505 2693 Whilst
526 2663 628 2693 there
645 2664 729 2703 (EE.
752 2664 826 2703 141)
845 2664 891 2694 he
912 2665 1025 2703 began
1048 2664 1106 2694 his
1127 2663 1282 2702 struggle
1303 2664 1339 2692 to
1361 2670 1482 2691 secure
1503 2660 1565 2691 the
1581 2661 1746 2701 Deanery

155 2705 193 2736 of
212 2705 386 2745 Tournay,
414 2706 453 2735 in
477 2705 597 2736 which
621 2707 665 2737 he
691 2716 764 2737 was
786 2707 994 2746 ultimately
1018 2706 1217 2737 successful.
1266 2705 1312 2735 In
1339 2713 1419 2743 1525
1442 2705 1487 2734 he
1510 2714 1584 2735 was
1607 2705 1683 2735 still
1705 2705 1745 2735 in

156 2749 253 2788 Italy
278 2748 433 2790 (Omont,
460 2751 598 2779 Journal
622 2750 652 2779 (ι’
668 2752 834 2790 Αῖέαηάνο,
860 2760 894 2789 p.
921 2750 990 2790 45).
1036 2750 1082 2780 In
1109 2750 1190 2788 1526
1215 2749 1384 2779 Erasmus
1407 2750 1517 2778 wrote
1541 2749 1578 2778 to
1601 2747 1681 2778 him
1705 2748 1744 2778 in

155 2793 279 2832 Spain,
296 2792 359 2822 but
375 2793 422 2831 by
441 2801 525 2831 1529
541 2792 587 2822 he
603 2793 675 2823 had
692 2793 822 2824 settled
839 2796 874 2824 at
890 2793 1055 2832 Tournay
1068 2793 1154 2833 (EE.
1171 2791 1257 2831 116),
1271 2791 1343 2822 and
1359 2791 1391 2821 is
1406 2790 1483 2821 said
1499 2791 1584 2830 (GC.
1600 2791 1651 2822 iii.
1664 2791 1744 2831 251)

156 2839 192 2868 to
216 2836 307 2866 have
331 2835 420 2866 been
443 2835 587 2875 already
611 2836 721 2867 Dean.
770 2836 826 2867 He
850 2846 924 2867 was
948 2836 1024 2867 still
1049 2835 1164 2875 living
1187 2836 1226 2866 in
1254 2843 1335 2874 1535
1357 2835 1431 2873 (Al.
1449 2834 1488 2865 Ε.
1507 2835 1546 2866 11.
1567 2835 1643 2875 140)
1659 2834 1744 2873 and,

156 2878 344 2918 according
369 2880 406 2909 to
430 2879 513 2919 GC„
540 2880 579 2910 in
609 2889 704 2918 1551.
754 2879 825 2910 His
849 2879 1022 2910 relations
1048 2879 1139 2910 with
1166 2879 1334 2910 Erasmus
1361 2887 1444 2908 over
1468 2877 1543 2908 this
1568 2877 1745 2917 Oourtray

199 2979 252 3002 20.
279 2966 437 3008 cesarii]
454 2968 507 2999 Cf.
525 2967 588 3007 Ep.
608 2977 683 3006 374.
1033 2968 1085 3006 36.
1120 2967 1372 3008 philosophus]
1419 2967 1664 3007 Democritus;
1702 2966 1744 2998 cf.

200 3022 252 3052 35.
279 3010 483 3052 agnoscere]
508 3011 560 3042 Cf.
577 3011 641 3051 Ep.
660 3012 734 3049 428.
754 3011 874 3050 59-61.
991 3010 1090 3050 Diog.
1116 3011 1232 3042 Laert.
1256 3022 1286 3051 9.
1314 3021 1342 3049 7.
1367 3020 1397 3050 5.
