2010 3417
96 157 192 211 42‘2]
526 158 677 199 FROM
715 158 980 198 WILLIAM
1019 159 1246 199 BRIELIS
1599 159 1677 198 257

95 268 276 318 Erasme,
300 282 416 309 meae
447 269 617 319 inquam
647 268 826 316 deliciae,
848 281 965 307 meus
992 268 1170 317 animus,
1191 281 1282 307 mea
1310 267 1511 319 voluptas.
1573 269 1680 308 Vide
1700 281 1737 312 ²5

93 336 297 384 quantum
316 334 423 373 mihi
443 334 601 383 debeas,
624 333 695 384 qui
714 333 836 372 toties
848 333 893 372 in
912 334 988 372 hac
1002 333 1124 372 nobis
1143 333 1316 384 epistola
1334 334 1379 373 in
1399 347 1468 373 ore
1479 333 1653 375 versaris
1669 349 1678 383 ;

94 412 144 438 ex
163 399 417 438 abundantia
444 399 557 437 enim
577 398 710 437 cordis
732 412 777 437 os
796 398 1005 449 loquitur:
1022 400 1136 437 πάλιν
1155 401 1273 450 χαῖρε.

148 464 425 515 Praepropere
446 478 496 503 ex
515 464 690 503 oratoria
709 466 850 503 nostra
864 464 1014 502 cellula
1033 465 1109 503 xii0
1130 464 1214 504 Cal.
1237 463 1377 503 Iulias.

568 617 666 658 423.
729 616 859 658 FROM
890 616 1016 658 JOHN
1046 615 1208 658 COLET.

144 719 331 754 Deventer
349 716 426 752 MS.
445 726 500 761 91,
520 715 558 752 f.
582 726 648 760 123
667 715 742 750 and
761 716 789 749 B
809 716 853 750 f0.
870 716 922 761 g⁴.
1374 716 1551 761 Stepney.

142 776 195 812 0².
215 788 247 821 p.
270 785 364 820 249:
392 775 431 809 F.
445 787 480 820 p.
496 785 559 820 90:
587 773 679 809 HN:
708 774 821 809 Lond.
835 773 873 808 ii.
892 784 954 808 12:
981 773 1053 808 LB.
1067 773 1165 819 App.
1184 776 1240 817 84.
1297 784 1342 808 20
1358 774 1458 810 June
1480 774 1631 821 (1516).

140 857 228 898 [The
251 856 473 895 manuscript
494 854 532 885 of
552 854 627 885 this
649 854 754 885 letter
775 853 861 893 only
876 863 955 893 goes
975 863 1013 884 as
1029 853 1084 884 far
1106 863 1143 884 as
1166 856 1275 884 studia
1295 858 1351 885 tua
1372 853 1409 893 (1.
1436 854 1481 893 7),
1500 855 1537 884 at
1555 854 1674 885 which

93 901 197 941 point
212 899 274 931 the
291 899 427 939 copyist
443 896 646 929 discovered
661 897 720 928 his
735 906 833 928 error
848 897 919 928 and
935 896 1051 928 added
1069 897 1107 927 in
1130 897 1193 927 the
1215 897 1355 937 margin
1376 899 1383 914 ‘
1397 899 1568 938 impressa
1584 899 1655 928 est’
1671 909 1677 933 ;

94 943 257 983 showing
273 943 423 981 thereby
437 942 518 973 that
541 941 588 972 he
606 951 679 972 was
695 941 847 981 copying
868 940 958 971 from
981 941 1043 971 the
1066 940 1218 980 original
1234 940 1441 981 autograph.
1488 941 1594 971 From
1613 940 1636 972 l.
1660 950 1676 978 7

94 987 272 1026 onwards,
291 987 480 1025 therefore,
499 985 529 1016 B
545 985 704 1016 becomes
719 985 781 1015 the
798 985 913 1024 prime
929 984 1122 1024 authority.

135 1031 210 1062 The
236 1030 317 1061 date
345 1029 383 1060 of
406 1029 469 1060 the
496 1029 604 1059 letter
628 1038 701 1059 was
727 1028 1019 1067 misinterpreted
1046 1029 1093 1067 by
1117 1027 1269 1069 Leclerc,
1296 1027 1376 1059 who
1404 1027 1560 1059 referred
1587 1029 1615 1059 it
1642 1029 1677 1059 to

94 1074 156 1106 the
175 1074 390 1106 translation
411 1073 450 1104 of
466 1072 563 1112 King
584 1071 738 1103 Edward
760 1071 822 1102 the
844 1071 1030 1102 Confessor
1054 1081 1100 1102 on
1119 1081 1157 1110 13
1174 1071 1249 1102 Oct.
1296 1071 1369 1102 But
1389 1071 1465 1102 this
1486 1072 1516 1102 is
1538 1071 1678 1111 plainly

94 1127 141 1150 an
174 1127 314 1149 answer
342 1119 378 1148 to
409 1127 428 1147 a
457 1116 565 1147 letter
595 1117 676 1146 sent
704 1115 794 1146 with
822 1115 908 1155 Epp.
936 1124 1063 1154 412-17
1091 1115 1138 1154 by
1162 1115 1266 1146 Peter
1296 1115 1460 1155 Meghen,
1486 1115 1558 1146 and
1583 1117 1677 1146 must

93 1161 282 1199 therefore,
301 1170 338 1192 as
360 1161 419 1191 Dr.
442 1159 617 1191 Seebohm
639 1161 807 1198 suggests,
828 1159 870 1189 be
895 1158 1001 1189 dated
1021 1169 1064 1189 20
1078 1158 1183 1198 June,
1202 1158 1266 1189 the
1284 1158 1500 1189 translation
1524 1159 1562 1190 of
1582 1159 1678 1198 King

94 1205 247 1236 Edward
265 1204 326 1235 the
344 1204 480 1244 Mai-tyr
496 1203 633 1244 <†978).
679 1202 754 1233 The
775 1202 856 1233 date
874 1201 911 1232 of
925 1202 954 1232 B
972 1202 1063 1243 (Oct.
1086 1203 1183 1241 1516)
1201 1202 1275 1233 also
1297 1201 1482 1242 precludes
1503 1202 1565 1233 the
1587 1202 1678 1233 later

93 1247 399 1289 interpretation]

492 1345 551 1376 10.
576 1344 771 1375 COLETVS
803 1344 982 1374 ERASMO
1012 1344 1082 1374 Ro.
1111 1344 1144 1374 S.
1171 1345 1206 1374 P.
1236 1345 1277 1374 D.

149 1429 241 1467 NON
261 1427 378 1466 facile
398 1426 631 1473 credideris,
654 1426 840 1474 Erasme,
856 1428 1006 1476 quanta
1025 1439 1093 1464 me
1114 1426 1250 1464 leticia
1269 1425 1406 1464 affecit
1418 1425 1590 1475 epistola
1608 1427 1679 1463 tua

94 1506 218 1544 quam
248 1491 370 1531 modo
403 1491 454 1530 ad
484 1505 551 1530 me
579 1492 721 1530 attulit
748 1492 951 1530 vnoculus
980 1494 1130 1530 noster.
1192 1491 1301 1529 Nam
1332 1503 1382 1528 ex
1415 1504 1461 1529 ea
1493 1490 1677 1528 intellexi

92 1559 265 1598 vbinam
294 1558 477 1596 locorum
503 1570 558 1605 es,
580 1557 688 1606 quod
714 1560 811 1594 ante
838 1556 1107 1607 ignorabam3
1137 1569 1186 1594 ex
1212 1557 1353 1595 eadem
1380 1555 1504 1594 etiam
1526 1555 1680 1594 videris

92 1623 200 1662 mihi
229 1635 468 1661 reuersurus
497 1622 547 1660 ad
576 1635 661 1669 nos,
690 1622 798 1672 quod
827 1623 903 1660 erit
932 1622 1038 1660 mihi
1068 1623 1108 1660 et
1136 1621 1292 1669 amicis,
1326 1633 1428 1670 quos
1455 1620 1583 1659 habes
1610 1621 1678 1658 hic

95 1702 220 1739 quam
251 1687 464 1737 plurimos,
499 1686 792 1737 gratissimum.
854 1687 971 1735 Quod
1005 1686 1150 1725 scribis
1182 1687 1230 1724 de
1266 1686 1384 1724 Nouo
1417 1686 1678 1724 Testamento
1697 1694 1714 1724 5

93 1753 293 1802 intelligo.
353 1752 407 1790 Et
427 1751 525 1789 libri
544 1764 673 1790 nouae
694 1752 910 1790 aeditionis
928 1754 998 1789 tue
1017 1751 1082 1789 hic
1104 1751 1224 1789 auide
1250 1751 1446 1789 emuntur
1466 1751 1506 1788 et
1524 1750 1678 1799 passim

94 1819 299 1869 leguntur,
324 1817 470 1855 multis
496 1816 768 1867 probantibus
793 1818 834 1854 et
859 1815 1162 1855 admirantibus
1180 1815 1315 1854 studia
1336 1816 1433 1862 tua.;
1462 1814 1677 1853 nonnullis

95 1884 220 1923 etiam
238 1873 568 1932 improbantibus
588 1883 628 1919 et
649 1881 914 1930 carpentibus
934 1882 974 1919 et
994 1894 1041 1919 ea
1061 1880 1294 1919 dicentibus
1320 1893 1423 1929 quae
1442 1880 1486 1917 in
1507 1879 1679 1930 epistola

95 1948 266 1988 Martini
291 1947 436 1997 Dorpii
463 1946 514 1985 ad
539 1949 580 1985 te
605 1946 755 1995 scripta
782 1946 1059 1985 continentur.
1119 1947 1198 1986 Sed
1227 1945 1258 1983 ii
1285 1947 1383 1984 sunt
1410 1944 1590 1994 theologi
1617 1943 1679 1983 illi

95 2027 198 2066 quos
231 2015 276 2052 tu
310 2013 354 2050 in
388 2012 518 2050 Moria
550 2013 621 2050 tua
652 2013 693 2050 et
725 2011 816 2050 aliis
849 2012 950 2050 locis
982 2025 1066 2050 non
1099 2013 1240 2050 minus
1272 2023 1365 2050 vere
1400 2023 1522 2060 quam
1552 2009 1680 2048 facete
1701 2019 1735 2041 [ο

95 2078 315 2126 describis3
358 2090 381 2116 a
410 2076 560 2126 quibus
590 2076 750 2116 laudari
778 2077 1030 2127 vituperium
1060 2078 1122 2115 est
1153 2079 1192 2115 et
1224 2076 1451 2126 vituperari
1479 2075 1571 2113 laus
1601 2077 1675 2114 est.

95 2145 182 2196 Ego
209 2157 306 2183 vero
334 2143 393 2181 ita
422 2155 514 2181 amo
544 2143 616 2181 tua
635 2142 773 2181 studia
801 2144 842 2180 et
870 2142 991 2180 istam
1020 2144 1135 2181 tuam
1164 2155 1317 2181 nouam
1344 2141 1593 2179 aeditionem
1621 2140 1679 2178 ita

95 2209 328 2260 amplector,
359 2210 406 2247 vt
433 2208 479 2246 in
509 2207 650 2246 eadem
680 2208 791 2246 varie
821 2207 982 2246 afficiar.
1043 2207 1151 2246 Nam
1185 2220 1295 2245 nunc
1327 2206 1444 2244 dolor
1471 2219 1537 2244 me
1567 2207 1679 2244 tenet

95 2274 203 2326 quod
237 2287 321 2312 non
355 2272 571 2311 didicerim
602 2273 806 2311 Graecum
838 2285 1082 2320 sermonem,
1116 2272 1205 2311 sine
1239 2272 1356 2310 cuius
1393 2270 1540 2321 peritia
1572 2270 1678 2309 nihil

96 2352 266 2387 sumus;
308 2351 418 2377 nuno
449 2338 649 2389 gaudeam
682 2338 727 2376 in
760 2337 839 2376 ista
870 2337 959 2376 luce
993 2351 1119 2388 quam
1150 2340 1196 2376 tu
1230 2351 1278 2376 ex
1313 2336 1398 2375 sole
1430 2336 1494 2374 tui
1525 2335 1679 2385 ingenii
1699 2344 1734 2375 15

96 2404 282 2444 emisisti.
344 2403 541 2451 Profecto,
576 2403 757 2450 Erasme,
790 2403 920 2441 miror
947 2403 1271 2441 foecunditatem
1298 2400 1474 2451 pectoris
1506 2400 1578 2447 tui,
1610 2399 1680 2449 qui

97 2470 160 2508 tot
179 2467 360 2517 concipis
379 2470 419 2505 et
439 2470 557 2506 tanta
582 2468 773 2518 parturis,
795 2470 836 2506 et
859 2470 947 2506 tam
973 2468 1152 2518 perfecta
1170 2468 1278 2517 paris
1299 2466 1472 2512 cotidie;
1501 2463 1679 2502 maxime

96 2533 213 2573 nullo
260 2533 347 2571 loco
393 2532 564 2580 stabilis,
609 2533 736 2571 nullis
782 2532 902 2572 certis
948 2534 987 2570 et
1033 2532 1196 2582 magnis
1242 2529 1456 2580 stipendiis
1500 2529 1678 2567 adiutus.

98 2598 404 2647 Hieronymum
436 2599 558 2635 tuum
592 2599 878 2647 expectamus3
921 2596 991 2646 qui
1023 2596 1205 2634 multum
1243 2594 1322 2633 tibi
1360 2593 1489 2641 debet,
1526 2595 1565 2631 et
1603 2605 1679 2630 nos

98 2675 257 2713 quoque
277 2660 349 2711 qui
370 2674 444 2710 per
470 2665 512 2699 te
537 2661 722 2711 legemus
740 2674 837 2699 eum
862 2673 972 2699 nunc
998 2661 1038 2698 et
1064 2659 1331 2698 emendatum
1351 2660 1392 2696 et
1411 2657 1674 2696 illustratum.
1697 2669 1735 2690 20

97 2728 222 2766 Recte
242 2726 378 2765 fecisti
403 2725 585 2764 scribens
614 2726 676 2764 De
706 2725 966 2764 institutione
991 2724 1190 2774 principis
1210 2722 1449 2762 Christiani.
1505 2721 1679 2760 Vtinam

186 2825 260 2856 423.
284 2835 313 2862 4.
341 2823 399 2854 hic
413 2826 486 2854 add.
506 2826 547 2854 H.
724 2832 755 2862 5.
781 2832 873 2853 noua
889 2824 957 2853 MS.
974 2833 980 2854 :
1006 2832 1079 2853 corr.
1097 2823 1159 2852 ΕΒ.
1328 2831 1358 2860 9.
1383 2820 1410 2850 ii
1423 2821 1468 2851 B:
1494 2820 1534 2850 hi
1549 2821 1589 2850 N.

142 2925 215 2956 422.
245 2935 295 2963 27.
335 2934 377 2955 ex
406 2922 642 2964 abundantia]
671 2922 771 2954 Mart.
804 2931 851 2952 12.
969 2931 1018 2959 14.
1051 2920 1224 2951 Graecum
1253 2918 1468 2959 sermonem]
1502 2918 1553 2949 Cf.
1583 2919 1671 2959 Epp.

99 2979 152 3008 34,
171 2968 267 2999 Luke
283 2968 315 2999 6.
332 2978 384 3007 45.
923 2965 996 3003 468.
1017 2974 1064 3003 12,
1083 2974 1156 3002 471.
1177 2973 1216 3003 27
1235 2963 1306 2993 and
1322 2962 1451 2993 introd.

144 3012 216 3043 423.
241 3022 270 3051 9.
295 3009 436 3051 Dorpii]
463 3011 526 3051 Ep.
545 3020 618 3049 304.
970 3017 1017 3047 15.
1037 3007 1125 3048 sole]
1152 3006 1202 3038 Cf.
1223 3007 1309 3047 Epp.
1322 3015 1394 3046 337.
1416 3015 1466 3046 11,
1483 3015 1556 3045 344.
1577 3015 1624 3046 12,
1644 3015 1674 3044 3.

166 3077 271 3097 ALLEN
290 3076 317 3095 11
875 3076 894 3102 S
