2010 3417
293 156 347 194 80
757 154 1007 194 LETTERS
1044 153 1113 191 OF
1151 152 1417 192 ERASMUS
1757 150 1794 204 [1
1804 162 1825 200 5
1836 164 1849 188 1
1859 160 1880 198 5

292 263 626 314 magnitudinem
657 265 782 310 tuam,
814 275 894 312 qua
923 273 1092 310 superas
1119 262 1160 298 et
1189 261 1404 308 maximos,
1435 273 1522 299 non
1549 260 1687 299 solum
1720 261 1885 311 publica

293 330 422 368 totius
455 328 565 367 orbis
598 340 697 365 voce
727 326 959 376 praedicata
991 337 1139 364 verum
1169 325 1295 363 etiam
1329 325 1428 375 ipsa,
1456 325 1564 375 quod
1598 324 1724 372 aiunt,
1747 326 1884 364 fronte

238 408 276 430 10
291 396 457 443 totoque
495 392 676 442 corporis
714 391 861 429 habitu
898 390 1095 438 relucens,
1143 389 1248 428 mihi
1286 403 1393 437 vero,
1434 403 1530 428 cum
1576 390 1678 428 olim
1723 403 1883 440 agerem

292 460 457 506 Romae,
480 456 707 496 domestico
726 456 852 494 etiam
879 468 1100 506 congressu
1129 455 1354 505 degustata,
1379 456 1548 493 tantum
1574 454 1689 493 addit
1713 455 1884 494 fiduciae

291 526 338 562 vt
365 536 440 561 nec
469 522 567 572 ipse,
591 521 756 560 infimae
783 534 887 571 pene
916 521 1038 560 sortis
1066 520 1299 568 homuntio,
1326 519 1552 559 dubitarim
1583 519 1883 560 sublimitatem

290 591 407 627 tuam
436 587 542 625 meis
569 586 832 636 interpellare
860 586 1023 624 litteris.
1085 586 1225 636 Atque
1243 585 1407 624 vtinam
1436 585 1559 624 liceat
1577 599 1673 624 vere
1701 584 1884 624 beatissi-

292 653 373 691 mis
404 652 496 691 istis
529 652 773 691 aduolutum
814 651 988 701 pedibus
1026 651 1164 690 oscula
1201 651 1336 701 figere.
1394 650 1526 690 Video
1561 650 1725 700 passim,
1763 651 1884 690 audio

239 733 272 764 ¹5
290 719 457 769 passim,
494 730 737 768 quacunque
776 719 889 767 patet
924 717 1033 755 orbis
1062 716 1336 762 Christianus,
1364 728 1551 755 summos
1583 715 1736 766 pariter
1763 718 1886 766 atque

290 784 460 822 infimos
487 782 566 821 sibi
595 782 644 820 de
673 782 749 820 tali
778 782 961 832 principe
992 781 1201 831 gratulari.
1262 781 1378 830 Quod
1414 780 1582 831 quidem
1616 793 1710 819 cum
1740 793 1884 818 omnes

291 847 559 887 meritissimo
588 847 754 895 faciant,
777 846 915 885 nullos
943 848 1083 885 tamen
1109 859 1235 896 aeque
1259 847 1302 886 id
1326 846 1456 885 facere
1478 859 1551 896 par
1579 848 1642 884 est
1670 847 1793 896 atque
1817 859 1885 884 eos

291 913 361 964 qui
373 926 490 952 verae
509 912 675 963 pietatis
694 913 734 950 et
755 912 1008 962 optimarum
1027 912 1263 950 litterarum
1283 911 1420 950 studio
1440 911 1672 958 ducuntur;
1701 911 1885 961 primum

293 979 401 1028 quod
422 977 575 1016 nobilis
594 977 666 1015 illa
684 979 726 1015 et
749 977 932 1015 nominis
958 976 1272 1015 immortalitate
1298 988 1460 1026 semper
1479 977 1640 1014 victura
1661 975 1884 1015 Medicium

235 1060 275 1082 πο
291 1043 463 1092 familia,
496 1042 561 1081 cui
585 1042 766 1081 Leonem
794 1042 914 1080 debet
945 1041 1066 1088 orbis,
1099 1053 1261 1091 semper
1289 1040 1582 1079 excellentium
1611 1041 1813 1090 probitate
1840 1055 1885 1080 ac

292 1108 445 1147 litteris
463 1108 651 1147 virorum
677 1108 719 1144 et
743 1106 867 1145 altrix
892 1105 1017 1144 fuerit
1042 1108 1083 1144 et
1112 1106 1306 1145 ornatrix.
1368 1106 1430 1144 Ex
1458 1119 1538 1155 qua
1564 1106 1683 1144 nobis
1705 1105 1816 1145 velut
1837 1120 1886 1144 ex

293 1186 398 1222 equo
427 1172 605 1211 Troiano
635 1174 698 1210 tot
727 1171 868 1210 eximii
898 1171 942 1209 in
971 1171 1086 1209 omni
1115 1171 1325 1212 doctrinae
1354 1184 1503 1221 genere
1532 1183 1720 1221 proceres
1748 1170 1887 1220 paucis

292 1238 374 1276 iam
401 1238 523 1277 annis
552 1238 785 1285 exilierunt,
817 1239 880 1275 tot
909 1237 1134 1284 Cicerones,
1167 1238 1229 1275 tot
1257 1237 1458 1285 Marones,
1491 1238 1552 1275 tot
1581 1236 1788 1285 Platones,
1824 1238 1886 1275 tot

293 1303 553 1353 Hieronymi,
577 1304 623 1341 vt
653 1302 720 1341 vel
748 1303 825 1341 hoc
854 1315 985 1340 vnum
1014 1315 1138 1341 omen
1167 1303 1375 1342 studiosos
1408 1303 1568 1342 omneis
1600 1315 1808 1340 summam
1841 1302 1886 1340 in

237 1384 274 1416 ²5
292 1382 408 1418 spem
428 1369 573 1407 debeat
593 1368 755 1418 erigere,
780 1367 1003 1406 numinum
1032 1367 1293 1417 prouidentia
1317 1367 1498 1406 Leonem
1519 1367 1607 1406 orbi
1627 1367 1784 1414 datum,
1807 1367 1885 1405 sub

294 1447 374 1484 quo
392 1433 620 1484 praeclarae
638 1433 826 1479 virtutes,
849 1432 927 1471 sub
947 1446 1028 1482 quo
1047 1432 1177 1471 bonae
1196 1435 1305 1471 artes
1325 1446 1468 1472 omnes
1487 1433 1759 1471 reflorescant.

349 1499 440 1538 Iam
459 1512 558 1538 vero
577 1499 628 1537 ab
649 1499 729 1537 isto
748 1500 820 1537 tuo
840 1511 987 1548 genere
1007 1498 1107 1536 adeo
1134 1511 1219 1536 non
1243 1499 1476 1549 degeneras,
1499 1500 1545 1537 vt
1566 1498 1713 1536 domus
1731 1497 1885 1548 alioqui

294 1564 432 1603 multo
452 1564 641 1603 omnium
662 1563 968 1602 laudatissimae
988 1563 1161 1612 gloriam
1181 1563 1264 1602 tuis
1283 1564 1489 1614 superaris
1508 1563 1742 1609 virtutibus,
1762 1565 1886 1611 atque

294 1630 372 1668 hoc
404 1629 494 1679 ipso
526 1628 754 1667 reddideris
782 1628 1066 1677 illustriorem,
1099 1628 1207 1678 quod
1235 1628 1352 1667 illius
1379 1629 1515 1667 lucem
1546 1629 1885 1667 ornamentorum

235 1710 276 1741 30
293 1696 462 1732 tuorum
481 1693 696 1743 splendore
725 1693 1031 1743 quodammodo
1061 1693 1302 1732 obscuraris.
1364 1694 1576 1732 Nimirum
1604 1694 1654 1732 ad
1684 1693 1884 1743 optimam

293 1759 477 1797 indolem
510 1758 668 1808 optima
699 1758 869 1796 accessit
902 1758 1121 1806 institutio,
1153 1761 1194 1797 et
1228 1758 1469 1798 felicissimo
1505 1758 1664 1808 ingenii
1701 1758 1763 1796 tui
1800 1757 1887 1796 solo

293 1824 415 1873 longe
441 1823 696 1862 bellissimus
722 1822 873 1873 obtigit
900 1823 1043 1871 cultor,
1076 1823 1350 1874 politissimus
1378 1823 1448 1862 ille
1472 1823 1731 1869 Politianus;
1770 1823 1888 1861 cuius

295 1902 414 1940 opera
445 1902 530 1927 non
561 1887 739 1938 spinosis
771 1888 863 1927 istis
896 1901 941 1926 ac
973 1888 1122 1927 rixosis
1153 1888 1314 1937 litteris,
1335 1889 1406 1927 sed
1431 1889 1542 1928 veris
1573 1888 1659 1927 illis
1691 1901 1766 1927 nec
1799 1888 1888 1927 sine

295 1966 415 1992 causa
433 1953 555 1992 bonis
574 1952 791 2002 appellatis
810 1965 856 1990 ac
876 1952 1228 1992 mansuetioribus
1246 1955 1292 1992 vt
1306 1955 1452 1993 vocant
1472 1953 1604 1992 Musis
1623 1966 1667 1992 es
1686 1953 1884 2001 initiatus,

237 2035 275 2067 35
295 2031 397 2068 quae
416 2018 550 2056 ferum
571 2018 695 2057 etiam
715 2018 930 2067 ingenium
951 2017 1053 2056 mite
1079 2018 1370 2068 placidumque
1388 2019 1523 2058 solent
1543 2018 1724 2065 efficere3
1753 2031 1886 2068 neque

296 2096 391 2121 vero
429 2082 618 2120 initiatus
655 2084 831 2130 tantum,
872 2082 1145 2121 verumetiam
1183 2083 1408 2122 absolutus.
1497 2083 1644 2132 Itaque
1681 2083 1785 2121 duae
1822 2096 1886 2120 res

296 2160 398 2197 quas
428 2147 471 2185 in
502 2147 687 2197 principe
717 2147 898 2186 ciuitatis
932 2147 1105 2196 requirit
1135 2147 1265 2196 Plato,
1304 2151 1476 2186 naturae
1506 2148 1672 2186 bonitas
1704 2150 1745 2186 et
1778 2149 1886 2186 recta

295 2212 492 2260 educatio,
516 2212 574 2250 sic
601 2212 721 2250 nobis
749 2214 941 2250 constant
968 2213 1012 2249 in
1038 2212 1168 2250 totius
1193 2213 1303 2251 orbis
1328 2213 1534 2262 Principe,
1559 2214 1604 2251 vt
1632 2212 1813 2262 amplius
1833 2226 1885 2250 ne

295 2277 405 2316 votis
433 2277 600 2328 quidem
631 2277 788 2327 concipi
817 2277 959 2326 possit.
1017 2277 1159 2326 Neque
1178 2291 1274 2316 vero
1305 2278 1438 2316 defuit
1462 2278 1573 2316 hisce
1602 2280 1688 2316 tam
1713 2278 1886 2327 egregiis

338 2359 370 2388 8.
397 2358 648 2398 magnitudine
664 2369 693 2389 α.
786 2369 819 2397 9.
844 2358 954 2389 totius
970 2360 1042 2388 add.
1059 2361 1100 2389 A.
1197 2368 1246 2389 10.
1270 2359 1347 2389 toto
1363 2370 1394 2389 α.
1492 2368 1632 2398 agerem
1651 2361 1700 2390 A:
1725 2368 1838 2389 essem
1854 2370 1882 2390 α.

299 2411 347 2432 11.
371 2402 482 2433 etiam
505 2405 578 2433 add.
603 2405 646 2434 A.
739 2411 788 2433 12.
814 2402 1016 2433 dubitarem
1033 2413 1062 2431 α.
1157 2412 1206 2440 13.
1230 2412 1311 2433 vere
1325 2405 1400 2433 add.
1418 2404 1460 2433 A.
1554 2412 1602 2440 14.
1629 2402 1736 2433 audio
1753 2402 1883 2442 passim

295 2447 367 2476 add.
384 2447 426 2476 A.
542 2446 591 2476 16.
618 2445 781 2485 principe
798 2447 827 2475 A
844 2456 850 2476 :
874 2445 1045 2485 pontifice
1061 2457 1091 2475 α.
1200 2456 1248 2485 17.
1274 2447 1396 2476 tamen
1412 2449 1481 2482 post
1502 2445 1616 2476 facere
1637 2457 1666 2476 α.
1777 2455 1825 2484 19.
1849 2448 1883 2476 et

298 2488 457 2520 nominis
471 2511 478 2519 .
492 2512 499 2519 .
513 2513 521 2520 .
536 2489 677 2519 victura
693 2491 765 2519 add.
784 2491 825 2519 A.
917 2498 968 2520 21.
995 2491 1030 2519 et
1047 2491 1119 2518 add.
1136 2491 1177 2519 A.
1236 2490 1272 2519 et
1288 2489 1450 2520 ornatrix
1467 2491 1539 2519 add.
1559 2491 1602 2521 A.
1693 2488 1794 2520 nobis
1809 2491 1880 2519 add.

296 2535 337 2563 A.
450 2541 502 2562 22.
531 2534 585 2563 tot
600 2533 751 2563 eximii.
773 2555 782 2564 .
798 2556 806 2563 .
825 2541 876 2570 23.
909 2532 1103 2563 exilierunt
1126 2535 1198 2563 add.
1226 2535 1267 2563 A.
1391 2542 1441 2571 23.
1476 2534 1529 2563 tot
1554 2532 1716 2563 Marones
1739 2535 1810 2563 add.
1839 2535 1880 2563 A.

297 2585 348 2614 24.
375 2576 477 2607 nobis
492 2576 704 2615 prodierunt
720 2586 739 2604 α
751 2579 820 2613 post
834 2576 1060 2615 Hieronymi.
1195 2575 1261 2606 hoc
1276 2585 1389 2606 vnum
1407 2585 1512 2607 omen
1530 2579 1559 2607 A
1577 2587 1585 2605 ε
1614 2576 1680 2607 hec
1695 2585 1765 2606 vna
1782 2585 1837 2606 res
1853 2587 1881 2607 α.

297 2628 350 2658 25.
385 2620 576 2650 numinum
601 2644 608 2650 .
634 2643 641 2650 .
670 2643 677 2650 .
702 2620 753 2650 26.
781 2619 1009 2650 reflorescant
1032 2621 1104 2650 add.
1123 2621 1165 2651 A.
1279 2629 1330 2657 27.
1355 2619 1397 2649 ab
1414 2620 1482 2650 isto
1500 2621 1528 2649 A
1548 2630 1555 2649 ε
1582 2629 1601 2650 a
1616 2631 1646 2650 α.
1750 2619 1883 2658 alioqui

297 2662 412 2693 multo
429 2665 503 2693 add.
520 2665 560 2693 A.
664 2663 716 2693 28.
740 2664 846 2701 atque
864 2662 930 2693 hoc
947 2685 954 2691 .
975 2686 981 2693 .
1005 2687 1010 2692 .
1028 2672 1079 2701 30.
1104 2663 1300 2694 obscuraris
1315 2665 1387 2694 add.
1408 2666 1449 2694 A.
1554 2672 1604 2701 32.
1631 2663 1734 2703 longe
1749 2665 1821 2694 add.
1839 2665 1879 2693 A.
1940 2662 1943 2663 ⁷

297 2706 532 2746 politissimus
548 2705 610 2736 ille
626 2708 656 2736 A
673 2717 679 2736 ε
704 2706 864 2745 Angelus
880 2717 911 2737 α.
1013 2715 1066 2745 33.
1091 2716 1156 2737 nec
1174 2729 1181 2736 .
1200 2730 1206 2736 .
1224 2730 1231 2736 .
1250 2716 1302 2745 34.
1327 2706 1518 2746 appellatis
1534 2709 1607 2737 add.
1626 2709 1667 2737 A.
1766 2715 1820 2744 34.
1844 2708 1882 2736 vt

298 2750 426 2780 vocant
449 2752 521 2781 add.
545 2753 585 2780 A.
721 2759 774 2788 35.
799 2758 915 2789 neque
931 2759 1013 2779 vero
1029 2752 1058 2780 A
1075 2761 1082 2780 z
1107 2759 1172 2780 nec
1186 2761 1215 2779 α.
1348 2750 1399 2789 38.
1428 2750 1523 2780 orbis
1541 2752 1603 2780 Aa
1621 2760 1628 2780 :
1650 2749 1815 2781 ecclesiae
1838 2751 1879 2778 H.

300 2801 343 2821 ne
361 2795 390 2822 A
406 2804 412 2823 :
437 2802 502 2823 nec
517 2804 547 2824 α.
638 2802 689 2832 39.
714 2793 852 2832 concipi
870 2795 898 2823 A
919 2804 926 2823 :
950 2794 1064 2832 optari
1081 2805 1110 2824 α.

346 2871 391 2892 11.
406 2864 601 2894 domestico
670 2863 871 2903 congressu]
886 2863 959 2894 The
972 2864 1056 2903 only
1125 2863 1229 2894 when
1249 2873 1287 2895 as
1310 2863 1478 2895 Cardinal
1495 2863 1592 2894 John
1608 2863 1665 2894 dei
1682 2861 1810 2893 Medici
1836 2862 1881 2892 he

297 2904 467 2935 evidence
479 2906 533 2937 for
543 2907 617 2938 this
627 2907 867 2945 intercourse3
891 2907 1055 2946 repeated
1125 2907 1257 2938 visited
1280 2908 1329 2939 St.
1347 2907 1453 2938 Omer
1470 2917 1516 2938 on
1539 2907 1598 2937 his
1613 2905 1746 2937 travels
1762 2905 1877 2936 which

301 2949 341 2978 in
364 2948 426 2987 Ep.
453 2958 526 2988 339.
562 2960 610 2989 13.
656 2950 729 2981 The
754 2951 903 2981 absence
927 2951 966 2981 of
985 2960 1056 2990 any
1123 2950 1240 2981 ended
1267 2951 1307 2982 in
1336 2960 1418 2990 1500
1449 2950 1507 2990 (cf.
1533 2951 1596 2990 Ep.
1625 2949 1712 2988 162),
1740 2948 1882 2988 implies

298 2991 475 3022 reference
513 2993 549 3022 to
596 2994 805 3024 association
844 2994 935 3024 with
974 2994 1052 3033 Leo,
1123 2994 1203 3025 that
1220 2994 1388 3025 Erasmus
1404 2994 1467 3024 did
1483 2994 1546 3024 not
1563 3002 1618 3023 see
1634 2992 1712 3022 him
1729 2991 1828 3023 then.
