2010 3417
320 152 372 191 70
787 149 1034 190 LETTERS
1073 149 1143 187 OF
1179 147 1443 187 ERASMUS
1781 146 1819 200 [1
1830 157 1850 196 5
1861 160 1874 184 1
1884 156 1906 194 5

319 261 459 300 dinem
497 262 588 298 tum
621 259 751 310 gratia
783 261 875 296 tum
913 257 1127 295 autoritas.
1197 256 1303 294 Nam
1343 257 1466 305 regiis
1495 256 1605 295 curis
1634 256 1691 295 sic
1719 257 1834 296 adest
1864 259 1908 295 vt

318 324 499 364 maxima
537 336 631 373 pars
668 322 930 372 publicorum
963 320 1227 370 negociorum
1266 320 1310 358 in
1341 320 1466 359 huius
1495 320 1669 359 inclinet
1698 321 1904 360 humeros.

261 399 297 430 ²5
322 390 450 427 Porro
478 387 850 426 reuerendissimus
869 385 1216 435 Archiepiscopus
1238 384 1561 433 Cantuariensis,
1583 385 1714 424 totius
1732 385 1912 435 Angliae

316 454 481 504 primas,
518 453 561 491 in
591 466 672 502 quo
705 452 794 490 viro
826 463 1040 490 summum
1069 451 1131 488 est
1160 449 1352 500 quicquid
1380 451 1443 489 est
1472 450 1679 500 optimum
1712 449 1757 488 in
1790 450 1912 489 rebus

318 517 572 562 mortalium,
611 516 667 555 sic
704 517 901 566 perpetua
931 515 1106 566 quadam
1146 514 1401 565 benignitate
1429 515 1497 553 vel
1529 516 1576 554 vt
1601 514 1741 553 verius
1778 514 1911 553 dicam

319 583 470 632 piet-ate
490 595 565 621 nos
584 582 708 628 fouet,
730 583 882 628 tuetur,
902 582 1031 626 ornat,
1046 583 1093 620 vt
1114 580 1148 619 si
1167 580 1291 619 frater
1311 582 1415 619 esset
1435 581 1505 618 aut
1524 581 1652 629 pater,
1669 592 1753 618 non
1773 581 1912 629 posset

314 648 532 688 amantius.

258 722 299 753 30
371 714 426 752 Et
455 715 596 752 tamen
626 726 712 751 non
734 725 906 763 possum
936 724 1020 750 non
1049 710 1283 749 discrutiari
1308 711 1516 749 Romanae
1541 709 1654 748 vrbis
1683 709 1909 760 desyderio,

319 780 478 829 quoties
515 779 656 817 animo
693 779 872 816 recursat
913 789 1038 827 quam
1076 775 1321 824 libertatem,
1363 776 1471 825 quod
1519 775 1743 822 theatrum,
1786 788 1910 825 quam

318 846 462 892 lucem,
488 856 590 894 quas
613 842 978 890 deambulationes,
1001 853 1102 891 quas
1126 840 1403 888 bibliothecas,
1427 853 1549 889 quam
1576 840 1758 878 mellitas
1781 839 1914 878 erudi-

318 907 576 946 tissimorum
605 905 828 943 hominum
854 903 1217 951 confabulationes,
1239 904 1341 953 quot
1359 903 1443 941 mei
1461 902 1669 941 studiosos
1695 903 1806 941 orbis
1828 915 1915 952 pro-

318 985 429 1011 ceres
452 972 594 1010 relicta
617 971 748 1009 Roma
772 968 1023 1018 reliquerim.
1084 969 1224 1018 Atque
1246 968 1347 1006 adeo
1371 980 1673 1017 nonnunquam
1695 967 1783 1017 ipse
1807 967 1914 1005 mihi

258 1047 297 1078 35
318 1037 463 1088 quouis
482 1036 711 1075 infortunio
731 1035 882 1085 dignus
900 1034 1050 1081 videor,
1071 1034 1142 1083 qui
1161 1035 1202 1071 te
1221 1035 1387 1071 tantum
1407 1045 1452 1070 ac
1472 1032 1599 1070 talem
1621 1032 1912 1078 Moecenatem,

319 1103 378 1141 sic
397 1102 448 1140 de
475 1115 540 1140 me
564 1102 773 1149 meritum,
797 1099 855 1138 sic
874 1099 924 1137 ad
945 1098 1179 1137 ornandum
1203 1099 1245 1137 et
1263 1098 1524 1136 euehendum
1542 1110 1609 1135 me
1629 1097 1765 1136 modis
1785 1096 1915 1136 omni·

318 1168 396 1206 bus
434 1180 683 1217 propensum
717 1167 757 1203 et
792 1164 1035 1214 expositum,
1067 1176 1163 1202 cum
1195 1163 1342 1213 quauis
1371 1163 1539 1201 fortuna
1571 1162 1915 1201 commutandum

319 1232 520 1271 duxerim.
595 1231 674 1270 Sed
719 1230 818 1280 quid
861 1229 1037 1268 facerem
1053 1230 1073 1267 ‘?
1146 1229 1324 1268 Monteis
1366 1241 1521 1276 aureos,
1563 1227 1648 1266 imo
1692 1227 1914 1278 plusquam

318 1311 471 1345 aureos,
486 1296 571 1336 suis
589 1297 740 1336 litteris
755 1295 1057 1346 pollicebantur
1069 1294 1204 1333 amici.
1253 1294 1373 1333 Certa
1392 1293 1660 1344 promittebat
1681 1293 1916 1332 Gulielmus

258 1374 301 1405 40
319 1362 545 1401 Montioius
567 1364 609 1400 et
632 1362 799 1412 quidem
824 1360 1018 1410 ingentia,
1042 1373 1165 1410 eaque
1191 1372 1359 1397 rursum
1385 1372 1480 1397 cum
1501 1371 1666 1398 summo
1687 1358 1774 1397 ocio
1791 1360 1916 1397 vitae-

321 1442 400 1478 que
429 1427 619 1466 libertate
653 1426 885 1474 coniuncta,
919 1438 1044 1476 quam
1076 1438 1150 1474 ego
1183 1425 1241 1463 sic
1270 1424 1495 1474 amplector
1530 1425 1587 1469 vt,
1620 1424 1657 1461 si
1686 1423 1781 1473 quis
1807 1423 1914 1461 hanc

319 1494 485 1539 adimat,
519 1493 651 1532 vitam
690 1505 777 1530 esse
818 1504 903 1529 non
942 1492 1096 1540 putem.
1155 1490 1363 1528 Defuncto
1397 1489 1483 1539 regi
1517 1490 1765 1528 successerat
1792 1488 1917 1538 plane

320 1558 485 1597 diuinae
533 1557 745 1596 cuiusdam
788 1555 941 1594 indolis
980 1555 1145 1594 iuuenis
1185 1569 1259 1593 nec
1298 1554 1552 1604 ineleganter
1598 1553 1717 1592 bonis
1763 1553 1916 1591 litteris

320 1623 534 1671 initiatus3
563 1622 696 1661 nostri
719 1635 817 1661 vero
841 1621 939 1659 adeo
968 1621 1052 1659 iam
1080 1620 1215 1658 multo
1243 1621 1339 1658 ante
1367 1619 1579 1658 studiosus
1603 1621 1649 1657 vt
1676 1618 1796 1668 paulo
1821 1620 1918 1656 ante

259 1699 300 1730 45
320 1688 447 1738 patris
466 1688 637 1735 obitum,
661 1701 755 1725 cum
776 1687 821 1724 in
841 1686 967 1725 Italia
985 1686 1178 1733 viuerem,
1201 1685 1359 1724 litteras
1377 1685 1428 1724 ad
1449 1698 1514 1723 me
1535 1684 1693 1723 dederit
1712 1686 1752 1723 et
1771 1685 1917 1734 suopte

321 1754 452 1792 Marte
473 1753 659 1792 conditas
678 1754 718 1790 et
739 1751 917 1802 propriis
940 1752 1162 1801 descriptas
1185 1750 1366 1788 articulis
1393 1750 1463 1788 sed
1493 1749 1699 1788 eiusmodi
1717 1751 1763 1787 vt
1782 1748 1848 1787 vel
1867 1762 1915 1787 ex

320 1819 402 1858 hiis
422 1818 627 1869 singulare
648 1818 856 1868 quoddam
882 1819 923 1855 et
948 1830 1073 1867 regno
1103 1817 1276 1866 dignum
1296 1815 1513 1865 ingenium
1533 1815 1666 1865 possis
1685 1827 1914 1865 agnoscere.

322 1884 385 1922 Ex
413 1884 524 1922 hisce
552 1883 744 1922 videlicet
773 1882 896 1920 rebus
924 1883 1032 1920 totos
1062 1881 1206 1929 Midas,
1237 1880 1458 1930 plusquam
1488 1880 1684 1918 Pactolos
1711 1892 1757 1918 ac
1785 1879 1918 1929 'Pagos

321 1950 460 1987 animo
473 1962 746 1998 conceperam.
799 1947 1015 1986 Saeculum
1030 1947 1239 1996 quoddam
1253 1959 1346 1985 vere
1366 1959 1536 1984 aureum
1557 1947 1597 1983 et
1616 1944 1776 1983 insulas
1795 1944 1919 1983 fortu-

263 2025 305 2056 50
322 2015 439 2052 natas
460 2014 729 2061 somniabam,
751 2011 829 2064 κᾷτ’
846 2013 952 2063 ἔγωγ’
969 2011 1191 2062 ἐξηγρόμην,
1210 2012 1256 2049 vt
1270 2012 1407 2060 inquit
1423 2010 1736 2060 Aristophanes.
1786 2010 1919 2057 Quan-

321 2091 455 2128 quam,
479 2079 525 2115 vt
539 2091 634 2116 vere
650 2077 795 2125 dicam,
819 2090 904 2115 non
923 2078 1010 2114 tam
1029 2076 1136 2115 mihi
1156 2076 1285 2114 defuit
1305 2075 1470 2113 fortuna
1490 2088 1614 2124 quam
1630 2075 1716 2124 ipse
1730 2074 1919 2112 fortunae

323 2142 444 2191 defui,
480 2143 603 2180 homo
634 2142 692 2180 sic
727 2142 952 2180 abhorrens
982 2155 1005 2180 a
1036 2140 1329 2179 communibus
1358 2140 1549 2189 negociis,
1585 2138 1644 2177 sic
1674 2138 1835 2177 alienus
1867 2138 1918 2176 ab

323 2207 559 2254 ambitione,
590 2207 676 2245 imo
711 2207 810 2244 adeo
850 2219 998 2253 socors,
1042 2208 1089 2244 vt-
1130 2206 1252 2256 plane
1282 2204 1493 2243 Timothei
1522 2204 1687 2242 fortuna
1716 2204 1770 2242 sit
1802 2216 1916 2253 opusy

323 2285 423 2322 quae
443 2272 686 2310 dormientis
704 2271 862 2310 retibus
880 2271 1124 2309 felicitatem
1144 2270 1339 2319 implicet.

264 2350 304 2382 55
378 2336 525 2387 Itaque
556 2337 664 2374 nihil
693 2339 754 2374 est
785 2337 893 2386 quod
923 2336 1109 2374 incusem
1139 2335 1303 2382 amicos,
1328 2334 1479 2384 quibus
1506 2347 1588 2372 vna
1615 2347 1780 2372 mecum
1807 2334 1917 2372 blan-

324 2401 494 2440 dissima
522 2415 615 2452 spes
644 2403 870 2451 imposuit3
901 2401 1104 2451 siquidem
1134 2413 1228 2439 cum
1254 2399 1436 2450 reliquos
1464 2399 1627 2447 amicos,
1649 2400 1741 2437 tum
1763 2400 1919 2449 Regem

324 2467 471 2516 ipsum,
506 2466 619 2505 aurei
644 2467 796 2505 saeculi
821 2467 1047 2516 parentem,
1075 2479 1172 2504 mox
1198 2467 1336 2503 secuta
1356 2464 1561 2503 bellorum
1583 2464 1760 2514 procella
1791 2463 1921 2502 Musis

324 2532 516 2570 omnibus
535 2531 785 2582 praeripuit;
814 2531 916 2570 adeo
945 2531 1109 2569 Iuliana
1138 2530 1211 2569 illa
1238 2530 1339 2569 tuba
1366 2530 1573 2568 mundum
1602 2529 1844 2568 vniuersum
1869 2529 1919 2567 ad

326 2597 469 2635 Martis
507 2597 692 2636 studium
730 2597 945 2635 exciuerat.
1024 2596 1238 2635 Caeterum
1276 2595 1398 2633 rebus
1432 2595 1514 2633 iam
1550 2597 1687 2633 vestra
1722 2593 1922 2644 sapientia
1960 2637 1962 2639 ,

264 2665 308 2696 60
327 2662 608 2711 tranquillatis
636 2662 750 2701 velut
784 2662 834 2700 de
868 2662 1027 2711 integro
1055 2663 1169 2699 totus
1197 2661 1247 2699 ad
1281 2660 1516 2699 litterarum
1544 2660 1736 2709 accingor
1761 2659 1915 2698 munia.

553 2769 606 2806 36.
630 2769 665 2798 et
682 2770 754 2798 add.
771 2769 811 2797 H.
903 2777 954 2805 47.
980 2767 1037 2797 his
1052 2769 1088 2797 F.
1181 2775 1232 2804 50.
1256 2768 1284 2796 Β
1302 2776 1309 2796 t
1332 2764 1403 2796 κᾶτ’
1419 2764 1602 2804 ἀνηγρόμην
1616 2767 1684 2795 ΑΓ.

373 2870 422 2900 28.
443 2872 481 2900 vt
507 2871 537 2900 si
562 2871 691 2911 frater]
717 2871 768 2903 Cf.
789 2871 853 2911 Ep.
869 2880 943 2910 253.
964 2881 1013 2902 12.
1204 2879 1257 2908 50.
1287 2868 1564 2909 Aristophanes]
1582 2870 1666 2898 Rau.
1679 2876 1730 2905 51.
1762 2866 1834 2896 The
1851 2876 1922 2897 cor—

373 2922 426 2951 43.
448 2913 611 2954 diuinae]
637 2914 687 2945 Cf.
710 2915 774 2954 Ep.
791 2923 862 2953 215.
881 2923 913 2953 5.
1161 2916 1234 2944 rect
1246 2912 1570 2953 reading,restored
1581 2909 1747 2950 byGilles
1756 2909 1795 2939 in
1806 2909 1919 2949 B‚dis-

372 2965 429 2994 45..
444 2956 600 2996 litteras]
627 2957 688 2997 Ep.
719 2958 804 2996 2063
836 2958 892 2988 for
915 2956 1092 2988 Erasmus'
1161 2966 1308 2996 appears
1324 2956 1429 2996 again
1445 2956 1484 2986 in
1501 2954 1716 2992 Subsequent
1732 2952 1900 2984 editions,

329 2999 472 3029 further
489 3000 679 3030 statement
698 3010 754 3031 see
773 3001 835 3039 Ep.
856 3002 919 3031 206
936 3000 1068 3031 introd.
1205 3009 1255 3038 53.
1274 2998 1469 3038 Timothei]
1494 2998 1545 3029 Cf.
1566 2999 1668 3034 Adaq.
1688 2996 1760 3033 482.
