2010 3417
138 229 234 284 571]
474 232 624 271 FROM
663 232 960 272 TUNSTALL
999 233 1070 271 To
1109 233 1381 273 BUDAEUS
1645 233 1725 272 539

134 341 295 390 peritus
314 341 401 392 ipse
420 342 568 382 iudicis
584 342 690 381 mihi
705 342 920 381 desumam
935 345 1071 393 partes
1084 343 1192 382 inter
1211 343 1403 382 homines
1421 345 1539 382 extra
1559 356 1726 382 omnem

135 405 294 456 ingenii
312 407 445 446 aleam
473 408 518 446 in
543 410 714 458 vtraque
736 407 880 458 lingua
902 408 1069 458 positos.
1130 409 1208 447 Sed
1227 411 1370 447 tamen
1389 408 1506 448 velut
1527 408 1600 459 qui
1618 421 1727 459 prae·
1748 422 1787 445 20

135 470 263 509 claras
300 484 396 511 cum
431 472 702 511 admiratione
739 473 915 523 quadam
948 473 1129 523 picturas
1166 474 1396 523 intuentur,
1429 474 1615 524 imperiti
1647 473 1727 524 ipsi

134 535 335 585 pingendi
368 539 409 575 et
441 550 515 576 nec
549 538 804 576 lineamenta
839 537 984 576 ducere
1013 551 1088 576 nec
1121 539 1277 577 colores
1305 538 1560 589 distinguere
1592 552 1727 589 neque

133 601 377 641 vmbrarum
399 605 440 641 et
460 603 566 642 lucis
590 603 641 641 ad
666 603 936 653 exprimenda
961 616 1063 653 quae
1088 603 1221 642 velint
1244 603 1445 642 rationem
1469 604 1619 643 habere
1638 617 1726 654 per-

134 666 255 714 docti,
278 666 312 706 si
336 680 438 717 quae
457 670 677 707 venustate
700 668 878 718 quadam
907 681 951 706 se
969 668 1266 707 commendant
1290 682 1473 718 quaeque
1496 670 1726 718 spectantes

133 733 280 770 tenent
309 745 464 782 omnes,
496 746 541 771 ea
570 733 648 772 soli
679 746 764 771 non
793 732 974 781 laudent,
1005 733 1181 783 maligni
1209 736 1377 784 possent
1406 734 1565 773 videri:
1603 734 1662 772 ita
1689 733 1726 772 si
1747 749 1784 780 25

135 809 238 846 quae
257 797 392 836 malus
413 797 612 836 orationis
637 797 782 836 artifex
810 798 898 848 ipse
921 800 1092 848 stupens
1117 798 1218 848 lego,
1241 811 1385 837 eorum
1412 798 1458 836 in
1481 798 1621 837 laudes
1640 811 1725 837 non

133 873 360 912 erumpam,
394 862 540 902 liuoris
568 863 850 912 suspicionem
879 863 949 902 vix
979 863 1189 913 effugiam.
1259 863 1406 914 Itaque
1434 866 1482 902 vt
1510 877 1647 903 meam
1677 863 1726 902 de

133 926 250 965 vobis
269 929 519 967 sententiam
541 928 856 978 qualencunque
876 928 1103 967 maioribus
1122 928 1286 967 iudiciis
1305 929 1568 978 interponam
1585 943 1594 967 :
1623 928 1727 967 Plus

133 991 184 1030 ad
204 993 387 1031 veterem
406 993 689 1043 eloquentiam
711 993 859 1032 multis
879 993 1134 1044 antiquatam
1156 994 1304 1032 seculis
1324 994 1608 1042 reuocandam,
1632 993 1727 1042 plus

132 1056 183 1095 ad
204 1057 495 1097 instaurandas
515 1058 785 1097 humaniores
804 1058 944 1097 literas
959 1058 1084 1107 (absit
1102 1058 1262 1097 inuidia
1281 1058 1423 1106 verbo)
1437 1071 1512 1097 vos
1532 1058 1613 1097 duo
1633 1071 1725 1096 con·
1745 1075 1786 1106 30

133 1122 290 1161 tulistis
314 1135 440 1173 quam
465 1136 611 1162 omnes
639 1123 813 1170 Pei-otti,
836 1122 1064 1169 Laurentii,
1083 1123 1189 1161 addo
1213 1122 1341 1162 etiam
1368 1122 1596 1168 Hermolai,
1618 1122 1724 1161 Poli-

132 1187 238 1226 tiani
267 1188 496 1238 caeterique
529 1201 674 1226 omnes
700 1189 770 1238 qui
802 1189 898 1226 ante
931 1201 1005 1226 vos
1036 1188 1214 1226 fuerunt.
1275 1187 1347 1225 Illi
1378 1190 1425 1227 vt
1451 1187 1588 1226 00111111
1619 1187 1725 1225 oble-

133 1253 291 1291 ctarent
337 1265 472 1300 suum,
508 1266 589 1303 quo
632 1265 821 1303 quenque
864 1253 1035 1291 vocabat
1073 1252 1300 1302 ingenium,
1341 1266 1387 1291 eo
1426 1252 1724 1291 contendentes

131 1318 311 1357 iucunda
330 1319 534 1368 quaedam
563 1320 604 1356 et
632 1318 722 1368 ipsa
741 1318 941 1356 varietate
966 1318 1161 1356 lectorem
1183 1318 1389 1356 morantia
1409 1318 1724 1368 congesserunt3

131 1383 248 1422 velut
278 1396 328 1421 ex
359 1395 533 1421 amoeno
569 1382 762 1433 quopiam
801 1384 918 1432 prato
952 1382 1245 1421 selectissimos
1274 1384 1489 1432 carpentes
1521 1381 1721 1420 flosculos.
1744 1392 1783 1424 35

131 1447 216 1487 Vos
240 1448 447 1486 Herculeo
476 1448 657 1497 quodam
684 1450 725 1486 et
753 1447 960 1486 indefesso
986 1447 1127 1486 labore
1157 1447 1428 1486 densissimas
1454 1447 1725 1485 barbarorum

129 1513 237 1551 acies
252 1515 293 1552 et
314 1513 457 1552 Xersis
476 1514 604 1563 copiis
623 1513 800 1553 maiores
817 1525 969 1562 magno
988 1514 1158 1563 vterque
1177 1512 1320 1551 animo
1339 1512 1475 1551 adorti
1493 1510 1661 1550 fudistis
1680 1523 1726 1549 ac

129 1579 214 1618 iam
233 1591 336 1629 pene
363 1578 614 1629 profligastis
632 1593 642 1626 ;
673 1592 695 1616 e
717 1578 888 1628 templis
913 1577 1018 1617 alter
1043 1577 1115 1627 qui
1139 1590 1251 1616 sacra
1275 1578 1417 1617 omnia
1439 1576 1726 1626 profanabant,

129 1644 236 1683 alter
265 1657 315 1682 ex
347 1643 436 1682 foro
470 1643 541 1693 qui
574 1643 727 1682 iudicia
761 1643 900 1682 omnia
932 1643 1255 1693 pessundabant.
1315 1642 1388 1681 Illi
1419 1655 1521 1692 quae
1554 1641 1726 1680 lectores

130 1711 345 1748 morentur
364 1710 619 1758 scripserunt
638 1708 790 1757 multa,
815 1721 889 1748 vos
909 1722 1014 1758 quae
1033 1709 1242 1747 studiosos
1261 1709 1386 1746 etiam
1405 1707 1598 1746 inuitent.
1649 1706 1722 1745 Illi
1744 1718 1788 1750 40

132 1786 235 1823 quae
257 1774 388 1812 vitam
411 1773 631 1812 cultiorem
658 1773 845 1821 reddant,
869 1773 941 1812 sed
968 1774 1058 1811 sine
1084 1773 1237 1823 quibus
1261 1773 1436 1821 transigi
1461 1772 1618 1822 possit3
1649 1785 1723 1811 vos

131 1851 178 1877 ea
196 1838 284 1876 sine
303 1838 453 1888 quibus
479 1838 721 1877 hominibus
746 1839 835 1877 vita
857 1837 973 1877 nulla
998 1837 1184 1887 putanda
1210 1839 1283 1876 est.
1341 1837 1415 1876 Illi
1434 1850 1487 1875 ne
1506 1837 1551 1875 in
1571 1850 1726 1876 comoe-

132 1903 212 1942 diis
231 1906 271 1942 et
293 1903 605 1953 epigrammatis
633 1906 673 1941 et
701 1903 889 1942 historiis
918 1915 1149 1940 erraremus
1179 1902 1453 1950 elaborarunt,
1477 1915 1550 1942 vos
1569 1904 1655 1940 tota
1675 1902 1724 1940 de

132 1968 353 2008 hominum
371 1968 459 2008 vita
474 1969 681 2007 tollendos
701 1981 858 2007 errores
878 1968 1062 2006 curastis.
1123 1967 1196 2005 Illi
1216 1981 1318 2017 quae
1333 1967 1453 2017 pauci
1468 1967 1614 2006 lecturi
1627 1968 1726 2006 sunt

130 2034 259 2084 hique
291 2034 428 2083 ociosi,
451 2036 705 2073 tractarunt:
734 2046 809 2072 vos
835 2046 938 2083 quae
959 2046 1082 2071 nemo
1103 2035 1458 2082 quantuncunque
1482 2032 1726 2082 negociosus
1743 2044 1783 2076 45

132 2112 217 2138 non
238 2098 350 2138 volet
370 2099 416 2138 in
438 2112 589 2138 manus
614 2112 788 2137 sumere.
850 2097 1026 2136 Illorum
1052 2111 1128 2137 vos
1153 2099 1199 2136 in
1223 2097 1492 2137 restituendis
1517 2098 1726 2137 veteribus

132 2165 308 2216 gloriam
328 2165 535 2214 aequastis
554 2165 675 2214 plane
695 2166 735 2203 et
757 2165 893 2202 nescio
908 2176 961 2201 an
980 2163 1203 2213 superastis
1219 2178 1228 2202 :
1256 2165 1438 2202 vestram
1457 2163 1523 2201 illi
1541 2163 1725 2213 palmam

133 2231 268 2282 operis
287 2230 493 2269 absterriti
512 2229 803 2279 magnitudine
823 2229 1085 2279 desperantes
1106 2241 1191 2267 non
1211 2228 1454 2278 attigerunt.

188 2297 281 2335 Iam
300 2309 397 2335 vero
435 2297 480 2334 vt
514 2308 616 2345 quae
650 2294 700 2333 ab
734 2294 820 2332 illis
853 2295 952 2332 sunt
985 2294 1137 2343 scripta
1166 2294 1358 2344 legantur
1387 2293 1723 2340 accuratissime;

134 2362 382 2413 quantulum
402 2361 452 2400 ad
472 2361 641 2410 plenam
659 2362 699 2398 et
715 2360 865 2398 iustam
881 2359 1161 2409 eloquentiam
1177 2360 1462 2409 promouimus
1478 2361 1486 2398 !
1516 2359 1724 2406 Quamdiu
1746 2370 1786 2402 50

133 2428 178 2466 in
196 2428 295 2475 foro,
317 2426 514 2476 quamdiu
534 2426 580 2463 in
597 2425 777 2474 templis,
796 2424 948 2474 quibus
964 2425 1010 2463 in
1029 2424 1130 2463 locis
1148 2423 1483 2474 frequentissime
1496 2436 1721 2471 versamur,

132 2493 317 2542 patimur
352 2504 523 2539 regnare
562 2490 827 2528 barbariem!
882 2490 942 2528 At
980 2502 1002 2527 e
1040 2490 1204 2528 diuerso
1239 2489 1407 2527 reducta
1435 2488 1481 2526 in
1509 2488 1608 2526 haec
1637 2488 1724 2528 loca

133 2556 335 2603 facundia,
358 2555 429 2594 vbi
448 2555 643 2594 latitandi
663 2554 743 2592 sibi
768 2554 906 2593 locum
925 2553 1107 2603 amplius
1126 2554 1299 2604 reperiet
1319 2553 1498 2592 infantia
1517 2553 1723 2592 barbara?

134 2623 276 2660 Sacras
299 2621 368 2659 vel
394 2620 610 2670 degustare
638 2619 780 2658 literas
799 2619 1066 2658 Christianus
1088 2633 1212 2658 nemo
1240 2633 1327 2658 non
1354 2619 1468 2668 solet,
1492 2619 1615 2658 modo
1639 2633 1723 2658 non

134 2687 187 2725 sit
213 2686 488 2735 ἀναλφάβητος
503 2699 512 2733 ;
551 2688 592 2723 01
620 2685 691 2735 qui
718 2685 853 2734 magis
882 2685 925 2722 in
954 2697 1022 2723 eas
1048 2687 1279 2735 penetrant,
1311 2686 1475 2724 abunde
1503 2699 1547 2725 se
1572 2688 1722 2736 putant
1741 2694 1781 2728 55

134 2752 319 2798 disertos,
341 2751 378 2788 si
406 2750 577 2788 tandem
605 2763 745 2788 earum
775 2751 1050 2799 assequantur
1079 2751 1230 2799 φράσιν.
1291 2750 1344 2788 Ι11
1367 2751 1457 2789 foro
1476 2764 1573 2789 vero
1593 2751 1723 2790 cuius-

134 2816 248 2854 modi
265 2815 372 2865 apud
401 2827 545 2853 omnes
571 2816 715 2864 gentes
739 2815 782 2852 in
806 2814 1014 2852 reddendo
1039 2815 1128 2853 iure
1154 2815 1258 2853 solet
1284 2828 1372 2854 esse
1395 2815 1597 2864 facundia,
1620 2816 1723 2854 eius-

135 2880 247 2919 modi
265 2882 329 2918 est
349 2879 491 2929 populi
516 2892 667 2929 magna
693 2892 741 2917 ex
767 2882 882 2929 parte
903 2892 1037 2918 sermo
1056 2894 1066 2927 ;
1096 2881 1204 2930 quod
1233 2881 1402 2918 cunctos
1427 2880 1651 2919 necessitas
1669 2881 1721 2919 ad

135 2959 225 2984 eam
246 2945 483 2984 facundiam
511 2944 823 2994 perdiscendam
849 2945 990 2994 adigit,
1014 2944 1101 2983 sine
1128 2957 1209 2994 qua
1232 2957 1305 2984 sua
1328 2946 1435 2983 tueri
1455 2958 1540 2983 non
1560 2946 1722 2995 possint

609 3093 660 3122 49.
686 3085 722 3114 vt
739 3085 810 3114 add.
828 3086 862 3114 F.
954 3086 1002 3114 F:
1026 3083 1193 3123 leguntur
1208 3087 1244 3114 P.
