2010 3417
335 162 387 200 82
797 161 1044 201 LETTERS
1083 159 1152 198 or
1192 159 1457 199 ERAsMUs
1796 158 1922 213 [1515

335 270 463 308 Porro
497 283 575 319 quo
609 269 738 307 maior
772 271 836 307 est
867 269 1058 318 potestas,
1090 268 1168 306 hoc
1196 267 1462 318 perniciosior
1490 270 1564 316 est,
1594 268 1630 307 si
1657 268 1849 308 inciderit
1877 270 1922 308 in

277 347 314 380 75
334 335 549 373 hominem
569 334 635 372 vel
655 333 831 372 stultum
849 333 917 371 vel
936 333 1107 372 malum.

386 398 524 438 Sensit
542 397 636 436 ilico
656 398 840 436 mundus
855 398 1036 436 Leonem
1056 397 1344 447 gubernaculis
1358 410 1499 435 rerum
1513 397 1738 446 admotum,
1754 401 1924 448 repente

332 463 541 501 saeculum
578 463 685 501 illud
721 463 945 513 plusquam
984 463 1162 501 ferreum
1199 462 1244 500 in
1281 475 1453 501 aureum
1491 475 1684 511 versum3
1727 476 1772 502 ac
1808 465 1925 503 tanta

331 530 497 579 tamque
527 528 664 567 fatalis
697 528 833 567 subito
866 541 1006 566 rerum
1037 528 1227 567 omnium
1259 528 1539 576 commutatio,
1570 530 1617 567 vt
1646 528 1807 566 nemini
1838 542 1924 567 non

330 593 466 643 palam
503 594 611 632 esset
647 594 747 632 haec
785 594 929 632 autore
960 595 1046 633 Deo
1077 594 1176 643 geri.
1237 593 1499 644 Compositae
1530 593 1737 632 bellorum
1774 594 1919 642 vndae,

273 663 313 693 80
331 658 535 696 cohibitae
572 658 808 708 principum
847 659 956 697 inter
993 659 1104 709 ipsos
1146 658 1293 708 minae,
1334 659 1491 697 acerbis
1531 658 1636 698 odiis
1676 658 1923 698 dissidentes

330 724 609 762 maximorum
629 737 772 774 regum
792 724 922 762 animi
941 724 985 763 in
1012 724 1296 763 Christianam
1318 724 1452 763 adacti
1472 724 1732 763 concordiam
1748 738 1758 773 3
1787 723 1923 763 subla-

329 790 421 827 tum
449 789 850 838 perniciosissimum
890 789 996 828 illud
1030 789 1221 836 schisma,
1252 791 1293 828 et
1330 789 1390 828 ita
1417 789 1631 828 sublatum
1660 791 1746 828 tam
1775 790 1923 839 ingens

330 855 488 893 malum
522 858 569 894 vt
605 869 657 893 ne
688 855 856 893 cicatrix
890 855 1057 905 quidem
1089 854 1276 904 supersit.
1335 854 1394 894 Vt
1427 855 1569 893 sileam
1603 855 1773 893 interim
1812 855 1922 905 quod

329 920 487 970 aliquot
523 920 673 959 Italiae
710 920 917 971 principes
953 921 1041 959 suis
1086 920 1258 969 ciuibus,
1301 921 1407 970 quod
1453 920 1683 970 complures
1724 922 1835 959 ciues
1877 920 1923 959 in

271 989 311 1030 85
330 985 500 1024 exilium
537 987 649 1024 actos
685 998 781 1024 suae
819 985 973 1035 patriae
1011 985 1253 1034 reddidisti;
1301 986 1411 1035 quod
1448 988 1566 1023 tuam
1604 985 1807 1025 familiam
1850 986 1924 1024 diu

330 1051 519 1090 fortunae
552 1050 704 1089 iniuria
738 1052 929 1089 vexatam
961 1050 1208 1099 restituisti;
1256 1050 1364 1101 quod
1403 1050 1667 1099 Florentiam,
1710 1051 1923 1090 ciuitatem

329 1118 456 1164 tuam,
480 1128 582 1166 quae
602 1116 808 1154 maiorum
834 1118 1003 1154 tuorum
1028 1115 1252 1166 prudentia
1272 1115 1344 1154 diu
1364 1115 1658 1154 florentissima
1676 1115 1767 1164 fuit,
1789 1115 1923 1155 multo

330 1181 545 1220 reddidisti
567 1181 854 1220 florentiorem.
914 1180 1006 1219 Hoc
1025 1180 1225 1219 nimirum
1251 1182 1336 1219 erat
1356 1180 1564 1231 gentilicio
1590 1181 1762 1220 Medicis
1781 1194 1925 1231 cogno-

331 1246 437 1284 mini
470 1247 724 1296 respondere,
747 1248 809 1285 tot
842 1248 929 1286 tam
962 1246 1340 1285 immedicabilibus
1371 1259 1477 1296 pene
1505 1246 1635 1285 totius
1663 1245 1773 1285 orbis
1801 1246 1923 1285 malis

271 1326 312 1357 90
330 1311 468 1350 subito
500 1312 681 1360 mederi;
723 1312 844 1362 idque
877 1325 961 1350 non
990 1312 1033 1350 vi
1063 1325 1193 1362 neque
1222 1312 1453 1360 seueritate,
1490 1311 1621 1350 veluti
1655 1311 1920 1360 sectionibus,

330 1377 534 1415 inusturis
552 1378 622 1416 aut
641 1377 799 1427 alioqui
820 1377 1011 1416 tristibus
1030 1377 1272 1427 pharmacis,
1295 1377 1365 1415 sed
1387 1377 1571 1426 consilio,
1595 1378 1665 1415 sed
1684 1377 1919 1427 prudentia,

330 1443 401 1481 sed
421 1442 552 1480 animi
571 1443 865 1491 moderatione,
889 1443 958 1481 sed
978 1442 1309 1481 mansuetudine.

383 1508 472 1547 Alii
504 1508 695 1546 laudibus
714 1508 868 1546 vehant
893 1507 1004 1547 bella
1035 1521 1058 1546 a
1091 1507 1202 1547 Iulio
1233 1507 1412 1547 secundo
1432 1507 1501 1547 vel
1529 1499 1705 1546 excitata
1732 1508 1924 1557 gnauiter

330 1572 397 1611 vel
432 1576 547 1623 gesta
583 1573 765 1621 feliciter,
805 1573 1000 1612 victorias
1043 1574 1171 1612 armis
1215 1575 1355 1623 partas
1395 1574 1645 1621 recenseant,
1687 1572 1923 1623 triumphos

270 1648 310 1681 95
330 1638 521 1688 regaliter
540 1640 651 1677 actos
672 1639 889 1678 celebrent.
939 1639 1257 1687 Quantumlibet
1279 1639 1390 1677 hisce
1410 1639 1531 1677 rebus
1551 1638 1702 1688 gloriae
1720 1638 1920 1686 tribuent,

329 1706 467 1742 tamen
488 1717 579 1753 eam
598 1717 691 1742 cum
712 1704 943 1742 multorum
964 1703 1099 1743 dolore
1115 1704 1377 1743 coniunctam
1390 1704 1516 1743 fuisse
1532 1705 1740 1743 fateantur
1759 1717 1922 1743 necesse

329 1771 402 1807 est.
462 1768 520 1807 Vt
544 1769 714 1807 interim
741 1769 888 1808 sileam
914 1769 1021 1819 quod
1049 1782 1097 1808 ex
1124 1769 1183 1808 rei
1210 1769 1379 1808 bellicae
1398 1769 1528 1819 gloria
1546 1782 1742 1819 magnam
1761 1770 1923 1819 partem

329 1833 409 1871 sibi
427 1834 647 1873 vendicant
665 1834 881 1885 principes,
898 1847 1074 1884 quorum
1093 1835 1217 1873 ductu
1234 1835 1507 1884 auspiciisque
1526 1835 1744 1884 negocium
1764 1834 1898 1884 agitur
1914 1849 1924 1883 3

330 1900 528 1938 maiorem
564 1900 735 1939 fortasse
772 1900 904 1948 miles,
945 1900 1063 1939 cuius
1100 1900 1283 1950 periculo
1321 1900 1595 1950 manibusque
1633 1913 1698 1939 res
1741 1901 1921 1951 geritur3

251 1975 312 1997 100
330 1965 556 2004 maximam
575 1979 672 2004 vero
700 1966 876 2014 fortuna,
901 1979 1003 2016 quae
1033 1965 1150 2004 nulla
1178 1967 1223 2004 in
1247 1979 1289 2004 re
1317 1966 1450 2015 magis
1474 1966 1713 2005 dominatur
1731 1980 1854 2017 quam
1876 1967 1923 2005 in

330 2030 449 2070 bello.
509 2031 576 2069 Ad
605 2030 755 2069 Leonis
783 2033 922 2069 autem
950 2030 1126 2080 gloriam
1155 2032 1298 2070 nullus
1325 2033 1388 2070 est
1421 2031 1492 2081 qui
1521 2031 1774 2081 ingemiscat,
1798 2045 1922 2071 nemo

331 2095 402 2145 qui
430 2097 614 2144 musset;
647 2109 778 2145 neque
806 2096 1035 2145 periculum
1061 2097 1124 2134 est
1150 2109 1212 2143 ne,
1241 2096 1351 2146 quod
1378 2096 1423 2134 in
1448 2096 1656 2146 plerisque
1684 2096 1772 2135 fieri
1800 2097 1918 2145 solet,

330 2161 500 2199 damnet
529 2160 749 2209 posteritas
779 2161 845 2198 cui
872 2173 946 2199 sua
972 2160 1225 2210 applauserit
1249 2162 1374 2200 aetas.
1432 2161 1605 2199 Accedit
1623 2160 1704 2199 huc
1724 2162 1829 2212 quod
1850 2163 1923 2200 tua

330 2225 468 2274 gloria,
504 2226 791 2275 praeterquam
820 2225 927 2275 quod
958 2225 1064 2264 nulli
1097 2238 1180 2263 non
1209 2225 1412 2273 salutaris,
1445 2225 1552 2263 nulli
1579 2238 1664 2264 non
1692 2226 1922 2265 laetissima

251 2307 310 2340 105
330 2290 420 2337 fuit,
435 2291 522 2328 tota
539 2289 618 2328 tibi
637 2290 882 2340 coelestique
899 2290 1064 2328 numini
1079 2290 1245 2340 propria
1265 2292 1338 2337 est,
1354 2291 1401 2328 vt
1421 2303 1522 2340 quae
1542 2289 1708 2339 publico
1728 2291 1920 2330 omnium

375 2372 425 2410 76.
459 2369 650 2401 admodum
673 2381 702 2401 α.
859 2372 908 2409 78.
940 2372 1085 2409 tamque
1109 2370 1228 2402 fatalis
1251 2373 1324 2402 add.
1348 2373 1388 2401 A.
1542 2371 1595 2402 80.
1626 2371 1720 2411 ipsos
1743 2375 1799 2402 A:
1829 2382 1866 2403 se
1889 2384 1919 2405 α.

330 2413 467 2445 acerbis
483 2416 555 2444 add.
574 2416 615 2444 A.
791 2414 843 2445 82.
868 2414 962 2444 illud
979 2417 1050 2444 add.
1070 2417 1112 2446 A.
1286 2416 1339 2453 83.
1364 2414 1490 2444 sileam
1513 2414 1660 2445 interim
1675 2417 1729 2445 A:
1759 2424 1805 2446 ne
1827 2426 1922 2447 com-

331 2467 525 2488 memorem
539 2468 569 2488 a.
657 2457 709 2495 84.
730 2457 825 2496 quod
837 2457 1035 2498 complures
1051 2481 1058 2489 .
1079 2481 1085 2489 .
1103 2481 1112 2489 .
1131 2458 1182 2497 85.
1199 2458 1334 2497 patriae
1351 2457 1540 2488 reddidisti
1556 2460 1628 2488 add.
1645 2461 1687 2490 A.
1785 2459 1839 2498 85.
1857 2460 1921 2490 diu

330 2504 403 2533 add.
419 2503 461 2531 A.
552 2501 604 2540 87.
629 2501 728 2531 tuam
745 2503 817 2531 add.
837 2504 877 2532 A.
947 2501 1141 2540 prudentia
1156 2501 1221 2532 diu
1236 2501 1491 2532 florentissima
1507 2504 1537 2532 A
1556 2512 1563 2531 ι
1586 2501 1870 2540 prudentissima
1885 2515 1922 2534 α.

330 2545 384 2575 88.
409 2544 592 2585 gentilicio
608 2546 637 2574 A
654 2554 661 2574 z
685 2543 812 2583 gentili
829 2556 859 2575 α.
942 2545 1150 2584 cognomine
1165 2556 1195 2576 α.
1285 2554 1338 2585 91.
1365 2545 1540 2575 inusturis
1555 2547 1585 2575 A
1603 2556 1610 2575 :
1634 2545 1876 2577 inustionibus
1887 2558 1918 2578 α.

330 2588 495 2618 tristibus
511 2590 539 2618 A
559 2599 566 2618 ε
588 2587 755 2627 grauibus
772 2599 802 2619 α.
915 2597 968 2627 91.
995 2588 1143 2619 consilio
1155 2612 1162 2620 .
1177 2612 1185 2620 .
1198 2612 1205 2619 .
1222 2597 1275 2627 92.
1296 2588 1574 2619 mansuetudine
1589 2591 1619 2619 A
1636 2598 1643 2618 z
1658 2588 1733 2619 sola
1742 2590 1921 2629 sapientia

331 2632 515 2670 animique
531 2631 775 2661 moderatione
790 2643 821 2663 α.
946 2641 997 2670 93.
1023 2632 1186 2671 gnauiter
1203 2635 1233 2662 A
1251 2642 1259 2662 ε
1282 2632 1453 2662 strennue
1468 2642 1498 2662 α.
1621 2641 1674 2672 95.
1701 2631 1799 2663 hisce
1814 2633 1920 2664 rebus
1934 2662 1937 2664 .

330 2677 360 2704 A
377 2686 383 2706 :
408 2674 466 2705 his
482 2687 511 2706 α.
679 2684 732 2714 97.
755 2675 807 2706 rei
825 2674 971 2706 bellicae
987 2675 1099 2714 gloria
1114 2677 1144 2706 A
1161 2686 1168 2706 :
1192 2675 1322 2706 militie
1339 2674 1444 2705 laude
1460 2686 1490 2706 α.
1653 2675 1706 2714 98.
1730 2676 1918 2716 negocium

330 2719 448 2757 agitur
463 2720 492 2749 A
509 2729 517 2748 z
540 2727 596 2748 res
611 2719 747 2757 geritur
761 2729 790 2748 α.
881 2728 934 2757 99.
962 2719 1127 2750 manibus
1139 2730 1168 2750 α.
1245 2728 1300 2749 res
1316 2718 1454 2758 geritur
1468 2721 1499 2749 A
1516 2728 1525 2749 t
1555 2719 1742 2758 negocium
1757 2720 1876 2759 agitur
1886 2730 1917 2752 α.

334 2771 403 2792 101.
432 2761 489 2792 Ad
505 2761 632 2792 Leonis
648 2786 655 2792 .
675 2785 682 2793 .
699 2785 707 2792 .
725 2771 796 2800 103.
823 2762 917 2801 quod
933 2764 984 2793 A:
1008 2762 1056 2793 At
1071 2773 1102 2794 α.
1256 2771 1328 2801 104.
1352 2771 1426 2793 non
1442 2762 1621 2802 salutaris,
1640 2762 1735 2793 nulli
1750 2764 1782 2794 A
1797 2772 1805 2793 :
1827 2771 1921 2794 mor-

328 2804 456 2835 talium
471 2815 500 2836 α.
614 2813 683 2843 105.
707 2803 777 2836 fuit
792 2806 822 2835 A
839 2815 846 2835 :
868 2807 922 2836 est
937 2816 968 2836 α.

374 2914 599 2955 82.schisma]
607 2915 680 2945 The
688 2914 894 2946 schismatic
901 2914 1090 2946 Cardinals
1201 2916 1254 2948 86.
1269 2914 1505 2956 Florentiam]
1518 2915 1621 2946 Since
1631 2915 1693 2946 the
1704 2915 1916 2947 restoration

333 2956 394 2993 (cf.
416 2956 500 2995 Epp.
523 2958 594 2996 236,
621 2968 695 2996 239,
722 2961 799 2997 247)
827 2959 1024 2989 submitted
1051 2961 1088 2990 to
1155 2959 1194 2989 of
1215 2959 1278 2989 the
1302 2959 1428 2990 Medici
1454 2959 1493 2989 in
1519 2959 1613 2998 Sept.
1635 2968 1717 2997 1512
1745 2958 1916 2991 Cardinal

332 2999 394 3029 the
411 2999 561 3030 Late-ran
579 3000 726 3031 Council
744 3002 782 3032 in
799 3001 893 3032 June
913 3011 1006 3041 1513.
1154 3002 1253 3033 John
1271 3002 1343 3033 had
1359 3003 1451 3033 been
1465 3002 1527 3033 the
1538 3001 1657 3032 leader
1672 3001 1710 3033 of
1722 3001 1781 3033 his
1790 3002 1913 3034 house.
