2010 3417
110 152 214 207 493]
530 156 681 195 FROM
720 155 985 195 WILLIAM
1023 156 1294 196 BUDAEUs
1623 156 1702 194 393

109 277 226 314 spem
255 265 426 304 fallendi
455 265 519 304 tui
545 266 591 304 in
617 266 808 305 futurum
834 266 1080 316 praecidisti.
1139 266 1380 317 Vsqueadeo
1403 280 1546 306 omnes
1571 265 1702 306 animi

109 330 196 369 mei
221 343 368 370 sensus
392 330 510 370 velut
538 331 718 381 quodam
748 331 916 381 specillo
941 332 1189 381 pertentasti
1211 332 1352 371 iudicii
1377 332 1440 371 tui
1462 332 1699 380 acrimonia,

113 398 156 434 et
175 399 374 446 tanquam
400 396 450 435 ad
477 410 649 435 manum
670 410 737 435 me
763 397 975 436 absentem
1001 397 1183 447 inspicis,
1208 398 1460 448 introspicis,
1480 398 1704 448 perspicis:

111 461 220 500 mihi
238 463 340 501 adeo
359 462 495 501 notior
513 462 601 512 ipse
620 475 707 501 esse
727 462 826 512 cepi,
846 476 894 501 ex
909 476 989 512 quo
1008 465 1054 501 tu
1074 476 1142 501 me
1162 463 1442 510 considerasti,
1460 463 1700 512 expendisti,
1721 465 1763 495 So

109 526 350 566 aestimasti.
400 525 452 564 Ὦ
481 529 546 576 τῆς
574 530 644 577 σῆς
672 528 860 579 ἀγχινοίας
890 527 1220 577 εὗδαιμονεστάτης
1247 546 1287 567 τε
1318 529 1378 566 καὶ
1406 529 1552 567 πάντων
1583 531 1703 567 ἐπιτυ-

107 594 251 643 χούσης
279 593 337 640 ἂν,
358 596 390 631 εἶ
417 594 512 645 σύγε
538 594 719 632 πλειόνων
744 610 783 631 τε
807 593 868 631 καὶ
885 594 1061 643 μειζόνων
1087 595 1324 643 ἐπιβάλλοιο.
1385 594 1430 632 Si
1458 597 1600 633 nostra
1627 594 1703 633 illa

108 657 264 696 iterum
282 659 323 696 et
342 658 516 696 tertium
534 658 760 708 relegisses,
784 660 825 697 et
844 660 890 696 tu
912 659 1049 708 quiuis
1069 659 1176 698 alius
1194 661 1236 698 et
1255 672 1341 698 11011
1361 660 1561 698 Erasmus
1580 672 1699 708 esses,

109 723 209 772 quid
228 723 397 762 tandem
414 723 522 762 vltra
539 722 869 763 animaduertere
886 737 1027 773 posses
1039 725 1060 762 ⁵?
1100 724 1161 762 At
1180 738 1254 774 ego
1273 727 1384 763 certo
1403 725 1556 763 certius
1571 725 1701 763 habeo

105 787 177 826 vix
214 787 292 826 tibi
324 801 490 827 vacasse
523 802 625 839 quos
656 788 736 827 tibi
769 789 881 828 locos
915 790 1154 828 notaueram
1192 803 1260 828 eos
1291 789 1518 828 vellicatim
1551 790 1698 841 legere,
1719 792 1759 832 85

104 855 301 902 occupata
337 853 422 891 iam
456 856 597 893 mente
634 853 680 891 in
712 855 884 903 vrgente
920 855 1100 903 negocio.
1174 855 1253 893 Sed
1290 855 1457 903 scilicet,
1488 857 1535 894 vt
1568 856 1698 904 aiunt,

104 917 270 956 leonem
308 918 359 957 ab
398 918 622 969 vnguibus,
663 932 729 957 me
766 932 863 957 vero
901 917 1027 957 etiam
1065 919 1125 957 καὶ
1160 920 1245 960 τοὺς
1282 920 1460 971 τυχόντας
1498 933 1522 958 3
1559 920 1701 970 digitis

102 983 365 1032 primoribus.

159 1048 242 1087 Hic
271 1047 454 1087 frontem
484 1049 712 1099 perfricabo
741 1049 802 1087 καὶ
830 1049 889 1087 ἐπὶ
917 1052 988 1088 σοῦ
1017 1049 1194 1088 δικαστοῦ
1228 1051 1437 1102 ἀπολογίαν
1467 1051 1699 1101 ἐνστήσομαι

104 1115 384 1164 ὁποιανδήποτε.
443 1114 573 1154 Video
606 1114 720 1152 enim
751 1127 956 1164 quaenam
985 1115 1071 1154 sint
1102 1115 1174 1153 illa
1204 1129 1305 1165 quae
1337 1117 1384 1154 tu
1412 1115 1519 1154 vicio
1548 1118 1697 1165 vertas,
1718 1128 1761 1160 90

106 1181 235 1219 etiam
267 1180 304 1218 si
335 1180 377 1218 id
413 1179 664 1218 dissimulas.
724 1179 836 1228 Quae
869 1181 910 1218 et
943 1179 978 1218 si
1010 1180 1159 1219 merito
1192 1182 1234 1219 et
1266 1182 1384 1219 acute
1416 1181 1570 1220 notasti
1605 1181 1699 1232 (quo

108 1245 278 1284 nomine
295 1245 488 1295 ingentes
505 1244 583 1283 tibi
607 1244 759 1294 gratias
781 1244 927 1283 debere
944 1258 1011 1283 1116
1036 1245 1175 1293 fateor,
1198 1245 1271 1296 qui
1289 1247 1367 1284 hoc
1385 1246 1577 1296 precibus
1595 1247 1700 1285 meis

103 1311 290 1362 dederis),
314 1323 398 1348 non
419 1311 561 1348 tamen
581 1309 826 1359 deterrebor,
849 1323 924 1348 nec
951 1310 1211 1349 committam
1236 1313 1283 1350 vt
1307 1311 1414 1349 mihi
1432 1312 1499 1350 vel
1525 1312 1569 1350 in
1589 1311 1699 1350 mala

106 1389 226 1415 causa
248 1375 387 1414 adesse
413 1377 455 1414 et
481 1388 692 1425 superesse
718 1388 803 1413 non
829 1375 1014 1425 potuisse
1041 1375 1178 1424 dicar3
1207 1376 1360 1426 quippe
1386 1377 1458 1426 qui
1483 1377 1564 1415 sim
1592 1389 1700 1415 vnus

103 1455 154 1480 ex
175 1441 298 1480 bonis
316 1440 402 1479 illis
420 1440 523 1479 viris
542 1440 614 1490 qui
640 1453 806 1479 causam
830 1440 1071 1479 inferiorem
1099 1441 1272 1480 dicendo
1290 1442 1421 1481 facere
1447 1443 1699 1491 superiorem
1717 1454 1757 1486 95

105 1520 190 1546 non
217 1506 451 1545 didicerunt
478 1505 645 1556 quidem
675 1506 745 1545 sed
775 1505 931 1544 discere
957 1507 1093 1545 conati
1118 1510 1229 1546 sunt.
1291 1507 1396 1545 Rem
1425 1508 1531 1546 mihi
1558 1510 1699 1547 tamen

101 1572 212 1611 hanc
240 1571 450 1611 difficilem
477 1573 525 1610 tu
553 1570 781 1620 reddidisti,
812 1571 885 1621 qui
912 1572 971 1610 ita
999 1572 1171 1611 solerter
1199 1575 1240 1611 et
1268 1573 1493 1612 clementer
1520 1573 1699 1612 officium

103 1637 215 1676 inter
232 1637 414 1676 amicum
433 1638 474 1675 et
493 1636 804 1675 emendatorem
822 1637 1072 1687 temperasti,
1094 1640 1141 1676 vt
1161 1638 1211 1676 de
1237 1640 1278 1676 te
1298 1638 1467 1687 quidem
1485 1652 1562 1677 1160
1582 1638 1699 1688 queri

104 1702 260 1752 possim
279 1702 316 1741 si
333 1701 471 1749 velim,
490 1701 536 1739 ni
553 1701 780 1751 improbior
797 1701 931 1740 videri
946 1702 1074 1740 velim
1094 1704 1218 1752 atque
1236 1702 1417 1752 ineptior
1435 1703 1552 1741 omni
1569 1703 1700 1752 philo-

100 1767 236 1806 colace
253 1781 262 1815 ;
304 1767 444 1816 sicque
473 1766 554 1804 tibi
583 1766 716 1804 nihilo
748 1766 880 1805 secius
909 1768 1117 1816 vtcunque
1148 1767 1368 1816 negocium
1400 1768 1612 1816 facessam,
1644 1781 1698 1806 116
1720 1777 1780 1799 100

103 1833 399 1882 argumentum
418 1844 504 1869 non
523 1830 677 1869 habeas
696 1830 892 1881 epistolae
911 1845 1027 1870 meae
1046 1832 1310 1870 rescribendi.

153 1898 233 1937 Ais
248 1910 352 1947 quae
372 1896 559 1934 natiuam
579 1896 888 1946 simplicitatem
903 1897 1093 1935 redolent
1106 1897 1258 1936 melius
1279 1899 1320 1935 et
1339 1897 1497 1948 gratius
1517 1897 1695 1936 insidere

100 1965 146 2002 in
166 1962 319 2002 animis
344 1961 564 2000 hominum
587 1963 711 2010 atque
729 1962 854 2000 etiam
879 1961 1104 2000 intentioni
1128 1963 1260 2012 magis
1281 1965 1323 2002 et
1340 1962 1474 2002 labori
1491 1962 1695 2002 lectorum

99 2027 347 2068 lenocinari:
377 2040 401 2064 a
420 2039 502 2076 qua
521 2026 788 2076 simplicitate
815 2040 910 2065 cum
935 2027 1102 2077 longius
1126 2028 1376 2076 recesserim,
1398 2040 1614 2067 necessum
1633 2031 1696 2067 est

102 2096 150 2132 vt
164 2107 249 2132 non
264 2094 418 2131 temere
434 2092 684 2141 scriptorum
698 2105 888 2130 meorum
902 2091 1078 2131 lectione
1095 2093 1323 2132 delectetur
1336 2094 1419 2132 nisi
1433 2093 1697 2132 doctissimus
1718 2099 1775 2130 105

100 2159 277 2209 quisque
306 2157 434 2195 lector
460 2156 578 2206 isque
605 2156 926 2196 intentissimus.
986 2157 1107 2196 Hanc
1140 2157 1255 2196 enim
1283 2158 1462 2196 arbitror
1493 2170 1583 2197 esse
1610 2171 1695 2196 ver-

102 2224 252 2263 borum
280 2224 450 2261 tuorum
478 2220 741 2269 sententiam,
772 2222 968 2272 quoniam
996 2236 1092 2261 cum
1124 2222 1223 2261 haec
1254 2223 1490 2271 scriberem,
1523 2222 1697 2273 epistola

102 2291 174 2328 tua
205 2300 331 2338 penes
363 2300 431 2325 me
464 2300 550 2325 non
582 2288 669 2325 erat
686 2301 695 2334 ;
735 2299 839 2337 quae
872 2300 984 2326 nunc
1017 2289 1064 2326 vt
1098 2287 1289 2338 Appellis
1319 2287 1461 2326 tabula
1494 2288 1694 2337 quaedam

102 2353 276 2393 visenda
308 2366 382 2403 per
418 2352 571 2391 amicos
609 2352 892 2401 circunfertur‚
931 2352 1003 2403 qui
1041 2352 1149 2391 mihi
1185 2366 1275 2392 eam
1314 2353 1397 2403 ipsi
1433 2354 1694 2392 extorserunt

103 2418 337 2457 ostentanti.
398 2418 565 2456 Caetera
592 2416 709 2456 addis
737 2418 879 2456 eodem
907 2418 1159 2468 pertinentia
1188 2418 1238 2456 de
1266 2418 1588 2457 translationum
1616 2430 1694 2455 vsu
1715 2425 1776 2447 110

102 2482 310 2532 frequenti
328 2495 374 2520 ac
392 2482 615 2532 pertinaci:
645 2483 754 2532 quod
778 2483 916 2533 ipsum
934 2484 1073 2521 vtram
1096 2483 1141 2521 in
1166 2485 1327 2532 partem
1346 2482 1549 2532 acceperis
1566 2482 1694 2520 latere

101 2562 169 2586 me
187 2546 370 2595 voluisti,
394 2548 502 2585 certe
521 2547 753 2597 intelligere
770 2560 856 2586 non
875 2548 1003 2598 potui,
1025 2547 1150 2586 etiam
1169 2547 1205 2586 si
1224 2548 1419 2597 suspicor.
1462 2547 1570 2584 Tum
1589 2545 1692 2584 illud

101 2613 231 2659 addis,
255 2612 302 2649 Τί
317 2613 433 2649 ταῦτα
448 2612 540 2661 πρὸς
559 2612 768 2660 Διόνυσον;
797 2611 912 2650 Η360
932 2626 1027 2650 011111
1051 2612 1226 2650 inficiari
1251 2625 1464 2661 nequeam,
1485 2611 1693 2660 reliquum

98 2680 164 2717 est
188 2679 236 2716 vt
260 2689 452 2715 excusare
473 2676 762 2726 quoquomodo
788 2677 1045 2724 contendam,
1070 2689 1165 2714 cum
1190 2688 1365 2725 poenam
1391 2675 1627 2725 depraecari
1647 2676 1692 2713 in

103 2743 292 2781 animum
313 2754 398 2779 non
418 2740 678 2779 induxerim:
707 2740 874 2779 tametsi
893 2754 940 2778 ea
967 2741 1187 2779 criminose
1212 2753 1296 2778 non
1323 2739 1526 2788 obieceris,
1548 2742 1690 2790 vtpote
1713 2751 1773 2783 115

144 2877 194 2915 78.
218 2876 273 2907 tui
288 2879 361 2907 add.
378 2877 412 2911 β.
557 2876 609 2914 85.
637 2885 696 2906 eos
713 2878 787 2906 add.
802 2877 835 2910 β.
979 2885 1033 2915 90.
1061 2884 1235 2913 quaenam
1251 2875 1326 2906 sint
1341 2875 1406 2906 illa
1421 2877 1495 2906 add.
1511 2875 1546 2909 β.
1648 2876 1690 2906 tu

98 2921 137 2952 id
152 2920 243 2951 vitio
259 2945 266 2952 .
283 2943 292 2951 .
312 2942 322 2951 .
339 2929 392 2959 91.
412 2919 443 2950 si
459 2919 666 2950 dissimulas
677 2920 712 2953 β.
816 2929 868 2958 94.
895 2918 993 2950 dicar
1010 2920 1048 2949 0:
1074 2919 1219 2949 dictiter
1233 2919 1268 2951 Β.
1374 2928 1427 2958 97.
1451 2918 1545 2949 113110
1562 2921 1635 2950 add.
1651 2919 1687 2953 β.

98 2975 152 3004 99.
178 2966 285 3002 atque
302 2963 460 3003 ineptior
475 2964 548 2994 add.
566 2964 600 2997 β.
796 2972 867 3001 103.
895 2961 952 2997 Οῐβ
969 2973 976 2993 :
999 2962 1139 2993 animos
1157 2960 1201 2993 G2.
1398 2972 1470 3000 104.
1494 2971 1635 2993 necesse
1651 2963 1687 2997 β.

101 3009 172 3039 108.
198 3016 296 3038 1111110
314 3009 388 3038 add.
406 3008 440 3041 β.
578 3016 648 3046 109.
674 3007 743 3046 ipsi
761 3007 832 3037 add.
848 3006 882 3040 β.
1018 3015 1087 3036 110.
1114 3005 1313 3036 ostentanti
1331 3008 1403 3036 add.
1419 3006 1454 3040 β.
