2010 3417
277 184 358 222 548
743 178 995 218 LETTERS
1034 177 1104 216 OF
1141 176 1408 216 ERASMUS
1751 172 1875 226 [1517

276 293 460 331 delatum
481 303 577 337 esse,
602 291 648 327 vt
667 289 717 327 ad
739 301 977 338 supremam
993 299 1124 337 vsque
1144 285 1392 336 dignitatem
1413 284 1565 335 gradus
1584 284 1637 322 sit
1657 297 1752 322 cum
1767 284 1879 323 lucu-

218 372 258 401 30
276 357 511 395 lentissimo
536 354 597 393 tui
620 354 802 392 nominis
824 353 1042 403 splendore
1061 352 1396 402 optimarumque
1422 350 1658 389 litterarum
1678 349 1879 399 singulari

277 420 563 468 illustratione,
599 419 829 457 amicorum
860 421 902 456 et
933 417 1147 463 clientum,
1181 429 1359 466 quorum
1394 415 1444 454 de
1477 428 1597 465 grege
1631 417 1672 452 et
1703 427 1878 453 numero

276 500 380 534 sum,
408 486 604 536 perpetua
632 484 901 523 iucunditate.

330 553 483 591 Verum
512 551 614 589 scire
643 552 685 588 te
711 550 841 600 cupio,
866 549 1013 588 Presul
1039 547 1372 595 clementissime,
1397 546 1507 597 quod
1534 546 1613 584 etsi
1636 545 1745 583 nihil
1770 545 1878 584 mihi

274 617 452 656 accidere
467 617 605 665 potest
620 615 843 654 iucundius
860 628 985 665 quam
999 615 1040 652 te
1055 613 1274 652 florentem
1294 613 1446 659 audire,
1465 625 1589 662 quam
1605 613 1647 649 te
1665 611 1878 649 meritissi-

215 698 252 728 35
275 695 386 721 mam
405 680 854 730 foecundissimamque
881 682 975 719 tuae
995 679 1337 718 strennuissimae
1358 677 1669 729 agricolationis
1689 677 1876 727 excipere

273 760 451 786 messem
484 748 658 797 postque
691 747 753 784 tot
786 745 1047 784 turbulentas
1081 744 1280 794 procellas
1313 744 1601 793 fluctuumque
1633 742 1877 792 agitationes

273 817 440 864 portum
466 812 742 862 tranquillum
773 814 812 850 et
843 812 1034 862 quietum
1064 811 1249 859 subiisse,
1283 810 1562 848 nihilominus
1593 823 1677 848 non
1705 822 1874 859 possum

274 894 357 918 non
375 879 646 918 vehementer
665 877 891 916 excruciari
909 877 1114 916 Venetam
1133 877 1398 915 iuuentutem
1419 876 1621 915 bonarum
1641 874 1877 914 litterarum

273 958 410 984 amore
429 944 687 993 fiagrantem,
704 956 830 993 quam
849 942 934 981 tuis
954 942 1152 980 nectareis
1171 941 1304 991 epulis
1325 941 1509 991 quotidie
1529 941 1692 990 opipare
1713 953 1877 990 pascere

212 1026 253 1056 40
271 1009 445 1058 solebas,
481 1023 531 1047 ex
563 1009 649 1047 tuis
681 1010 813 1047 totam
846 1008 1149 1057 dependentem
1182 1006 1356 1045 nutibus
1387 1008 1428 1045 et
1461 1008 1662 1056 tanquam
1697 1005 1877 1044 alterum

272 1075 600 1114 Demosthenem
640 1073 959 1123 Ciceronemque
997 1073 1203 1111 colentem
1242 1074 1283 1110 et
1315 1071 1570 1118 adorantem,
1604 1074 1644 1110 te
1677 1073 1797 1110 tanto
1829 1084 1875 1109 ac

272 1141 348 1179 tali
380 1141 483 1186 viro,
521 1139 654 1178 nostri
691 1139 844 1178 saeculi
876 1138 1186 1189 fulgentissimo
1223 1140 1477 1187 ornamento,
1515 1141 1602 1176 tam
1639 1138 1879 1188 importune

271 1206 427 1256 priuari
465 1205 692 1255 orbarique.
771 1203 998 1254 Reliquisti
1034 1206 1176 1242 tamen
1214 1203 1406 1242 Venetiis
1441 1203 1656 1254 praedium
1702 1202 1874 1241 omnino

272 1273 382 1310 ferax
401 1274 443 1310 et
462 1271 608 1319 fertile,
634 1270 678 1309 in
702 1284 784 1320 quo
809 1270 968 1320 aliquot
987 1270 1249 1308 felicissimae
1271 1270 1357 1308 tuis
1375 1269 1666 1308 scientissimis
1691 1269 1876 1307 excultae

213 1349 251 1379 45
271 1337 465 1376 manibus
488 1336 759 1385 insurgebant
786 1336 964 1385 plantae,
987 1335 1150 1374 futurae
1176 1335 1400 1385 aliquando
1426 1335 1604 1385 inclytae
1627 1334 1874 1386 reipublicae

270 1404 452 1441 Venetae
484 1402 644 1451 tibique
669 1401 774 1448 vsui,
803 1400 960 1439 fructui
988 1403 1111 1450 atque
1138 1400 1484 1439 honestamento:
1524 1413 1629 1450 quae
1657 1400 1732 1438 tali
1759 1390 1876 1439 desti-

272 1471 383 1506 tutae
414 1466 660 1516 orbataeque
699 1466 843 1504 colono
882 1465 1021 1504 nescio
1060 1479 1113 1504 an
1151 1465 1310 1515 algifica
1347 1466 1505 1517 sydera,
1538 1466 1691 1503 nimios
1721 1467 1871 1513 aestus,

272 1532 567 1572 descendentes
588 1545 766 1581 superne
785 1531 946 1570 subitos
966 1531 1122 1569 imbres
1141 1531 1289 1570 timere
1309 1533 1521 1581 cogantur.
1574 1520 1640 1569 Me
1660 1531 1872 1571 miserum.

271 1597 341 1647 qui
362 1597 439 1636 tali
456 1610 524 1635 ero
545 1597 733 1647 priuatus
753 1596 901 1635 solatio
922 1596 1170 1646 orbatusque
1196 1596 1367 1644 lumine,
1390 1596 1480 1635 sine
1506 1610 1587 1646 quo
1606 1599 1654 1635 vt
1673 1597 1873 1636 cecutiam

212 1677 252 1707 50
271 1662 523 1712 deliremque
550 1663 628 1700 erit
654 1675 829 1700 necesse.
891 1662 970 1701 Sed
998 1662 1106 1700 mihi
1133 1675 1219 1700 non
1244 1662 1466 1712 perexigua
1490 1663 1618 1701 restat
1644 1676 1747 1712 spes,
1771 1676 1874 1712 quae

272 1728 477 1780 nonnihil
500 1741 568 1765 me
606 1727 843 1765 consolatur
880 1729 921 1765 et
958 1729 1124 1775 recreat,
1161 1729 1202 1765 te
1240 1727 1396 1765 scilicet
1435 1727 1594 1777 superis
1631 1728 1875 1767 iuuantibus

271 1795 426 1832 Romae
454 1793 604 1840 videre,
638 1794 680 1831 te
708 1794 968 1842 praesentem
997 1792 1115 1831 affari
1145 1805 1189 1831 ac
1219 1794 1291 1831 tua
1321 1793 1569 1842 dignissima
1598 1793 1680 1831 frui
1707 1806 1874 1832 consue-

270 1860 416 1897 tudine
441 1861 483 1897 et
503 1861 703 1908 tanquam
729 1858 907 1897 aseclam
932 1860 1054 1897 tuum
1076 1871 1234 1896 numen
1261 1859 1376 1908 sequi
1403 1860 1443 1896 et
1470 1858 1640 1897 adorare
1655 1873 1664 1906 ;
1695 1859 1871 1897 Romam

269 1925 383 1963 enim
421 1925 534 1963 adire
572 1924 731 1963 iamdiu
768 1924 875 1963 mihi
908 1924 1062 1963 insedit
1096 1924 1248 1963 animo.
1328 1924 1447 1962 Nunc
1480 1937 1577 1962 vero
1617 1924 1679 1962 tui
1711 1924 1874 1964 visendi

211 2005 248 2034 55
270 1990 545 2039 adorandique
574 1990 706 2039 gratia
735 1989 879 2028 titillat
909 1991 950 2028 et
979 1990 1122 2037 ardet3
1160 1993 1200 2028 et
1231 1990 1281 2028 de
1310 1989 1379 2028 his
1408 1989 1618 2029 hactenus.

325 2055 410 2093 Nos
436 2068 534 2095 vero
560 2055 691 2093 adhuc
719 2054 1010 2093 Britannicum
1037 2055 1243 2093 calcamus
1270 2055 1417 2103 solum,
1439 2055 1723 2106 tantisperque
1751 2056 1875 2096 calca-

270 2121 408 2158 bimus
424 2121 552 2159 donec
566 2121 899 2170 expectatissima
914 2121 961 2158 in
976 2121 1155 2170 patriam
1171 2120 1373 2159 redeundi
1387 2121 1509 2159 venia
1522 2121 1574 2160 ab
1588 2121 1874 2160 illustrissimo

270 2186 426 2224 Senatu
459 2186 580 2224 nobis
610 2185 866 2224 decernatur.
939 2186 1018 2224 Sed
1049 2186 1176 2234 ardet,
1208 2187 1327 2224 crede
1360 2187 1478 2235 mihi,
1513 2186 1596 2225 iam
1629 2186 1795 2226 animus
1830 2187 1873 2226 in

269 2250 448 2300 patriam
468 2250 624 2297 redire3
653 2264 738 2289 non
764 2251 878 2289 enim
905 2264 1076 2301 possum
1103 2253 1192 2289 tam
1219 2251 1290 2290 diu
1318 2251 1659 2290 charissimorum
1685 2265 1872 2291 meorum

210 2322 251 2352 (το
270 2315 615 2366 dulcissimaeque
628 2317 783 2366 patriae
797 2316 1099 2355 iucundissimo
1115 2330 1246 2355 carere
1267 2319 1497 2366 conspectu.
1540 2317 1717 2356 Interim
1731 2320 1873 2357 tamen

271 2394 343 2430 pro
376 2381 490 2419 virili
518 2383 660 2420 nostra
690 2382 929 2421 curabimus
959 2395 1010 2420 ne
1045 2382 1132 2420 dies
1160 2382 1272 2420 vllus
1302 2383 1434 2421 Musis
1463 2395 1618 2422 vacuus
1651 2383 1870 2422 dilabatur.

271 2446 493 2486 Erasmum
527 2446 641 2485 enim
672 2460 791 2497 saepe
825 2447 1109 2495 conuenimus,
1149 2448 1219 2497 qui
1252 2448 1482 2495 accersitus,
1519 2450 1565 2486 vt
1599 2448 1786 2495 arbitror,
1822 2449 1872 2487 ab

272 2511 347 2549 hoc
376 2511 639 2550 diuinissimo
661 2513 772 2562 Rege
799 2512 914 2551 omni
940 2513 1149 2552 virtutum
1175 2526 1322 2562 genere
1350 2514 1486 2553 modis
1512 2514 1707 2553 omnibus
1734 2528 1873 2553 cumu-

271 2576 476 2615 latissimo
505 2578 744 2627 nuperrime
773 2579 854 2617 huc
883 2579 1079 2626 accessit3
1117 2578 1225 2628 apud
1256 2592 1379 2629 quem
1410 2592 1494 2617 non
1524 2579 1774 2619 mediocrem
1797 2580 1872 2618 for-

210 2648 249 2688 65
272 2644 416 2681 tunam
453 2656 549 2681 eum
588 2643 833 2683 habiturum
879 2645 1050 2682 confido.
1129 2644 1249 2682 Nosti
1292 2645 1407 2683 enim
1451 2659 1547 2683 eum
1586 2647 1643 2692 tu,
1684 2646 1873 2684 Antistes
1930 2686 1934 2689 ,

271 2708 519 2757 doctissime,
561 2722 687 2758 quam
732 2710 787 2748 sit
830 2709 1104 2760 dignissimus
1149 2710 1343 2748 omnibus
1381 2711 1561 2749 fortunis
1606 2724 1707 2760 quae
1744 2711 1873 2750 tribui

315 2804 365 2833 35.
390 2793 473 2829 affl:
496 2795 866 2835 facundissimamque
883 2796 928 2830 βῙ.
1021 2797 1139 2836 agrico
1160 2796 1209 2835 131,
1225 2796 1389 2828 -lationis
1410 2800 1482 2827 add.
1503 2796 1552 2831 3².
1645 2808 1696 2836 44.
1723 2798 1870 2829 foelicis-

273 2838 527 2916 {iiiuqvfgansssfiz
551 2840 792 2871 sanctissimis
812 2852 842 2872 α.
924 2841 976 2879 48.
1002 2841 1048 2874 B:
1073 2840 1325 2872 discendentes
1342 2852 1371 2872 a.
1462 2851 1515 2880 52.
1542 2843 1602 2872 tua
1625 2842 1702 2875 affl:
1728 2843 1805 2873 luce
1822 2840 1869 2876 13¹.

319 2958 372 2987 62.
406 2959 612 3000 accersitus]
641 2959 709 2990 For
729 2960 790 2990 the
809 2961 994 2991 intention
1013 2961 1050 2991 of
1107 2960 1218 2992 Reich
1242 2962 1364 3001 points
1386 2963 1448 2992 out
1471 2962 1550 2992 that
1575 2962 1635 2992 the
1661 2962 1765 2993 other
1791 2972 1871 3001 pur-

276 2999 423 3039 ma'king
439 3002 621 3039 provision
638 3002 692 3033 for
708 3003 879 3035 Erasmus
898 3005 935 3034 in
953 3004 1045 3043 Eng-
1106 3014 1188 3044 pose
1206 3004 1244 3035 of
1257 3005 1315 3035 his
1325 3005 1411 3036 visit
1425 3005 1495 3035 had
1508 3007 1572 3036 not
1585 3007 1674 3036 been
1688 3005 1864 3045 divulged.

278 3042 365 3072 land
383 3052 437 3073 see
462 3044 546 3083 Epp.
574 3054 645 3082 517.
665 3047 707 3076 60
729 3057 765 3077 n.
790 3047 861 3077 and
883 3057 957 3086 577.
984 3048 1042 3078 Dr.
1150 3048 1202 3086 63.
1230 3048 1474 3089 diuinissimo]
1500 3049 1550 3079 Cf.
1571 3049 1633 3088 Ep.
1650 3058 1722 3088 215.
1742 3058 1808 3087 511.
