2010 3417
130 161 229 216 337]
664 164 734 204 TO
772 163 995 204 MARTIN
1032 164 1184 204 DORP
1642 164 1719 202 107

127 275 248 323 putes
277 286 445 313 omnem
476 274 705 314 humanam
736 275 1012 314 eruditionem
1041 287 1129 313 esse
1159 274 1514 322 contemnendam,
1548 276 1589 312 et
1617 273 1720 312 arbi·
1739 277 1807 310 620

128 338 252 378 traris
279 339 330 378 ad
358 339 465 379 hanc
493 340 738 390 sapientiam
766 341 922 379 maiore
950 339 1193 390 compendio
1222 339 1430 391 perueniri
1458 338 1721 389 transfigura-

128 403 241 443 tione
273 404 449 455 quadam
479 405 524 444 in
559 405 784 454 Christum,
818 408 1052 456 caeteraque
1087 405 1228 444 omnia
1261 418 1362 456 quae
1395 404 1522 454 digna
1553 404 1721 454 cognitu

128 468 226 518 sint,
249 469 413 520 plenius
432 470 478 508 in
495 470 590 509 fidei
610 470 769 509 lumine
793 470 972 521 perspici
998 483 1124 520 quam
1147 471 1192 509 in
1211 470 1432 509 hominum
1451 469 1580 518 libris,
1603 469 1721 508 facile

127 535 222 572 tuae
249 534 527 585 subscripsero
554 535 793 574 sententiae.
851 535 968 584 Quod
997 535 1044 584 si,
1074 537 1120 573 vt
1150 548 1261 573 nunc
1288 535 1412 574 habet
1439 535 1720 574 humanarum

129 611 267 638 rerum
304 601 449 647 status,
490 612 630 639 veram
672 599 925 649 theologicae
970 599 1031 638 rei
1075 600 1356 650 cognitionem
1396 600 1473 639 tibi
1510 599 1721 650 promittis
1738 603 1801 645 625

128 663 281 714 absque
312 663 552 713 linguarum
589 664 748 714 peritia,
785 665 1030 714 praesertim
1063 664 1151 704 eius
1184 665 1230 703 in
1262 678 1343 715 qua
1374 664 1590 715 pleraeque
1622 666 1720 704 sunt

127 728 302 768 traditae
330 728 496 767 diuinae
523 728 698 777 litterae,
730 731 817 768 tota
845 729 1047 768 nimirum
1075 741 1185 768 erras
1213 729 1290 768 via.

182 793 322 843 Atque
341 794 503 832 vtinam
528 794 636 832 hanc
662 807 751 832 rem
773 795 1016 844 persuadere
1036 794 1114 833 tibi
1138 796 1226 833 tam
1248 794 1407 844 possim
1430 807 1554 844 quam
1573 794 1693 844 cupio
1711 809 1720 840 ;

127 870 227 897 nam
246 857 365 909 cupio
384 870 469 897 non
493 859 635 898 minus
659 873 784 910 quam
811 861 852 898 et
877 862 919 898 te
945 859 1072 910 diligo
1096 861 1135 898 et
1161 859 1246 898 tuis
1271 859 1423 898 studiis
1448 859 1576 907 saueo,
1598 872 1720 909 porro

127 925 220 962 tum
242 923 369 974 diligo
398 923 657 973 effusissime,
685 927 779 963 tum
805 925 924 964 faueo
952 924 1270 975 impensissime.
1331 923 1448 973 Quod
1475 924 1511 963 si
1533 924 1611 962 tibi
1636 937 1721 962 non
1738 931 1802 971 630

127 1001 297 1040 possum
336 988 570 1039 approbare,
611 989 758 1029 saltem
795 990 900 1029 illud
938 990 1062 1029 amici
1102 989 1294 1040 precibus
1331 989 1458 1028 dones
1494 989 1633 1037 velim,
1675 991 1720 1027 vt

127 1053 360 1104 periculum
392 1054 526 1094 facias.
586 1055 706 1094 Nihil
738 1055 934 1095 recusabo
967 1054 1170 1106 supplicii,
1202 1054 1284 1093 nisi
1315 1054 1507 1093 fateberis
1538 1054 1720 1093 amicum

128 1132 175 1158 ac
202 1119 334 1158 fidum
362 1120 488 1159 fuisse
516 1120 748 1160 consilium.
807 1121 853 1160 Si
881 1121 980 1172 quid
1008 1122 1190 1159 meretur
1218 1120 1286 1158 hic
1312 1133 1431 1158 meus
1455 1121 1499 1158 in
1526 1122 1567 1158 te
1590 1133 1717 1168 amor,

128 1184 164 1224 si
202 1184 302 1236 quid
334 1185 444 1224 valet
481 1185 613 1236 patria
646 1187 893 1236 communis,
928 1187 966 1225 si
996 1186 1096 1237 quid
1134 1185 1285 1224 tribuis
1317 1185 1425 1233 huic,
1464 1198 1548 1224 non
1585 1185 1720 1224 ausim

129 1250 264 1289 dicere
292 1250 516 1299 doctrinae,
535 1250 607 1290 sed
633 1253 741 1290 certe
768 1251 993 1291 laboriosae
1022 1252 1067 1290 in
1093 1250 1215 1290 bonis
1243 1250 1395 1289 litteris
1423 1250 1721 1299 exercitationi,
1739 1257 1801 1300 635

128 1315 165 1355 si
183 1316 283 1367 quid
302 1316 451 1356 tribuis
470 1315 597 1356 aetati
622 1317 738 1366 (nam
765 1319 971 1368 quantum
994 1317 1046 1357 ad
1072 1329 1203 1356 annos
1227 1317 1389 1365 attinet,
1411 1329 1485 1366 ego
1510 1315 1589 1354 tibi
1606 1318 1722 1365 pater

128 1394 216 1421 esse
240 1381 446 1432 possem);
479 1383 566 1422 sine
593 1397 661 1423 me
683 1383 761 1422 hoc
786 1383 854 1422 vel
879 1382 1009 1434 gratia
1033 1382 1100 1421 vel
1123 1382 1354 1429 autoritate,
1377 1381 1413 1420 si
1438 1381 1578 1419 minus
1606 1394 1722 1431 argu·

127 1448 294 1497 mentis,
316 1448 389 1487 abs
414 1450 457 1488 te
481 1449 713 1500 impetrare.
772 1449 840 1487 Ita
862 1449 1032 1487 demum
1058 1448 1163 1487 mihi
1187 1447 1358 1486 videbor
1382 1446 1588 1497 eloquens,
1612 1447 1721 1497 quod

127 1513 176 1551 tu
203 1513 311 1552 mihi
338 1513 444 1553 soles
471 1515 664 1563 tribuere,
691 1515 727 1554 si
754 1513 862 1554 hanc
889 1528 977 1553 rem
1001 1526 1250 1565 persuasero.
1312 1512 1428 1561 Quod
1455 1512 1492 1551 si
1519 1525 1720 1562 assequor,

126 1577 317 1617 futurum
332 1581 394 1618 est
407 1581 455 1619 vt
473 1582 644 1630 vterque
657 1580 920 1631 gaudeamus,
938 1593 1012 1631 ego
1027 1579 1186 1618 dedisse
1202 1578 1434 1626 consilium,
1449 1579 1496 1616 tu
1511 1578 1695 1628 paruisse
1711 1591 1720 1624 ;
1740 1584 1805 1626 640

127 1645 170 1682 et
196 1644 268 1694 qui
286 1657 397 1683 nunc
422 1658 466 1684 es
489 1646 678 1685 omnium
697 1646 975 1694 charissimus,
998 1645 1076 1684 hoc
1098 1644 1268 1684 nomine
1296 1657 1381 1682 non
1407 1644 1529 1694 paulo
1555 1644 1721 1682 futurus

130 1721 174 1747 es
192 1709 364 1757 charior,
387 1711 494 1760 quod
513 1713 555 1750 te
573 1711 651 1749 tibi
669 1711 918 1750 reddiderim
940 1710 1178 1749 chariorem.
1239 1709 1314 1748 Sin
1339 1710 1490 1757 minus,
1513 1721 1653 1747 vereor
1671 1721 1722 1746 ne

130 1776 232 1813 natu
265 1774 349 1813 iam
379 1775 573 1824 grandior
605 1789 651 1815 ac
683 1789 823 1814 rerum
853 1788 931 1814 vsu
964 1776 1108 1814 doctus
1139 1777 1181 1814 et
1213 1787 1356 1813 meum
1388 1774 1632 1824 probaturus
1665 1773 1722 1812 sis

132 1839 354 1878 consilium
377 1842 418 1879 et
443 1842 559 1879 tuam
587 1840 859 1879 damnaturus
884 1840 1160 1888 sententiam;
1194 1839 1382 1890 quodque
1407 1839 1489 1878 fere
1518 1838 1621 1877 solet
1644 1852 1721 1877 vsu

130 1905 284 1953 venire,
329 1907 421 1944 tum
464 1905 674 1955 intelligas
715 1918 895 1944 errorem
934 1908 1066 1954 tuum,
1110 1918 1206 1944 cum
1248 1917 1386 1943 serum
1429 1904 1508 1943 erit
1550 1903 1717 1942 mederi.
1739 1911 1801 1952 645

130 1970 301 2009 Possem
319 1969 399 2008 tibi
417 1970 646 2020 permultos
665 1984 905 2009 enumerare
924 1970 1186 2019 nominatim,
1210 1969 1281 2021 qui
1300 1970 1392 2008 cani
1411 1969 1495 2008 iam
1515 1968 1721 2019 coeperint

128 2035 174 2074 in
202 2035 270 2074 his
297 2035 448 2074 litteris
475 2049 766 2086 repuerascere,
794 2036 903 2086 quod
926 2037 1093 2075 tandem
1121 2035 1514 2075 animaduertissent
1539 2034 1630 2073 sine
1655 2033 1721 2073 his

129 2113 328 2140 mancum
348 2113 394 2139 ac
413 2113 577 2139 caecum
596 2114 684 2140 esse
701 2101 939 2140 litterarum
959 2101 1158 2140 studium.

182 2166 340 2205 Verum
358 2166 435 2204 hac
454 2165 503 2204 de
522 2179 566 2204 re
586 2166 715 2206 nimis
733 2167 818 2205 iam
837 2167 982 2205 multa.
1027 2168 1084 2206 Vt
1103 2167 1152 2205 ad
1173 2168 1289 2205 tuam
1308 2166 1472 2205 redeam
1490 2165 1722 2216 epistolam⁷

129 2231 325 2284 quoniam
343 2230 556 2270 existimas
576 2231 652 2270 hac
666 2244 749 2271 vna
768 2232 928 2270 ratione
944 2232 1067 2271 leniri
1081 2245 1200 2282 posse
1218 2230 1504 2280 theologorum
1518 2230 1720 2269 inuidiam
1739 2238 1802 2279 650

129 2300 173 2336 et
202 2299 384 2336 veterem
414 2296 637 2336 instaurari
668 2296 864 2345 fauorem,
897 2297 933 2336 si
963 2299 1079 2348 quasi
1105 2296 1321 2348 παλινῳδῶν
1351 2296 1527 2346 Sophiae
1556 2295 1720 2334 laudem

131 2374 335 2413 opponam
365 2361 520 2401 Morias
547 2361 763 2410 Encomio,
791 2363 1061 2401 vehementer
1087 2362 1265 2402 hortaris
1297 2363 1338 2400 et
1371 2360 1558 2399 obsecras
1589 2362 1635 2399 vt
1663 2360 1719 2398 ita

130 2427 288 2466 faciam.
356 2427 456 2477 Ego,
491 2428 553 2466 mi
588 2427 729 2478 Dorpi,
764 2428 836 2477 qui
873 2429 1087 2467 neminem
1125 2430 1346 2466 contemno
1384 2426 1465 2465 nisi
1502 2425 1717 2475 meipsum,

132 2491 283 2542 quique
303 2491 477 2540 cupiam,
502 2492 538 2531 si
555 2491 686 2540 liceat,
708 2493 924 2532 vniuersos
948 2492 1144 2532 mortales
1165 2492 1314 2531 habere
1334 2491 1525 2541 placatos,
1550 2504 1625 2528 nec
1644 2490 1720 2528 hoc

130 2556 284 2595 laboris
303 2568 497 2605 grauarer
515 2557 730 2607 suscipere,
753 2558 837 2596 nisi
856 2558 1131 2608 prospicerem
1154 2559 1344 2596 futurum
1363 2558 1409 2595 vt
1433 2556 1468 2594 si
1491 2555 1590 2605 quid
1610 2555 1719 2605 apud
1737 2562 1800 2606 655

132 2620 327 2672 pauculos
359 2620 524 2670 iniquos
556 2623 598 2660 et
629 2621 817 2660 indoctos
851 2625 990 2662 ortum
1023 2625 1084 2662 est
1121 2622 1314 2670 inuidiae,
1348 2634 1433 2659 non
1467 2620 1603 2658 solum
1636 2633 1720 2658 non

132 2687 396 2736 extinguatur
426 2686 702 2725 verumetiam
739 2687 873 2738 magis
909 2688 1186 2727 exacerbetur.
1246 2686 1429 2725 Proinde
1467 2685 1598 2724 satius
1634 2697 1720 2723 esse

133 2753 236 2792 duco
262 2752 313 2801 μὴ
338 2753 446 2789 κινεῖν
473 2751 515 2790 τὸ
546 2751 583 2789 εὖ
613 2752 776 2800 κείμενον
805 2753 926 2800 κακὸν,
953 2753 1013 2790 καὶ
1040 2753 1175 2801 ταύτης
1203 2751 1419 2801 Καμαρίνας
1443 2749 1495 2799 μὴ
1525 2749 1718 2788 ἅπτεσθαι.

132 2817 312 2865 Rectius,
336 2816 380 2854 ni
398 2815 530 2863 fallor,
553 2818 739 2865 tempore
758 2816 994 2867 languescet
1012 2816 1112 2856 haec
1131 2817 1306 2855 excetra.

185 2882 307 2921 Nunc
339 2882 390 2921 ad
420 2881 593 2920 alteram
630 2880 826 2931 epistolae
856 2883 952 2920 tuae
986 2883 1146 2932 partem
1175 2880 1306 2920 venio.
1377 2880 1551 2931 Operam
1584 2892 1720 2918 meam
1738 2888 1802 2920 660

138 2993 142 2997 ·
173 3022 248 3060 652.
268 3018 441 3059 hortaris]
467 3018 528 3058 Ep.
545 3028 618 3058 304.
639 3018 758 3057 69-75.
1000 3017 1075 3048 660.
1096 3016 1262 3057 alteram]
1289 3016 1350 3056 Ep.
1370 3026 1443 3057 304.
1463 3017 1502 3048 81
1522 3027 1592 3056 seq.
