<?xml version="1.0" encoding="UTF-8"?>
<!DOCTYPE html PUBLIC "-//W3C//DTD XHTML 1.0 Transitional//EN"
    "http://www.w3.org/TR/xhtml1/DTD/xhtml1-transitional.dtd">
<html xmlns="http://www.w3.org/1999/xhtml" xml:lang="en" lang="en">
 <head>
  <title>
</title>
<meta http-equiv="Content-Type" content="text/html;charset=utf-8" />
  <meta name='ocr-system' content='tesseract 3.04.00' />
  <meta name='ocr-capabilities' content='ocr_page ocr_carea ocr_par ocr_line ocrx_word'/>
</head>
<body>
  <div class='ocr_page' id='page_1' title='image "./opusepistolarumd02erasuoft/opusepistolarumd02erasuoft_0521.png"; bbox 0 0 2010 3417; ppageno 0'>
   <div class='ocr_carea' id='block_1_1' title="bbox 135 159 1723 218">
    <p class='ocr_par' dir='ltr' id='par_1_1' title="bbox 135 159 1723 218">
     <span class='ocr_line' id='line_1_1' title="bbox 135 159 1723 218; baseline -0.004 -16"><span class='ocrx_word' id='word_1_1' title='bbox 135 163 231 218; x_wconf 88' lang='lat'><strong>542]</strong></span> <span class='ocrx_word' id='word_1_2' title='bbox 611 163 682 202; x_wconf 89' lang='lat' dir='ltr'>TO</span> <span class='ocrx_word' id='word_1_3' title='bbox 721 163 922 202; x_wconf 85' lang='lat' dir='ltr'><strong>HENRY</strong></span> <span class='ocrx_word' id='word_1_4' title='bbox 960 161 1201 202; x_wconf 84' lang='lat' dir='ltr'><strong>AFINIUS</strong></span> <span class='ocrx_word' id='word_1_5' title='bbox 1642 159 1723 197; x_wconf 83' lang='lat'>493</span> 
     </span>
    </p>
   </div>
   <div class='ocr_carea' id='block_1_2' title="bbox 134 271 1801 2668">
    <p class='ocr_par' dir='ltr' id='par_1_2' title="bbox 134 271 1791 1498">
     <span class='ocr_line' id='line_1_2' title="bbox 134 271 1723 315; baseline -0.004 0"><span class='ocrx_word' id='word_1_6' title='bbox 134 276 234 315; x_wconf 85' lang='lat' dir='ltr'>solis</span> <span class='ocrx_word' id='word_1_7' title='bbox 257 287 421 315; x_wconf 91' lang='lat' dir='ltr'>accessu</span> <span class='ocrx_word' id='word_1_8' title='bbox 436 274 544 313; x_wconf 87' lang='lat' dir='ltr'>veris</span> <span class='ocrx_word' id='word_1_9' title='bbox 572 273 871 312; x_wconf 78' lang='lat' dir='ltr'>amoenitatem</span> <span class='ocrx_word' id='word_1_10' title='bbox 895 272 1095 311; x_wconf 80' lang='lat' dir='ltr'><strong>referente</strong></span> <span class='ocrx_word' id='word_1_11' title='bbox 1115 271 1373 311; x_wconf 86' lang='lat' dir='ltr'>reuiuiscunt</span> <span class='ocrx_word' id='word_1_12' title='bbox 1398 284 1442 310; x_wconf 87' lang='lat' dir='ltr'>ac</span> <span class='ocrx_word' id='word_1_13' title='bbox 1464 271 1723 310; x_wconf 87' lang='lat' dir='ltr'>reuirescunt</span> 
     </span>
     <span class='ocr_line' id='line_1_3' title="bbox 134 336 1723 389; baseline -0.004 -9"><span class='ocrx_word' id='word_1_14' title='bbox 134 342 336 388; x_wconf 80' lang='lat' dir='ltr'>vniuersa,</span> <span class='ocrx_word' id='word_1_15' title='bbox 353 343 393 378; x_wconf 88' lang='lat' dir='ltr'>et</span> <span class='ocrx_word' id='word_1_16' title='bbox 405 340 455 378; x_wconf 86' lang='lat' dir='ltr'>ad</span> <span class='ocrx_word' id='word_1_17' title='bbox 463 339 689 389; x_wconf 89' lang='lat' dir='ltr'>pristinum</span> <span class='ocrx_word' id='word_1_18' title='bbox 696 338 856 376; x_wconf 86' lang='lat' dir='ltr'>cultum</span> <span class='ocrx_word' id='word_1_19' title='bbox 870 339 1084 376; x_wconf 90' lang='lat' dir='ltr'>reuocatur</span> <span class='ocrx_word' id='word_1_20' title='bbox 1097 337 1319 376; x_wconf 91' lang='lat' dir='ltr'>hominum</span> <span class='ocrx_word' id='word_1_21' title='bbox 1334 339 1454 375; x_wconf 87' lang='lat' dir='ltr'>antea</span> <span class='ocrx_word' id='word_1_22' title='bbox 1466 336 1723 387; x_wconf 73' lang='lat' dir='ltr'><strong>torpentium</strong></span> 
     </span>
     <span class='ocr_line' id='line_1_4' title="bbox 135 401 1786 453; baseline -0.003 -9"><span class='ocrx_word' id='word_1_23' title='bbox 135 406 352 452; x_wconf 86' lang='lat' dir='ltr'>industria,</span> <span class='ocrx_word' id='word_1_24' title='bbox 375 405 476 443; x_wconf 92' lang='lat' dir='ltr'>dum</span> <span class='ocrx_word' id='word_1_25' title='bbox 505 404 572 442; x_wconf 92' lang='lat' dir='ltr'>hic</span> <span class='ocrx_word' id='word_1_26' title='bbox 601 416 749 442; x_wconf 87' lang='lat' dir='ltr'>aruum</span> <span class='ocrx_word' id='word_1_27' title='bbox 778 403 1017 453; x_wconf 77' lang='lat' dir='ltr'>proscindit,</span> <span class='ocrx_word' id='word_1_28' title='bbox 1036 402 1109 441; x_wconf 91' lang='lat' dir='ltr'>ille</span> <span class='ocrx_word' id='word_1_29' title='bbox 1136 403 1267 441; x_wconf 88' lang='lat' dir='ltr'>vitem</span> <span class='ocrx_word' id='word_1_30' title='bbox 1288 403 1419 452; x_wconf 89' lang='lat' dir='ltr'>putat,</span> <span class='ocrx_word' id='word_1_31' title='bbox 1436 401 1541 440; x_wconf 85' lang='lat' dir='ltr'>alius</span> <span class='ocrx_word' id='word_1_32' title='bbox 1561 401 1720 447; x_wconf 89' lang='lat' dir='ltr'>inserit,</span> <span class='ocrx_word' id='word_1_33' title='bbox 1748 412 1786 433; x_wconf 92' lang='lat'>10</span> 
     </span>
     <span class='ocr_line' id='line_1_5' title="bbox 135 466 1724 518; baseline -0.003 -9"><span class='ocrx_word' id='word_1_34' title='bbox 135 471 242 509; x_wconf 86' lang='lat' dir='ltr'>alius</span> <span class='ocrx_word' id='word_1_35' title='bbox 273 471 492 509; x_wconf 89' lang='lat' dir='ltr'>stercorat:</span> <span class='ocrx_word' id='word_1_36' title='bbox 518 469 577 507; x_wconf 89' lang='lat' dir='ltr'>ita</span> <span class='ocrx_word' id='word_1_37' title='bbox 595 468 694 506; x_wconf 92' lang='lat' dir='ltr'>belli</span> <span class='ocrx_word' id='word_1_38' title='bbox 711 468 967 518; x_wconf 85' lang='lat' dir='ltr'>temporibus</span> <span class='ocrx_word' id='word_1_39' title='bbox 995 468 1342 506; x_wconf 87' lang='lat' dir='ltr'>intermoriuntur</span> <span class='ocrx_word' id='word_1_40' title='bbox 1359 466 1545 517; x_wconf 90' lang='lat' dir='ltr'>neglecta</span> <span class='ocrx_word' id='word_1_41' title='bbox 1575 466 1724 513; x_wconf 88' lang='lat' dir='ltr'>studia,</span> 
     </span>
     <span class='ocr_line' id='line_1_6' title="bbox 137 531 1725 586; baseline -0.003 -12"><span class='ocrx_word' id='word_1_42' title='bbox 137 549 215 586; x_wconf 90' lang='lat' dir='ltr'>que</span> <span class='ocrx_word' id='word_1_43' title='bbox 228 535 465 586; x_wconf 85' lang='lat' dir='ltr'>principum</span> <span class='ocrx_word' id='word_1_44' title='bbox 483 534 623 572; x_wconf 87' lang='lat' dir='ltr'>fauore</span> <span class='ocrx_word' id='word_1_45' title='bbox 642 533 968 582; x_wconf 83' lang='lat' dir='ltr'>liberalitateque</span> <span class='ocrx_word' id='word_1_46' title='bbox 987 532 1123 571; x_wconf 86' lang='lat' dir='ltr'>solent</span> <span class='ocrx_word' id='word_1_47' title='bbox 1143 533 1399 571; x_wconf 87' lang='lat' dir='ltr'>reuirescere.</span> <span class='ocrx_word' id='word_1_48' title='bbox 1448 531 1725 582; x_wconf 86' lang='lat' dir='ltr'>Posteaquam</span> 
     </span>
     <span class='ocr_line' id='line_1_7' title="bbox 136 597 1727 648; baseline -0.002 -9"><span class='ocrx_word' id='word_1_49' title='bbox 136 602 248 639; x_wconf 88' lang='lat' dir='ltr'>enim</span> <span class='ocrx_word' id='word_1_50' title='bbox 286 600 368 639; x_wconf 88' lang='lat' dir='ltr'>Leo</span> <span class='ocrx_word' id='word_1_51' title='bbox 401 599 607 646; x_wconf 81' lang='lat' dir='ltr'>Pontifex,</span> <span class='ocrx_word' id='word_1_52' title='bbox 640 598 786 637; x_wconf 90' lang='lat' dir='ltr'>multis</span> <span class='ocrx_word' id='word_1_53' title='bbox 817 597 983 648; x_wconf 92' lang='lat' dir='ltr'>quidem</span> <span class='ocrx_word' id='word_1_54' title='bbox 1013 598 1084 636; x_wconf 92' lang='lat' dir='ltr'>ille</span> <span class='ocrx_word' id='word_1_55' title='bbox 1125 598 1195 637; x_wconf 88' lang='lat' dir='ltr'>sed</span> <span class='ocrx_word' id='word_1_56' title='bbox 1226 598 1303 636; x_wconf 91' lang='lat' dir='ltr'>hoc</span> <span class='ocrx_word' id='word_1_57' title='bbox 1334 597 1524 647; x_wconf 84' lang='lat' dir='ltr'>precipue</span> <span class='ocrx_word' id='word_1_58' title='bbox 1558 597 1727 636; x_wconf 89' lang='lat' dir='ltr'>nomine</span> 
     </span>
     <span class='ocr_line' id='line_1_8' title="bbox 137 662 1727 715; baseline -0.002 -11"><span class='ocrx_word' id='word_1_59' title='bbox 137 665 357 713; x_wconf 81' lang='lat' dir='ltr'>Maximus,</span> <span class='ocrx_word' id='word_1_60' title='bbox 387 664 553 715; x_wconf 88' lang='lat' dir='ltr'>publica</span> <span class='ocrx_word' id='word_1_61' title='bbox 580 677 680 704; x_wconf 88' lang='lat' dir='ltr'>voce</span> <span class='ocrx_word' id='word_1_62' title='bbox 705 663 964 703; x_wconf 83' lang='lat' dir='ltr'>Christianos</span> <span class='ocrx_word' id='word_1_63' title='bbox 990 676 1135 701; x_wconf 90' lang='lat' dir='ltr'>omnes</span> <span class='ocrx_word' id='word_1_64' title='bbox 1166 663 1216 702; x_wconf 89' lang='lat' dir='ltr'>ad</span> <span class='ocrx_word' id='word_1_65' title='bbox 1244 665 1435 701; x_wconf 91' lang='lat' dir='ltr'>mutuam</span> <span class='ocrx_word' id='word_1_66' title='bbox 1466 662 1727 701; x_wconf 86' lang='lat' dir='ltr'>concordiam</span> 
     </span>
     <span class='ocr_line' id='line_1_9' title="bbox 137 727 1784 780; baseline -0.002 -11"><span class='ocrx_word' id='word_1_67' title='bbox 137 730 299 778; x_wconf 89' lang='lat' dir='ltr'>inuitat,</span> <span class='ocrx_word' id='word_1_68' title='bbox 322 732 445 780; x_wconf 91' lang='lat' dir='ltr'>atque</span> <span class='ocrx_word' id='word_1_69' title='bbox 463 730 506 768; x_wconf 90' lang='lat' dir='ltr'>id</span> <span class='ocrx_word' id='word_1_70' title='bbox 520 729 619 768; x_wconf 89' lang='lat' dir='ltr'>totis</span> <span class='ocrx_word' id='word_1_71' title='bbox 637 729 798 768; x_wconf 85' lang='lat' dir='ltr'>viribus</span> <span class='ocrx_word' id='word_1_72' title='bbox 812 728 899 778; x_wconf 87' lang='lat' dir='ltr'>agit</span> <span class='ocrx_word' id='word_1_73' title='bbox 918 742 1003 767; x_wconf 93' lang='lat' dir='ltr'>non</span> <span class='ocrx_word' id='word_1_74' title='bbox 1023 727 1148 767; x_wconf 90' lang='lat' dir='ltr'>titulo</span> <span class='ocrx_word' id='word_1_75' title='bbox 1168 730 1336 766; x_wconf 87' lang='lat' dir='ltr'>tantum</span> <span class='ocrx_word' id='word_1_76' title='bbox 1348 728 1729 767; x_wconf 85' lang='lat' dir='ltr'>Christianissimus</span> <span class='ocrx_word' id='word_1_77' title='bbox 1748 739 1784 770; x_wconf 82' lang='lat'>15</span> 
     </span>
     <span class='ocr_line' id='line_1_10' title="bbox 137 791 1728 843; baseline -0.003 -9"><span class='ocrx_word' id='word_1_78' title='bbox 137 795 369 835; x_wconf 83' lang='lat' dir='ltr'>Galliarum</span> <span class='ocrx_word' id='word_1_79' title='bbox 389 795 478 833; x_wconf 82' lang='lat' dir='ltr'>Rex</span> <span class='ocrx_word' id='word_1_80' title='bbox 498 794 750 841; x_wconf 87' lang='lat' dir='ltr'>Franciscus,</span> <span class='ocrx_word' id='word_1_81' title='bbox 769 793 914 843; x_wconf 90' lang='lat' dir='ltr'>optimi</span> <span class='ocrx_word' id='word_1_82' title='bbox 934 794 1108 843; x_wconf 88' lang='lat' dir='ltr'>pastoris</span> <span class='ocrx_word' id='word_1_83' title='bbox 1122 793 1326 843; x_wconf 90' lang='lat' dir='ltr'>optimum</span> <span class='ocrx_word' id='word_1_84' title='bbox 1342 791 1563 831; x_wconf 91' lang='lat' dir='ltr'>consilium</span> <span class='ocrx_word' id='word_1_85' title='bbox 1583 792 1728 842; x_wconf 88' lang='lat' dir='ltr'>gnaui-</span> 
     </span>
     <span class='ocr_line' id='line_1_11' title="bbox 136 857 1728 910; baseline -0.002 -11"><span class='ocrx_word' id='word_1_86' title='bbox 136 863 202 899; x_wconf 90' lang='lat' dir='ltr'>ter</span> <span class='ocrx_word' id='word_1_87' title='bbox 220 873 439 910; x_wconf 86' lang='lat' dir='ltr'>exequens,</span> <span class='ocrx_word' id='word_1_88' title='bbox 465 861 505 897; x_wconf 92' lang='lat' dir='ltr'>et</span> <span class='ocrx_word' id='word_1_89' title='bbox 524 858 670 898; x_wconf 91' lang='lat' dir='ltr'>eodem</span> <span class='ocrx_word' id='word_1_90' title='bbox 690 858 939 897; x_wconf 88' lang='lat' dir='ltr'>incumbunt</span> <span class='ocrx_word' id='word_1_91' title='bbox 959 858 1047 896; x_wconf 79' lang='lat' dir='ltr'>Rex</span> <span class='ocrx_word' id='word_1_92' title='bbox 1068 857 1305 896; x_wconf 91' lang='lat' dir='ltr'>Catholicus</span> <span class='ocrx_word' id='word_1_93' title='bbox 1334 857 1506 897; x_wconf 84' lang='lat' dir='ltr'>Carolus</span> <span class='ocrx_word' id='word_1_94' title='bbox 1525 858 1728 906; x_wconf 89' lang='lat' dir='ltr'>Cesarque</span> 
     </span>
     <span class='ocr_line' id='line_1_12' title="bbox 138 922 1730 974; baseline -0.003 -9"><span class='ocrx_word' id='word_1_95' title='bbox 138 925 461 973; x_wconf 84' lang='lat' dir='ltr'>Maximilianus,</span> <span class='ocrx_word' id='word_1_96' title='bbox 502 925 708 974; x_wconf 88' lang='lat' dir='ltr'>respirant</span> <span class='ocrx_word' id='word_1_97' title='bbox 750 936 895 962; x_wconf 90' lang='lat' dir='ltr'>omnes</span> <span class='ocrx_word' id='word_1_98' title='bbox 937 923 1070 961; x_wconf 91' lang='lat' dir='ltr'>bonae</span> <span class='ocrx_word' id='word_1_99' title='bbox 1111 922 1362 973; x_wconf 89' lang='lat' dir='ltr'>disciplinae,</span> <span class='ocrx_word' id='word_1_100' title='bbox 1405 936 1484 973; x_wconf 90' lang='lat' dir='ltr'>que</span> <span class='ocrx_word' id='word_1_101' title='bbox 1522 924 1568 960; x_wconf 86' lang='lat' dir='ltr'>vt</span> <span class='ocrx_word' id='word_1_102' title='bbox 1609 922 1730 960; x_wconf 90' lang='lat' dir='ltr'>flores</span> 
     </span>
     <span class='ocr_line' id='line_1_13' title="bbox 139 986 1731 1042; baseline -0.003 -13"><span class='ocrx_word' id='word_1_103' title='bbox 139 990 333 1042; x_wconf 82' lang='lat' dir='ltr'>Zephyri,</span> <span class='ocrx_word' id='word_1_104' title='bbox 355 990 413 1028; x_wconf 90' lang='lat' dir='ltr'>ita</span> <span class='ocrx_word' id='word_1_105' title='bbox 430 990 542 1040; x_wconf 82' lang='lat' dir='ltr'>pacis</span> <span class='ocrx_word' id='word_1_106' title='bbox 562 989 756 1028; x_wconf 84' lang='lat' dir='ltr'>alumnae</span> <span class='ocrx_word' id='word_1_107' title='bbox 776 1001 938 1038; x_wconf 88' lang='lat' dir='ltr'>semper</span> <span class='ocrx_word' id='word_1_108' title='bbox 963 1001 1048 1027; x_wconf 90' lang='lat' dir='ltr'>esse</span> <span class='ocrx_word' id='word_1_109' title='bbox 1077 990 1392 1026; x_wconf 86' lang='lat' dir='ltr'>consueuerunt.</span> <span class='ocrx_word' id='word_1_110' title='bbox 1439 986 1731 1036; x_wconf 89' lang='lat' dir='ltr'>Accinguntur</span> 
     </span>
     <span class='ocr_line' id='line_1_14' title="bbox 138 1052 1789 1105; baseline -0.004 -11"><span class='ocrx_word' id='word_1_111' title='bbox 138 1056 187 1094; x_wconf 88' lang='lat' dir='ltr'>ad</span> <span class='ocrx_word' id='word_1_112' title='bbox 205 1055 465 1094; x_wconf 91' lang='lat' dir='ltr'>intermissas</span> <span class='ocrx_word' id='word_1_113' title='bbox 485 1068 629 1105; x_wconf 87' lang='lat' dir='ltr'>operas</span> <span class='ocrx_word' id='word_1_114' title='bbox 646 1054 783 1093; x_wconf 89' lang='lat' dir='ltr'>felicia</span> <span class='ocrx_word' id='word_1_115' title='bbox 801 1053 977 1104; x_wconf 88' lang='lat' dir='ltr'>ingenia.</span> <span class='ocrx_word' id='word_1_116' title='bbox 1037 1052 1120 1091; x_wconf 92' lang='lat' dir='ltr'>Hic</span> <span class='ocrx_word' id='word_1_117' title='bbox 1132 1065 1220 1091; x_wconf 89' lang='lat' dir='ltr'>rem</span> <span class='ocrx_word' id='word_1_118' title='bbox 1238 1052 1513 1102; x_wconf 83' lang='lat' dir='ltr'>theologicam</span> <span class='ocrx_word' id='word_1_119' title='bbox 1533 1052 1726 1101; x_wconf 82' lang='lat' dir='ltr'>restituit,</span> <span class='ocrx_word' id='word_1_120' title='bbox 1751 1067 1789 1088; x_wconf 83' lang='lat'>20</span> 
     </span>
     <span class='ocr_line' id='line_1_15' title="bbox 140 1118 1732 1169; baseline -0.001 -11"><span class='ocrx_word' id='word_1_121' title='bbox 140 1120 209 1160; x_wconf 88' lang='lat' dir='ltr'>ille</span> <span class='ocrx_word' id='word_1_122' title='bbox 229 1133 317 1160; x_wconf 87' lang='lat' dir='ltr'>rem</span> <span class='ocrx_word' id='word_1_123' title='bbox 332 1121 546 1168; x_wconf 88' lang='lat' dir='ltr'>medicam,</span> <span class='ocrx_word' id='word_1_124' title='bbox 565 1120 673 1158; x_wconf 88' lang='lat' dir='ltr'>alius</span> <span class='ocrx_word' id='word_1_125' title='bbox 692 1119 776 1158; x_wconf 91' lang='lat' dir='ltr'>situ</span> <span class='ocrx_word' id='word_1_126' title='bbox 791 1119 996 1169; x_wconf 83' lang='lat' dir='ltr'>perituros</span> <span class='ocrx_word' id='word_1_127' title='bbox 1007 1120 1169 1157; x_wconf 85' lang='lat' dir='ltr'>autores</span> <span class='ocrx_word' id='word_1_128' title='bbox 1183 1118 1266 1157; x_wconf 88' lang='lat' dir='ltr'>luci</span> <span class='ocrx_word' id='word_1_129' title='bbox 1282 1118 1428 1164; x_wconf 90' lang='lat' dir='ltr'>reddit,</span> <span class='ocrx_word' id='word_1_130' title='bbox 1445 1118 1551 1156; x_wconf 91' lang='lat' dir='ltr'>alius</span> <span class='ocrx_word' id='word_1_131' title='bbox 1568 1118 1732 1157; x_wconf 90' lang='lat' dir='ltr'>mendis</span> 
     </span>
     <span class='ocr_line' id='line_1_16' title="bbox 139 1183 1731 1236; baseline -0.003 -11"><span class='ocrx_word' id='word_1_132' title='bbox 139 1186 296 1225; x_wconf 88' lang='lat' dir='ltr'>obsitos</span> <span class='ocrx_word' id='word_1_133' title='bbox 324 1188 531 1236; x_wconf 85' lang='lat' dir='ltr'>repurgat,</span> <span class='ocrx_word' id='word_1_134' title='bbox 561 1185 668 1223; x_wconf 90' lang='lat' dir='ltr'>alius</span> <span class='ocrx_word' id='word_1_135' title='bbox 698 1183 811 1222; x_wconf 89' lang='lat' dir='ltr'>aliud</span> <span class='ocrx_word' id='word_1_136' title='bbox 844 1183 1028 1222; x_wconf 89' lang='lat' dir='ltr'>molitur.</span> <span class='ocrx_word' id='word_1_137' title='bbox 1085 1183 1192 1232; x_wconf 79' lang='lat' dir='ltr'>Quid</span> <span class='ocrx_word' id='word_1_138' title='bbox 1226 1183 1408 1222; x_wconf 79' lang='lat' dir='ltr'>multis?</span> <span class='ocrx_word' id='word_1_139' title='bbox 1447 1184 1549 1222; x_wconf 89' lang='lat' dir='ltr'>dum</span> <span class='ocrx_word' id='word_1_140' title='bbox 1576 1184 1731 1233; x_wconf 89' lang='lat' dir='ltr'>passim</span> 
     </span>
     <span class='ocr_line' id='line_1_17' title="bbox 140 1248 1727 1302; baseline -0.002 -11"><span class='ocrx_word' id='word_1_141' title='bbox 140 1265 260 1302; x_wconf 90' lang='lat' dir='ltr'>opere</span> <span class='ocrx_word' id='word_1_142' title='bbox 288 1251 431 1291; x_wconf 88' lang='lat' dir='ltr'>omnia</span> <span class='ocrx_word' id='word_1_143' title='bbox 458 1251 622 1290; x_wconf 82' lang='lat' dir='ltr'>seruent</span> <span class='ocrx_word' id='word_1_144' title='bbox 648 1249 779 1288; x_wconf 87' lang='lat' dir='ltr'>veluti</span> <span class='ocrx_word' id='word_1_145' title='bbox 803 1249 1074 1287; x_wconf 87' lang='lat' dir='ltr'>sarcientium</span> <span class='ocrx_word' id='word_1_146' title='bbox 1094 1249 1203 1299; x_wconf 86' lang='lat' dir='ltr'>quod</span> <span class='ocrx_word' id='word_1_147' title='bbox 1230 1248 1339 1287; x_wconf 91' lang='lat' dir='ltr'>bello</span> <span class='ocrx_word' id='word_1_148' title='bbox 1361 1249 1610 1287; x_wconf 86' lang='lat' dir='ltr'>conuulsum</span> <span class='ocrx_word' id='word_1_149' title='bbox 1630 1251 1727 1298; x_wconf 88' lang='lat' dir='ltr'>erat,</span> 
     </span>
     <span class='ocr_line' id='line_1_18' title="bbox 139 1314 1733 1364; baseline -0.002 -8"><span class='ocrx_word' id='word_1_150' title='bbox 139 1317 330 1356; x_wconf 86' lang='lat' dir='ltr'>enitescit</span> <span class='ocrx_word' id='word_1_151' title='bbox 353 1316 490 1356; x_wconf 84' lang='lat' dir='ltr'>omnis</span> <span class='ocrx_word' id='word_1_152' title='bbox 514 1315 586 1354; x_wconf 85' lang='lat' dir='ltr'>illa</span> <span class='ocrx_word' id='word_1_153' title='bbox 611 1315 758 1364; x_wconf 89' lang='lat' dir='ltr'>sophia</span> <span class='ocrx_word' id='word_1_154' title='bbox 776 1327 900 1364; x_wconf 90' lang='lat' dir='ltr'>quam</span> <span class='ocrx_word' id='word_1_155' title='bbox 920 1317 1018 1352; x_wconf 91' lang='lat' dir='ltr'>tuus</span> <span class='ocrx_word' id='word_1_156' title='bbox 1039 1314 1222 1352; x_wconf 85' lang='lat' dir='ltr'>Galenus</span> <span class='ocrx_word' id='word_1_157' title='bbox 1243 1315 1451 1364; x_wconf 75' lang='grc' dir='ltr'>ἐπιστήμην</span> <span class='ocrx_word' id='word_1_158' title='bbox 1469 1317 1540 1352; x_wconf 85' lang='grc' dir='ltr'>τῶν</span> <span class='ocrx_word' id='word_1_159' title='bbox 1567 1331 1608 1354; x_wconf 88' lang='grc' dir='ltr'>τε</span> <span class='ocrx_word' id='word_1_160' title='bbox 1629 1316 1733 1354; x_wconf 86' lang='grc' dir='ltr'>θείων</span> 
     </span>
     <span class='ocr_line' id='line_1_19' title="bbox 142 1378 1791 1432; baseline -0.001 -11"><span class='ocrx_word' id='word_1_161' title='bbox 142 1384 202 1421; x_wconf 84' lang='grc' dir='ltr'>καὶ</span> <span class='ocrx_word' id='word_1_162' title='bbox 233 1382 468 1432; x_wconf 83' lang='grc' dir='ltr'>ἀνθρωπίνων</span> <span class='ocrx_word' id='word_1_163' title='bbox 498 1378 726 1432; x_wconf 82' lang='grc' dir='ltr'>πραγμάτων</span> <span class='ocrx_word' id='word_1_164' title='bbox 759 1379 906 1418; x_wconf 87' lang='lat' dir='ltr'>definit</span> <span class='ocrx_word' id='word_1_165' title='bbox 939 1381 980 1417; x_wconf 91' lang='lat' dir='ltr'>et</span> <span class='ocrx_word' id='word_1_166' title='bbox 1011 1391 1085 1418; x_wconf 90' lang='lat' dir='ltr'>suo</span> <span class='ocrx_word' id='word_1_167' title='bbox 1123 1392 1288 1428; x_wconf 87' lang='lat' dir='ltr'>quoque</span> <span class='ocrx_word' id='word_1_168' title='bbox 1325 1378 1463 1418; x_wconf 91' lang='lat' dir='ltr'>seculo</span> <span class='ocrx_word' id='word_1_169' title='bbox 1501 1381 1731 1431; x_wconf 84' lang='lat' dir='ltr'>neglectam</span> <span class='ocrx_word' id='word_1_170' title='bbox 1755 1392 1791 1423; x_wconf 82' lang='lat'>25</span> 
     </span>
     <span class='ocr_line' id='line_1_20' title="bbox 140 1445 787 1498; baseline -0.006 -11"><span class='ocrx_word' id='word_1_171' title='bbox 140 1449 404 1498; x_wconf 86' lang='lat' dir='ltr'>spretamque</span> <span class='ocrx_word' id='word_1_172' title='bbox 430 1446 558 1484; x_wconf 89' lang='lat' dir='ltr'>fuisse</span> <span class='ocrx_word' id='word_1_173' title='bbox 588 1445 787 1496; x_wconf 89' lang='lat' dir='ltr'>queritur.</span> 
     </span>
    </p>

    <p class='ocr_par' dir='ltr' id='par_1_3' title="bbox 141 1508 1801 2603">
     <span class='ocr_line' id='line_1_21' title="bbox 195 1508 1734 1562; baseline -0.002 -10"><span class='ocrx_word' id='word_1_174' title='bbox 195 1513 388 1552; x_wconf 91' lang='lat' dir='ltr'>Ceterum</span> <span class='ocrx_word' id='word_1_175' title='bbox 415 1511 522 1562; x_wconf 91' lang='lat' dir='ltr'>quod</span> <span class='ocrx_word' id='word_1_176' title='bbox 550 1513 598 1550; x_wconf 93' lang='lat' dir='ltr'>tu</span> <span class='ocrx_word' id='word_1_177' title='bbox 627 1510 817 1560; x_wconf 86' lang='lat' dir='ltr'>pristinis</span> <span class='ocrx_word' id='word_1_178' title='bbox 840 1509 1085 1559; x_wconf 85' lang='lat' dir='ltr'>astrologiae</span> <span class='ocrx_word' id='word_1_179' title='bbox 1110 1521 1156 1547; x_wconf 91' lang='lat' dir='ltr'>ac</span> <span class='ocrx_word' id='word_1_180' title='bbox 1175 1508 1406 1547; x_wconf 87' lang='lat' dir='ltr'>medicinae</span> <span class='ocrx_word' id='word_1_181' title='bbox 1425 1509 1577 1549; x_wconf 85' lang='lat' dir='ltr'>studiis</span> <span class='ocrx_word' id='word_1_182' title='bbox 1601 1523 1734 1560; x_wconf 90' lang='lat' dir='ltr'>nuper</span> 
     </span>
     <span class='ocr_line' id='line_1_22' title="bbox 142 1573 1735 1624; baseline -0.003 -6"><span class='ocrx_word' id='word_1_183' title='bbox 142 1577 389 1618; x_wconf 84' lang='lat' dir='ltr'>Grecanicae</span> <span class='ocrx_word' id='word_1_184' title='bbox 420 1577 678 1615; x_wconf 86' lang='lat' dir='ltr'>litteraturae</span> <span class='ocrx_word' id='word_1_185' title='bbox 708 1574 896 1614; x_wconf 90' lang='lat' dir='ltr'>studium</span> <span class='ocrx_word' id='word_1_186' title='bbox 934 1574 1161 1624; x_wconf 90' lang='lat' dir='ltr'>adiungere</span> <span class='ocrx_word' id='word_1_187' title='bbox 1194 1573 1375 1623; x_wconf 86' lang='lat' dir='ltr'>coepisti,</span> <span class='ocrx_word' id='word_1_188' title='bbox 1410 1587 1506 1613; x_wconf 93' lang='lat' dir='ltr'>cum</span> <span class='ocrx_word' id='word_1_189' title='bbox 1533 1576 1584 1614; x_wconf 89' lang='lat' dir='ltr'>ad</span> <span class='ocrx_word' id='word_1_190' title='bbox 1614 1589 1735 1614; x_wconf 93' lang='lat' dir='ltr'>omne</span> 
     </span>
     <span class='ocr_line' id='line_1_23' title="bbox 141 1639 1734 1695; baseline -0.002 -12"><span class='ocrx_word' id='word_1_191' title='bbox 141 1656 272 1695; x_wconf 88' lang='lat' dir='ltr'>genus</span> <span class='ocrx_word' id='word_1_192' title='bbox 290 1642 546 1690; x_wconf 86' lang='lat' dir='ltr'>eruditionis,</span> <span class='ocrx_word' id='word_1_193' title='bbox 568 1644 660 1680; x_wconf 93' lang='lat' dir='ltr'>tum</span> <span class='ocrx_word' id='word_1_194' title='bbox 679 1640 872 1694; x_wconf 84' lang='lat' dir='ltr'>precipue</span> <span class='ocrx_word' id='word_1_195' title='bbox 891 1640 941 1678; x_wconf 92' lang='lat' dir='ltr'>ad</span> <span class='ocrx_word' id='word_1_196' title='bbox 970 1639 1197 1678; x_wconf 87' lang='lat' dir='ltr'>medicinae</span> <span class='ocrx_word' id='word_1_197' title='bbox 1216 1639 1433 1678; x_wconf 82' lang='lat' dir='ltr'>scientiam</span> <span class='ocrx_word' id='word_1_198' title='bbox 1454 1640 1734 1689; x_wconf 87' lang='lat' dir='ltr'>conducibilis,</span> 
     </span>
     <span class='ocr_line' id='line_1_24' title="bbox 144 1704 1796 1757; baseline -0.001 -9"><span class='ocrx_word' id='word_1_199' title='bbox 144 1709 347 1748; x_wconf 90' lang='lat' dir='ltr'>iudicium</span> <span class='ocrx_word' id='word_1_200' title='bbox 380 1708 652 1757; x_wconf 86' lang='lat' dir='ltr'>animumque</span> <span class='ocrx_word' id='word_1_201' title='bbox 681 1708 802 1745; x_wconf 90' lang='lat' dir='ltr'>tuum</span> <span class='ocrx_word' id='word_1_202' title='bbox 846 1717 1109 1754; x_wconf 91' lang='lat' dir='ltr'>summopere</span> <span class='ocrx_word' id='word_1_203' title='bbox 1145 1704 1273 1754; x_wconf 87' lang='lat' dir='ltr'>probo</span> <span class='ocrx_word' id='word_1_204' title='bbox 1292 1719 1301 1752; x_wconf 82' lang='lat'><em>3</em></span> <span class='ocrx_word' id='word_1_205' title='bbox 1349 1704 1457 1754; x_wconf 91' lang='lat' dir='ltr'>quod</span> <span class='ocrx_word' id='word_1_206' title='bbox 1496 1705 1539 1744; x_wconf 91' lang='lat' dir='ltr'>id</span> <span class='ocrx_word' id='word_1_207' title='bbox 1577 1709 1738 1746; x_wconf 86' lang='lat' dir='ltr'>mature</span> <span class='ocrx_word' id='word_1_208' title='bbox 1756 1719 1796 1749; x_wconf 80' lang='lat'>30</span> 
     </span>
     <span class='ocr_line' id='line_1_25' title="bbox 145 1769 1737 1824; baseline -0.001 -12"><span class='ocrx_word' id='word_1_209' title='bbox 145 1774 324 1824; x_wconf 86' lang='lat' dir='ltr'>coeperis</span> <span class='ocrx_word' id='word_1_210' title='bbox 342 1773 495 1812; x_wconf 82' lang='lat' dir='ltr'>virenti</span> <span class='ocrx_word' id='word_1_211' title='bbox 514 1772 647 1810; x_wconf 89' lang='lat' dir='ltr'>adhuc</span> <span class='ocrx_word' id='word_1_212' title='bbox 667 1773 786 1818; x_wconf 88' lang='lat' dir='ltr'>etate,</span> <span class='ocrx_word' id='word_1_213' title='bbox 807 1770 995 1808; x_wconf 89' lang='lat' dir='ltr'>felicitati</span> <span class='ocrx_word' id='word_1_214' title='bbox 1023 1770 1220 1820; x_wconf 87' lang='lat' dir='ltr'>gratulor.</span> <span class='ocrx_word' id='word_1_215' title='bbox 1286 1769 1408 1808; x_wconf 89' lang='lat' dir='ltr'>Idem</span> <span class='ocrx_word' id='word_1_216' title='bbox 1434 1771 1614 1821; x_wconf 85' lang='lat' dir='ltr'>aggressi</span> <span class='ocrx_word' id='word_1_217' title='bbox 1639 1775 1737 1811; x_wconf 84' lang='lat' dir='ltr'>sunt</span> 
     </span>
     <span class='ocr_line' id='line_1_26' title="bbox 149 1834 1734 1884; baseline -0.001 -7"><span class='ocrx_word' id='word_1_218' title='bbox 149 1839 294 1878; x_wconf 83' lang='lat' dir='ltr'>eximii</span> <span class='ocrx_word' id='word_1_219' title='bbox 310 1838 436 1876; x_wconf 92' lang='lat' dir='ltr'>huius</span> <span class='ocrx_word' id='word_1_220' title='bbox 450 1837 574 1876; x_wconf 85' lang='lat' dir='ltr'>etatis</span> <span class='ocrx_word' id='word_1_221' title='bbox 589 1836 741 1875; x_wconf 90' lang='lat' dir='ltr'>medici</span> <span class='ocrx_word' id='word_1_222' title='bbox 756 1835 993 1875; x_wconf 81' lang='lat' dir='ltr'>Guiliemus</span> <span class='ocrx_word' id='word_1_223' title='bbox 1005 1835 1153 1884; x_wconf 84' lang='lat' dir='ltr'>Copus,</span> <span class='ocrx_word' id='word_1_224' title='bbox 1170 1834 1422 1873; x_wconf 84' lang='lat' dir='ltr'>Ambrosius</span> <span class='ocrx_word' id='word_1_225' title='bbox 1438 1835 1520 1874; x_wconf 87' lang='lat' dir='ltr'>Leo</span> <span class='ocrx_word' id='word_1_226' title='bbox 1536 1836 1734 1884; x_wconf 81' lang='lat' dir='ltr'>Nolanus,</span> 
     </span>
     <span class='ocr_line' id='line_1_27' title="bbox 147 1899 1737 1949; baseline -0.001 -7"><span class='ocrx_word' id='word_1_227' title='bbox 147 1904 341 1942; x_wconf 89' lang='lat' dir='ltr'>Nicolaus</span> <span class='ocrx_word' id='word_1_228' title='bbox 372 1902 629 1941; x_wconf 90' lang='lat' dir='ltr'>Leonicenus</span> <span class='ocrx_word' id='word_1_229' title='bbox 659 1901 745 1939; x_wconf 90' lang='lat' dir='ltr'>iam</span> <span class='ocrx_word' id='word_1_230' title='bbox 774 1902 908 1940; x_wconf 85' lang='lat' dir='ltr'>aetate</span> <span class='ocrx_word' id='word_1_231' title='bbox 939 1899 1186 1949; x_wconf 87' lang='lat' dir='ltr'>grandiores,</span> <span class='ocrx_word' id='word_1_232' title='bbox 1216 1912 1290 1937; x_wconf 89' lang='lat' dir='ltr'>nec</span> <span class='ocrx_word' id='word_1_233' title='bbox 1321 1899 1542 1939; x_wconf 90' lang='lat' dir='ltr'>infeliciter</span> <span class='ocrx_word' id='word_1_234' title='bbox 1569 1903 1737 1949; x_wconf 89' lang='lat' dir='ltr'>tamen;</span> 
     </span>
     <span class='ocr_line' id='line_1_28' title="bbox 147 1964 1739 2016; baseline -0.001 -8"><span class='ocrx_word' id='word_1_235' title='bbox 147 1983 246 2008; x_wconf 88' lang='lat' dir='ltr'>nam</span> <span class='ocrx_word' id='word_1_236' title='bbox 265 1969 449 2007; x_wconf 85' lang='lat' dir='ltr'>Thomae</span> <span class='ocrx_word' id='word_1_237' title='bbox 462 1967 636 2005; x_wconf 89' lang='lat' dir='ltr'>Linacro</span> <span class='ocrx_word' id='word_1_238' title='bbox 647 1968 690 2005; x_wconf 93' lang='lat' dir='ltr'>et</span> <span class='ocrx_word' id='word_1_239' title='bbox 704 1965 865 2004; x_wconf 86' lang='lat' dir='ltr'>Ruellio</span> <span class='ocrx_word' id='word_1_240' title='bbox 885 1964 1090 2004; x_wconf 89' lang='lat' dir='ltr'>maturius</span> <span class='ocrx_word' id='word_1_241' title='bbox 1109 1965 1189 2003; x_wconf 82' lang='lat' dir='ltr'>ista</span> <span class='ocrx_word' id='word_1_242' title='bbox 1212 1964 1366 2003; x_wconf 86' lang='lat' dir='ltr'>discere</span> <span class='ocrx_word' id='word_1_243' title='bbox 1383 1965 1568 2016; x_wconf 85' lang='lat' dir='ltr'>contigit.</span> <span class='ocrx_word' id='word_1_244' title='bbox 1609 1966 1739 2006; x_wconf 90' lang='lat' dir='ltr'>Porro</span> 
     </span>
     <span class='ocr_line' id='line_1_29' title="bbox 148 2030 1796 2082; baseline -0.002 -9"><span class='ocrx_word' id='word_1_245' title='bbox 148 2034 311 2074; x_wconf 89' lang='lat' dir='ltr'>Marcus</span> <span class='ocrx_word' id='word_1_246' title='bbox 341 2033 536 2072; x_wconf 88' lang='lat' dir='ltr'>Musurus</span> <span class='ocrx_word' id='word_1_247' title='bbox 565 2033 687 2082; x_wconf 89' lang='lat' dir='ltr'>gente</span> <span class='ocrx_word' id='word_1_248' title='bbox 721 2031 848 2070; x_wconf 87' lang='lat' dir='ltr'>etiam</span> <span class='ocrx_word' id='word_1_249' title='bbox 879 2031 1036 2070; x_wconf 87' lang='lat' dir='ltr'>Grecus</span> <span class='ocrx_word' id='word_1_250' title='bbox 1069 2032 1145 2078; x_wconf 89' lang='lat' dir='ltr'>est,</span> <span class='ocrx_word' id='word_1_251' title='bbox 1181 2030 1415 2069; x_wconf 87' lang='lat' dir='ltr'>erudit-ione</span> <span class='ocrx_word' id='word_1_252' title='bbox 1449 2030 1736 2072; x_wconf 84' lang='lat' dir='ltr'>Grecissimus.</span> <span class='ocrx_word' id='word_1_253' title='bbox 1759 2043 1796 2075; x_wconf 82' lang='lat'>35</span> 
     </span>
     <span class='ocr_line' id='line_1_30' title="bbox 149 2095 1739 2149; baseline -0.001 -11"><span class='ocrx_word' id='word_1_254' title='bbox 149 2099 275 2138; x_wconf 89' lang='lat' dir='ltr'>Haud</span> <span class='ocrx_word' id='word_1_255' title='bbox 291 2098 372 2137; x_wconf 90' lang='lat' dir='ltr'>alia</span> <span class='ocrx_word' id='word_1_256' title='bbox 390 2098 435 2136; x_wconf 93' lang='lat' dir='ltr'>in</span> <span class='ocrx_word' id='word_1_257' title='bbox 454 2099 540 2136; x_wconf 89' lang='lat' dir='ltr'>arte</span> <span class='ocrx_word' id='word_1_258' title='bbox 555 2099 716 2136; x_wconf 89' lang='lat' dir='ltr'>erratur</span> <span class='ocrx_word' id='word_1_259' title='bbox 733 2096 1016 2146; x_wconf 88' lang='lat' dir='ltr'>periculosius.</span> <span class='ocrx_word' id='word_1_260' title='bbox 1059 2095 1148 2144; x_wconf 83' lang='lat' dir='ltr'>Quo</span> <span class='ocrx_word' id='word_1_261' title='bbox 1162 2095 1212 2134; x_wconf 91' lang='lat' dir='ltr'>fit</span> <span class='ocrx_word' id='word_1_262' title='bbox 1225 2098 1272 2134; x_wconf 84' lang='lat' dir='ltr'>vt</span> <span class='ocrx_word' id='word_1_263' title='bbox 1292 2095 1568 2135; x_wconf 87' lang='lat' dir='ltr'>cordatissimi</span> <span class='ocrx_word' id='word_1_264' title='bbox 1587 2098 1739 2149; x_wconf 90' lang='lat' dir='ltr'>quique</span> 
     </span>
     <span class='ocr_line' id='line_1_31' title="bbox 149 2160 1742 2212; baseline -0.001 -9"><span class='ocrx_word' id='word_1_265' title='bbox 149 2164 403 2204; x_wconf 89' lang='lat' dir='ltr'>medicorum</span> <span class='ocrx_word' id='word_1_266' title='bbox 422 2163 529 2201; x_wconf 90' lang='lat' dir='ltr'>hanc</span> <span class='ocrx_word' id='word_1_267' title='bbox 549 2161 678 2200; x_wconf 87' lang='lat' dir='ltr'>studii</span> <span class='ocrx_word' id='word_1_268' title='bbox 696 2163 857 2212; x_wconf 87' lang='lat' dir='ltr'>partem</span> <span class='ocrx_word' id='word_1_269' title='bbox 877 2161 1118 2212; x_wconf 86' lang='lat' dir='ltr'>adiungant,</span> <span class='ocrx_word' id='word_1_270' title='bbox 1142 2160 1339 2211; x_wconf 89' lang='lat' dir='ltr'>breuique</span> <span class='ocrx_word' id='word_1_271' title='bbox 1357 2161 1548 2201; x_wconf 89' lang='lat' dir='ltr'>futurum</span> <span class='ocrx_word' id='word_1_272' title='bbox 1567 2163 1742 2202; x_wconf 89' lang='lat' dir='ltr'>arbitror</span> 
     </span>
     <span class='ocr_line' id='line_1_32' title="bbox 151 2225 1740 2280; baseline -0.001 -12"><span class='ocrx_word' id='word_1_273' title='bbox 151 2232 195 2268; x_wconf 86' lang='lat' dir='ltr'>vt</span> <span class='ocrx_word' id='word_1_274' title='bbox 217 2229 438 2280; x_wconf 89' lang='lat' dir='ltr'>impudens</span> <span class='ocrx_word' id='word_1_275' title='bbox 458 2227 655 2266; x_wconf 90' lang='lat' dir='ltr'>habeatur</span> <span class='ocrx_word' id='word_1_276' title='bbox 673 2226 826 2277; x_wconf 86' lang='lat' dir='ltr'>absque</span> <span class='ocrx_word' id='word_1_277' title='bbox 845 2226 922 2264; x_wconf 83' lang='lat' dir='ltr'>hac</span> <span class='ocrx_word' id='word_1_278' title='bbox 942 2226 1152 2264; x_wconf 89' lang='lat' dir='ltr'>medicum</span> <span class='ocrx_word' id='word_1_279' title='bbox 1170 2225 1367 2275; x_wconf 90' lang='lat' dir='ltr'>profiteri.</span> <span class='ocrx_word' id='word_1_280' title='bbox 1410 2227 1526 2266; x_wconf 83' lang='lat' dir='ltr'>Certe</span> <span class='ocrx_word' id='word_1_281' title='bbox 1546 2228 1740 2268; x_wconf 88' lang='lat' dir='ltr'>nonnihil</span> 
     </span>
     <span class='ocr_line' id='line_1_33' title="bbox 151 2291 1738 2343; baseline -0.001 -10"><span class='ocrx_word' id='word_1_282' title='bbox 151 2296 214 2333; x_wconf 88' lang='lat' dir='ltr'>est</span> <span class='ocrx_word' id='word_1_283' title='bbox 232 2293 465 2343; x_wconf 87' lang='lat' dir='ltr'>principem</span> <span class='ocrx_word' id='word_1_284' title='bbox 492 2292 619 2331; x_wconf 90' lang='lat' dir='ltr'>huius</span> <span class='ocrx_word' id='word_1_285' title='bbox 637 2291 740 2330; x_wconf 88' lang='lat' dir='ltr'>artis</span> <span class='ocrx_word' id='word_1_286' title='bbox 758 2291 1061 2342; x_wconf 90' lang='lat' dir='ltr'>Hippocratem</span> <span class='ocrx_word' id='word_1_287' title='bbox 1081 2293 1121 2330; x_wconf 92' lang='lat' dir='ltr'>et</span> <span class='ocrx_word' id='word_1_288' title='bbox 1141 2291 1238 2330; x_wconf 88' lang='lat' dir='ltr'>huic</span> <span class='ocrx_word' id='word_1_289' title='bbox 1263 2291 1501 2341; x_wconf 88' lang='lat' dir='ltr'>proximum</span> <span class='ocrx_word' id='word_1_290' title='bbox 1522 2293 1738 2339; x_wconf 80' lang='lat' dir='ltr'>Galenum‚</span> 
     </span>
     <span class='ocr_line' id='line_1_34' title="bbox 153 2356 1801 2407; baseline -0.001 -10"><span class='ocrx_word' id='word_1_291' title='bbox 153 2359 333 2397; x_wconf 88' lang='lat' dir='ltr'>Paulum</span> <span class='ocrx_word' id='word_1_292' title='bbox 353 2357 610 2407; x_wconf 86' lang='lat' dir='ltr'>Aeginitam,</span> <span class='ocrx_word' id='word_1_293' title='bbox 630 2356 923 2404; x_wconf 79' lang='lat' dir='ltr'>Dioscoridem‚</span> <span class='ocrx_word' id='word_1_294' title='bbox 945 2356 1088 2395; x_wconf 89' lang='lat' dir='ltr'>audire</span> <span class='ocrx_word' id='word_1_295' title='bbox 1102 2358 1245 2406; x_wconf 89' lang='lat' dir='ltr'>suapte</span> <span class='ocrx_word' id='word_1_296' title='bbox 1264 2356 1406 2407; x_wconf 89' lang='lat' dir='ltr'>lingua</span> <span class='ocrx_word' id='word_1_297' title='bbox 1423 2360 1628 2396; x_wconf 85' lang='lat' dir='ltr'>sonantes.</span> <span class='ocrx_word' id='word_1_298' title='bbox 1662 2357 1742 2396; x_wconf 84' lang='lat' dir='ltr'>Sed</span> <span class='ocrx_word' id='word_1_299' title='bbox 1759 2368 1801 2398; x_wconf 93' lang='lat'>40</span> 
     </span>
     <span class='ocr_line' id='line_1_35' title="bbox 154 2421 1743 2474; baseline -0.001 -12"><span class='ocrx_word' id='word_1_300' title='bbox 154 2422 505 2474; x_wconf 85' lang='lat' dir='ltr'>quemadmodum</span> <span class='ocrx_word' id='word_1_301' title='bbox 524 2422 738 2461; x_wconf 83' lang='lat' dir='ltr'>ciuilitatis</span> <span class='ocrx_word' id='word_1_302' title='bbox 757 2423 818 2460; x_wconf 89' lang='lat' dir='ltr'>est</span> <span class='ocrx_word' id='word_1_303' title='bbox 836 2435 921 2460; x_wconf 92' lang='lat' dir='ltr'>non</span> <span class='ocrx_word' id='word_1_304' title='bbox 940 2422 1130 2472; x_wconf 89' lang='lat' dir='ltr'>protinus</span> <span class='ocrx_word' id='word_1_305' title='bbox 1148 2421 1440 2471; x_wconf 86' lang='lat' dir='ltr'>suffragiorum</span> <span class='ocrx_word' id='word_1_306' title='bbox 1468 2422 1534 2460; x_wconf 91' lang='lat' dir='ltr'>ius</span> <span class='ocrx_word' id='word_1_307' title='bbox 1563 2422 1743 2460; x_wconf 90' lang='lat' dir='ltr'>adimere</span> 
     </span>
     <span class='ocr_line' id='line_1_36' title="bbox 154 2485 1743 2538; baseline -0.002 -11"><span class='ocrx_word' id='word_1_308' title='bbox 154 2488 366 2538; x_wconf 89' lang='lat' dir='ltr'>velutique</span> <span class='ocrx_word' id='word_1_309' title='bbox 392 2488 442 2526; x_wconf 92' lang='lat' dir='ltr'>de</span> <span class='ocrx_word' id='word_1_310' title='bbox 464 2489 591 2536; x_wconf 86' lang='lat' dir='ltr'>ponte</span> <span class='ocrx_word' id='word_1_311' title='bbox 614 2486 785 2526; x_wconf 86' lang='lat' dir='ltr'>deiicere</span> <span class='ocrx_word' id='word_1_312' title='bbox 813 2500 882 2525; x_wconf 90' lang='lat' dir='ltr'>eos</span> <span class='ocrx_word' id='word_1_313' title='bbox 911 2486 1063 2536; x_wconf 91' lang='lat' dir='ltr'>quibus</span> <span class='ocrx_word' id='word_1_314' title='bbox 1092 2499 1178 2524; x_wconf 92' lang='lat' dir='ltr'>non</span> <span class='ocrx_word' id='word_1_315' title='bbox 1207 2485 1380 2536; x_wconf 89' lang='lat' dir='ltr'>contigit</span> <span class='ocrx_word' id='word_1_316' title='bbox 1411 2487 1541 2525; x_wconf 88' lang='lat' dir='ltr'>Grece</span> <span class='ocrx_word' id='word_1_317' title='bbox 1560 2486 1743 2535; x_wconf 88' lang='lat' dir='ltr'>discere;</span> 
     </span>
     <span class='ocr_line' id='line_1_37' title="bbox 156 2550 1738 2603; baseline -0.001 -12"><span class='ocrx_word' id='word_1_318' title='bbox 156 2554 211 2592; x_wconf 88' lang='lat' dir='ltr'>ita</span> <span class='ocrx_word' id='word_1_319' title='bbox 252 2566 327 2603; x_wconf 90' lang='lat' dir='ltr'>par</span> <span class='ocrx_word' id='word_1_320' title='bbox 359 2554 422 2591; x_wconf 87' lang='lat' dir='ltr'>est</span> <span class='ocrx_word' id='word_1_321' title='bbox 453 2554 500 2591; x_wconf 88' lang='lat' dir='ltr'>vt</span> <span class='ocrx_word' id='word_1_322' title='bbox 527 2552 588 2590; x_wconf 91' lang='lat' dir='ltr'>hii</span> <span class='ocrx_word' id='word_1_323' title='bbox 618 2565 708 2591; x_wconf 89' lang='lat' dir='ltr'>sese</span> <span class='ocrx_word' id='word_1_324' title='bbox 741 2551 920 2590; x_wconf 87' lang='lat' dir='ltr'>libenter</span> <span class='ocrx_word' id='word_1_325' title='bbox 950 2551 1162 2590; x_wconf 89' lang='lat' dir='ltr'>admoneri</span> <span class='ocrx_word' id='word_1_326' title='bbox 1194 2550 1416 2600; x_wconf 89' lang='lat' dir='ltr'>patiantur.</span> <span class='ocrx_word' id='word_1_327' title='bbox 1491 2551 1608 2589; x_wconf 90' lang='lat' dir='ltr'>Bene</span> <span class='ocrx_word' id='word_1_328' title='bbox 1636 2552 1738 2590; x_wconf 81' lang='lat' dir='ltr'>vale.</span> 
     </span>
    </p>

    <p class='ocr_par' dir='ltr' id='par_1_4' title="bbox 209 2618 729 2668">
     <span class='ocr_line' id='line_1_38' title="bbox 209 2618 729 2668; baseline -0.008 -10"><span class='ocrx_word' id='word_1_329' title='bbox 209 2618 505 2668; x_wconf 89' lang='lat' dir='ltr'>Antuuerpiae,</span> <span class='ocrx_word' id='word_1_330' title='bbox 535 2630 729 2655; x_wconf 64' lang='lat' dir='ltr'>innxvn.</span> 
     </span>
    </p>
   </div>
   <div class='ocr_carea' id='block_1_3' title="bbox 157 2729 1740 2814">
    <p class='ocr_par' dir='ltr' id='par_1_5' title="bbox 157 2729 1740 2814">
     <span class='ocr_line' id='line_1_39' title="bbox 200 2729 1740 2770; baseline 0 -9"><span class='ocrx_word' id='word_1_331' title='bbox 200 2741 252 2769; x_wconf 86' lang='lat'>24.</span> <span class='ocrx_word' id='word_1_332' title='bbox 276 2730 453 2769; x_wconf 81' lang='grc' dir='ltr'>ἐπιστήμην</span> <span class='ocrx_word' id='word_1_333' title='bbox 469 2755 476 2761; x_wconf 91' lang='grc'><strong>.</strong></span> <span class='ocrx_word' id='word_1_334' title='bbox 494 2754 502 2761; x_wconf 94' lang='grc'><strong>.</strong></span> <span class='ocrx_word' id='word_1_335' title='bbox 523 2753 530 2760; x_wconf 89' lang='grc'><em>.</em></span> <span class='ocrx_word' id='word_1_336' title='bbox 547 2739 599 2768; x_wconf 83' lang='lat'>25.</span> <span class='ocrx_word' id='word_1_337' title='bbox 623 2729 816 2770; x_wconf 85' lang='grc' dir='ltr'>πραγμάτων</span> <span class='ocrx_word' id='word_1_338' title='bbox 832 2732 904 2760; x_wconf 77' lang='lat' dir='ltr'>add.</span> <span class='ocrx_word' id='word_1_339' title='bbox 922 2732 956 2759; x_wconf 77' lang='lat' dir='ltr'>F.</span> <span class='ocrx_word' id='word_1_340' title='bbox 1010 2731 1106 2759; x_wconf 71' lang='lat' dir='ltr'>Vacat</span> <span class='ocrx_word' id='word_1_341' title='bbox 1122 2732 1224 2759; x_wconf 72' lang='lat' dir='ltr'>tamen</span> <span class='ocrx_word' id='word_1_342' title='bbox 1240 2730 1275 2758; x_wconf 76' lang='lat' dir='ltr'>in</span> <span class='ocrx_word' id='word_1_343' title='bbox 1290 2739 1309 2757; x_wconf 87' lang='grc' dir='ltr'>α</span> <span class='ocrx_word' id='word_1_344' title='bbox 1326 2730 1462 2765; x_wconf 69' lang='grc' dir='ltr'>ι’)ιίεφάε</span> <span class='ocrx_word' id='word_1_345' title='bbox 1476 2730 1575 2760; x_wconf 74' lang='lat' dir='ltr'>lineae</span> <span class='ocrx_word' id='word_1_346' title='bbox 1591 2732 1740 2766; x_wconf 66' lang='lat' dir='ltr'>spatium.</span> 
     </span>
     <span class='ocr_line' id='line_1_40' title="bbox 157 2773 1396 2814; baseline -0.004 -8"><span class='ocrx_word' id='word_1_347' title='bbox 157 2785 210 2814; x_wconf 85' lang='lat'>32.</span> <span class='ocrx_word' id='word_1_348' title='bbox 234 2786 254 2804; x_wconf 87' lang='grc' dir='ltr'>α</span> <span class='ocrx_word' id='word_1_349' title='bbox 269 2776 364 2805; x_wconf 80' lang='lat' dir='ltr'>Loncl.</span> <span class='ocrx_word' id='word_1_350' title='bbox 383 2785 390 2804; x_wconf 93' lang='lat'><strong>:</strong></span> <span class='ocrx_word' id='word_1_351' title='bbox 414 2773 553 2813; x_wconf 85' lang='lat' dir='ltr'>Coppus</span> <span class='ocrx_word' id='word_1_352' title='bbox 568 2776 605 2804; x_wconf 79' lang='lat' dir='ltr'>F.</span> <span class='ocrx_word' id='word_1_353' title='bbox 738 2784 791 2811; x_wconf 86' lang='lat'>44.</span> <span class='ocrx_word' id='word_1_354' title='bbox 814 2773 1075 2812; x_wconf 85' lang='lat' dir='ltr'>Antuuerpiae,</span> <span class='ocrx_word' id='word_1_355' title='bbox 1092 2781 1243 2803; x_wconf 74' lang='lat' dir='ltr'>M.D.XV11</span> <span class='ocrx_word' id='word_1_356' title='bbox 1261 2773 1334 2801; x_wconf 72' lang='lat' dir='ltr'>culcl.</span> <span class='ocrx_word' id='word_1_357' title='bbox 1354 2773 1396 2801; x_wconf 87' lang='lat' dir='ltr'>H.</span> 
     </span>
    </p>
   </div>
   <div class='ocr_carea' id='block_1_4' title="bbox 378 2858 497 2861">
    <p class='ocr_par' dir='ltr' id='par_1_6' title="bbox 378 2858 497 2861">
     <span class='ocr_line' id='line_1_41' title="bbox 378 2858 497 2861; baseline 0 0"><span class='ocrx_word' id='word_1_358' title='bbox 378 2858 497 2861; x_wconf 95' lang='lat' dir='ltr'> </span> 
     </span>
    </p>
   </div>
   <div class='ocr_carea' id='block_1_5' title="bbox 159 2902 1746 2990">
    <p class='ocr_par' dir='ltr' id='par_1_7' title="bbox 159 2902 1746 2990">
     <span class='ocr_line' id='line_1_42' title="bbox 205 2902 1746 2946; baseline -0.002 -9"><span class='ocrx_word' id='word_1_359' title='bbox 205 2916 253 2945; x_wconf 85' lang='lat'>17.</span> <span class='ocrx_word' id='word_1_360' title='bbox 299 2905 529 2946; x_wconf 86' lang='lat' dir='ltr'>incumbunt]</span> <span class='ocrx_word' id='word_1_361' title='bbox 578 2904 802 2936; x_wconf 83' lang='lat' dir='ltr'>Maximilian</span> <span class='ocrx_word' id='word_1_362' title='bbox 847 2903 917 2935; x_wconf 88' lang='lat' dir='ltr'>had</span> <span class='ocrx_word' id='word_1_363' title='bbox 986 2904 1047 2935; x_wconf 90' lang='lat' dir='ltr'>the</span> <span class='ocrx_word' id='word_1_364' title='bbox 1060 2904 1265 2935; x_wconf 79' lang='lat' dir='ltr'>eonference</span> <span class='ocrx_word' id='word_1_365' title='bbox 1282 2905 1317 2935; x_wconf 87' lang='lat' dir='ltr'>at</span> <span class='ocrx_word' id='word_1_366' title='bbox 1330 2902 1527 2943; x_wconf 78' lang='lat' dir='ltr'>Cambray3</span> <span class='ocrx_word' id='word_1_367' title='bbox 1546 2902 1746 2935; x_wconf 86' lang='lat' dir='ltr'>cf.Brewer</span> 
     </span>
     <span class='ocr_line' id='line_1_43' title="bbox 159 2947 1132 2990; baseline -0.001 -9"><span class='ocrx_word' id='word_1_368' title='bbox 159 2948 285 2990; x_wconf 80' lang='lat' dir='ltr'>agreed</span> <span class='ocrx_word' id='word_1_369' title='bbox 311 2950 350 2980; x_wconf 91' lang='lat' dir='ltr'>in</span> <span class='ocrx_word' id='word_1_370' title='bbox 377 2948 458 2980; x_wconf 88' lang='lat' dir='ltr'>Dec.</span> <span class='ocrx_word' id='word_1_371' title='bbox 489 2950 572 2988; x_wconf 86' lang='lat'><strong>1516</strong></span> <span class='ocrx_word' id='word_1_372' title='bbox 597 2951 633 2980; x_wconf 83' lang='lat' dir='ltr'>to</span> <span class='ocrx_word' id='word_1_373' title='bbox 660 2947 741 2980; x_wconf 85' lang='lat' dir='ltr'>take</span> <span class='ocrx_word' id='word_1_374' title='bbox 771 2950 851 2988; x_wconf 82' lang='lat' dir='ltr'>part</span> <span class='ocrx_word' id='word_1_375' title='bbox 878 2948 917 2979; x_wconf 90' lang='lat' dir='ltr'>in</span> <span class='ocrx_word' id='word_1_376' title='bbox 985 2948 1021 2979; x_wconf 87' lang='lat' dir='ltr'>ii.</span> <span class='ocrx_word' id='word_1_377' title='bbox 1037 2947 1132 2986; x_wconf 85' lang='lat'><strong>2667.</strong></span> 
     </span>
    </p>
   </div>
  </div>
 </body>
</html>
