2010 3417
68 193 163 246 561]
317 195 469 234 FROM
499 193 829 234 WOLFGANG
858 191 1169 232 FABRICIUS
1198 189 1406 230 CAPITO
1579 187 1656 226 521

65 305 244 346 Ioannes
273 304 516 354 Rudolphus
545 303 809 350 Halwilerus,
841 303 1064 341 canonicus
1093 302 1181 349 iste,
1212 313 1336 351 quem
1363 299 1484 339 bonis
1509 298 1660 337 litteris

67 384 215 421 parum
241 370 467 420 propitium
499 369 668 419 putasti,
707 370 819 407 totus
853 370 916 407 est
945 366 1192 406 Erasmicus.
1271 363 1662 415 Quinquagenarius
1678 369 1721 400 60

68 434 234 474 scholiis
248 447 414 484 operam
434 434 518 481 dat,
536 435 658 483 atque
678 433 753 472 hac
764 433 900 472 hieme
920 432 1074 472 Grecae
1093 432 1259 482 linguae
1278 430 1516 469 rudimenta
1534 427 1661 479 probe

69 500 224 546 didicit,
267 513 347 550 quo
386 500 440 538 sit
480 498 654 538 idoneus
692 499 744 536 ad
790 497 955 536 Nouum
995 496 1344 536 Instrumentum.
1403 495 1456 533 In
1495 506 1662 532 summa

69 566 289 603 Erasmum
308 565 505 614 loquitur,
529 563 681 613 vbique
707 563 929 601 Erasmum
952 562 1161 609 somniat;
1190 562 1397 611 praeterea
1415 560 1662 609 pronepotu-

68 630 169 678 lum,
191 629 397 668 maximae
416 629 504 679 spei
522 642 708 678 puerum,
731 627 956 666 Erasmicis
976 627 1096 666 iussit
1115 626 1250 665 imbui
1269 625 1436 673 deliciis,
1462 626 1503 663 et
1521 624 1567 663 in
1586 624 1662 662 hoc

69 707 331 744 quoscunque
368 695 504 743 potest
540 707 564 731 a
602 695 643 731 te
672 693 801 731 libros
830 692 963 730 editos
997 691 1160 741 assequi
1192 691 1411 741 diligenter
1440 690 1661 739 comparat.
1680 695 1721 736 65

68 758 242 796 Miratur
261 758 437 797 Moriam
456 761 579 808 atque
598 758 717 797 vnice
737 757 893 795 librum
913 757 963 795 de
982 756 1174 805 Principe
1190 755 1466 805 amplectitur.

122 823 237 862 Haec
257 824 390 862 scribo
413 825 461 862 vt
485 823 591 862 scias
616 836 666 861 ex
683 835 766 861 vno
790 822 867 861 hoc
893 821 1095 860 coniicere
1116 821 1263 871 quanti
1285 822 1326 859 te
1349 820 1475 859 ceteri
1494 818 1659 865 faciant,

67 889 351 938 quantumque
371 889 528 938 optimo
547 889 636 926 iure
656 888 910 926 venerantur
929 899 1074 925 omnes
1093 885 1330 924 absolutum
1359 884 1472 923 istud
1492 883 1664 922 virtutis

69 955 108 992 et
138 953 381 992 eruditionis
409 953 627 1003 specimen,
660 952 769 1002 quod
807 951 1066 1001 insculptum
1096 953 1182 989 tam
1215 949 1432 989 immensis
1470 948 1664 998 operibus

69 1017 160 1056 orbi
178 1019 406 1057 credideras
426 1017 747 1057 diiudicandum.
797 1016 1037 1067 Aliquando
1051 1016 1228 1055 scribam
1249 1015 1490 1065 diligentius
1508 1013 1663 1053 maiore
1685 1019 1723 1052 70

71 1083 157 1122 ocio
175 1085 398 1134 praeditus.
459 1083 562 1122 Vale
586 1089 628 1131 3²²
647 1082 750 1121 feria
769 1084 860 1132 post
880 1082 1027 1121 Letare
1052 1090 1164 1129 1517.

121 1149 250 1198 Vrget
269 1149 431 1188 abitum
452 1148 689 1187 Frobenius.

471 1303 623 1344 4⁵⁷5652.
686 1303 816 1344 FROM
849 1302 972 1343 JOHN
1004 1301 1263 1343 REUCHLIN.

116 1404 302 1440 Deventer
320 1404 397 1439 MS.
417 1415 474 1448 91,
491 1404 517 1439 f.
541 1414 604 1448 123
624 1407 674 1437 v0.
1318 1400 1541 1448 <Tiibingen
1554 1400 1597 1447 ‘?>

117 1462 189 1498 LB.
209 1465 304 1508 App.
328 1474 403 1508 123.
1301 1470 1346 1504 27
1365 1459 1496 1494 March
1519 1468 1618 1504 1517.

384 1565 582 1595 IOANNES
611 1563 847 1595 REVCHLIN
881 1563 1062 1593 ERASMO
1093 1562 1161 1592 Ro.
1185 1563 1218 1593 S.
1245 1562 1289 1593 D.
1314 1563 1354 1591 P.

122 1654 192 1691 AD
221 1666 268 1691 ea
297 1665 402 1702 quae
429 1664 475 1690 VI
506 1645 588 1690 Ca'l.
623 1650 886 1700 Septembres
922 1649 1033 1687 inter
1069 1649 1271 1698 predones
1303 1647 1486 1686 litorales
1520 1637 1670 1686 Calecii

69 1720 304 1767 extempore
324 1717 431 1756 mihi
449 1716 660 1766 scripsisti,
682 1728 767 1753 non
786 1714 912 1753 etiam
932 1714 1133 1753 consultis
1148 1713 1342 1752 omnibus
1356 1712 1489 1751 musis
1506 1725 1669 1762 possem

69 1783 159 1833 pari
181 1783 383 1832 dignitate
405 1781 661 1831 respondere,
684 1781 785 1819 adeo
804 1793 853 1818 ex
866 1793 936 1818 ore
952 1781 1025 1817 tuo
1041 1778 1214 1829 genialis
1229 1778 1402 1816 scaturit
1420 1778 1666 1828 eloquentia.

68 1848 191 1886 Vnde
224 1847 475 1885 subrubesco
498 1858 686 1884 mearum
709 1844 865 1894 aliquid
892 1843 943 1883 ad
967 1846 1008 1882 te
1034 1844 1140 1892 dare,
1171 1855 1247 1881 nec
1274 1843 1393 1881 facile
1418 1842 1599 1881 adducor
1623 1844 1670 1881 vt

77 1913 215 1951 crebro
246 1912 352 1959 dem,
386 1911 470 1950 nisi
498 1911 645 1950 Iouem
673 1910 883 1960 lapideum
913 1909 1024 1947 iures
1053 1908 1102 1946 de
1136 1921 1228 1946 mea
1259 1907 1539 1957 ineptitudine
1572 1908 1671 1946 boni
1688 1921 1706 1952 5

76 1978 290 2016 consulere
305 1992 315 2024 ;
344 1990 396 2014 ne
416 1976 521 2014 illud
540 1975 692 2014 veteris
711 1974 891 2013 cautelae
906 1974 1081 2021 audiam,
1106 1973 1150 2011 Si
1168 1973 1377 2021 tacuisses,
1399 1973 1672 2024 philosophus

77 2043 310 2081 mansisses.
380 2041 431 2079 Id
463 2041 512 2079 de
538 2054 605 2079 me
629 2053 680 2078 ne
708 2039 884 2087 dubites,
915 2039 1088 2077 Erasme
1112 2051 1206 2088 spes
1228 2040 1376 2077 nostra.
1450 2039 1554 2077 Sum
1577 2052 1673 2089 erga

77 2121 221 2147 omnes
248 2107 431 2156 reliquos
459 2102 731 2156 audentio<r>:
762 2105 872 2154 quod
891 2118 935 2143 se
958 2103 1044 2143 tuis
1067 2104 1187 2142 offert
1212 2103 1343 2142 oculis
1361 2103 1406 2141 in
1425 2103 1669 2153 praesentia,

78 2173 244 2223 quando
268 2172 319 2210 ad
348 2175 389 2210 te
415 2172 541 2209 mitto
570 2171 682 2208 hunc
708 2169 863 2208 librum
892 2170 941 2208 de
969 2171 1072 2207 Arte
1102 2168 1352 2207 Cabalistica
1380 2168 1509 2207 Leoni
1534 2168 1672 2218 Papae

78 2238 236 2277 decimo
256 2251 279 2276 a
298 2250 366 2275 me
386 2237 582 2275 dicatum.
640 2236 772 2284 Quem
799 2235 834 2273 si
859 2235 1038 2273 lectione
1065 2236 1138 2273 tua
1163 2234 1410 2284 dignaberis,
1433 2234 1673 2284 desyderare
1694 2246 1733 2268 10

78 2303 303 2354 comperies
330 2302 494 2341 Erasmi
521 2301 694 2349 limam3
732 2301 871 2339 tamen
898 2300 1006 2338 mihi
1032 2301 1257 2350 temperare
1282 2313 1366 2338 non
1394 2299 1522 2349 potui,
1550 2312 1674 2350 quan-

78 2368 240 2407 tumuis
272 2368 420 2414 infans,
454 2380 506 2405 ne
547 2379 631 2404 non
664 2367 705 2403 et
738 2378 812 2415 ego
855 2365 893 2403 ei
926 2378 1142 2403 musarum
1180 2377 1344 2403 summo
1379 2364 1566 2414 praesidi,
1608 2363 1674 2401 cui

79 2434 220 2472 nostra
244 2434 376 2471 aetate
397 2431 616 2481 scriptores
644 2429 949 2480 qualescunque
967 2443 1040 2468 sua
1065 2430 1266 2478 dedicant,
1289 2429 1359 2467 vel
1381 2429 1454 2467 has
1482 2427 1673 2466 barbaras

79 2497 262 2536 hominis
291 2496 417 2536 Sueui
435 2509 580 2546 operas
597 2495 753 2546 pariter
772 2495 972 2534 offerrem.

668 2598 743 2629 562.
763 2598 794 2629 8.
818 2597 1007 2628 audentior
1023 2600 1086 2629 LB.

125 2691 199 2720 561.
225 2691 278 2720 60.
305 2698 431 2728 parum
454 2685 670 2727 propitium]
706 2686 753 2717 In
777 2685 840 2716 the
909 2686 953 2716 he
970 2685 1042 2716 had
1059 2684 1308 2715 matriculated
1325 2684 1364 2713 in
1381 2683 1443 2714 the
1459 2692 1618 2713 summer
1639 2685 1675 2712 ot

80 2736 174 2764 Hebr.
191 2735 284 2770 Insa,
308 2732 348 2763 P.
372 2732 430 2769 A3,
456 2730 582 2770 Capito
605 2730 740 2769 praises
762 2729 842 2760 him
914 2738 1007 2767 1521.
1046 2728 1108 2759 Six
1126 2727 1250 2758 letters
1265 2728 1357 2758 from
1373 2726 1451 2757 him
1467 2728 1504 2757 to
1520 2726 1675 2756 Mathias

81 2779 135 2808 for
151 2776 319 2807 devotion
335 2777 372 2805 to
392 2774 588 2805 ‘vetustior
602 2772 782 2812 theologia
792 2772 811 2803 ’.
913 2772 995 2811 Erb,
1022 2772 1083 2802 the
1108 2771 1176 2801 last
1199 2770 1306 2801 dated
1330 2770 1351 2799 6
1373 2770 1453 2800 Jan.
1475 2778 1557 2808 1542
1581 2768 1673 2800 from

124 2821 178 2858 63.
220 2816 512 2858 pronepotulum]
554 2815 762 2847 Hartmann
811 2815 850 2845 of
913 2815 1072 2853 HalIwss,
1113 2815 1256 2845 survive
1292 2813 1397 2854 (ibid.
1431 2813 1482 2843 iii.
1514 2813 1547 2843 ff.
1580 2813 1671 2853 2-7).

82 2863 242 2899 Hallwil‚
274 2864 311 2892 to
338 2861 457 2891 whom
481 2861 543 2890 the
565 2861 658 2890 Hebr.
682 2861 762 2890 Inst.
784 2868 844 2890 are
913 2858 967 2889 On
995 2867 1034 2888 10
1049 2858 1137 2897 Aug.
1164 2867 1246 2896 1544
1265 2856 1424 2888 Pellican
1445 2856 1575 2886 visited
1595 2856 1675 2887 him

82 2905 280 2937 dedicated.
319 2905 364 2935 In
380 2904 442 2934 the
454 2904 587 2934 winter
603 2902 640 2933 of
655 2911 778 2940 152o—1
798 2903 844 2932 he
912 2902 948 2932 at
963 2901 1082 2940 Brugg
1098 2900 1211 2941 (CPR.
1230 2911 1262 2940 p.
1286 2901 1374 2939 165).

82 2959 154 2980 was
177 2951 212 2979 at
238 2948 356 2980 Mainz
373 2947 492 2988 (Basle
509 2946 608 2977 MSS.
627 2945 704 2976 KA.
724 2945 760 2977 C.
778 2945 839 2976 IV.
957 2955 1007 2983 72.
1035 2943 1188 2984 abitum]
1211 2944 1260 2974 To
1276 2944 1338 2974 the
1354 2942 1543 2974 Frankfort
1561 2942 1639 2975 fair.

82 3003 112 3032 5,
140 2994 162 3023 i.
187 2992 223 3023 ff.
253 3002 309 3022 121
334 2993 371 3021 v⁰
394 2990 466 3021 and
489 2989 570 3029 34);
600 2989 673 3020 and
698 2989 737 3019 in
761 2989 844 3027 May
954 2989 1029 3019 562.
1054 2997 1084 3026 5.
1113 2987 1252 3028 Iouem]
1276 2986 1327 3018 Cf.
1345 2989 1448 3024 Aday.
1473 2995 1565 3025 1533.

87 3045 169 3075 1523
192 3037 229 3066 at
253 3034 395 3074 Leipzig
419 3034 520 3075 (ibid.
545 3033 570 3064 i.
593 3032 616 3062 f.
633 3032 701 3074 82),
725 3032 844 3063 where
955 3041 986 3070 9.
1012 3031 1056 3062 de
1072 3030 1177 3071 Arte]
1201 3030 1252 3062 Cf.
1274 3030 1336 3071 Ep.
1356 3040 1430 3070 500.
1451 3038 1493 3061 20
1510 3039 1544 3060 n.
