2010 3417
123 139 219 193 520]
540 142 695 181 FROM
735 139 1004 182 WILLIAM
1038 143 1297 182 LATIMER
1635 142 1714 180 441

119 249 375 300 familiares3
405 253 450 291 in
470 252 588 291 cuius
612 253 837 303 patrocinio
865 266 951 292 non
978 254 1101 292 modo
1126 267 1149 292 a
1175 253 1387 292 maledicis
1411 255 1452 292 et
1480 252 1716 292 detractori-

122 315 200 354 bus
230 318 353 365 tutae,
383 318 454 356 sed
487 320 626 368 gratae
652 319 778 358 etiam
808 332 855 358 ac
887 319 1087 368 gratiosae
1112 319 1329 357 vniuersae
1360 319 1445 357 fere
1469 318 1716 357 Britanniae

129 381 293 420 futurae
312 384 425 422 sunt.
487 383 588 431 Quis
608 384 721 422 enim
742 384 850 422 ausit
871 397 1106 434 oppugnare
1126 384 1374 423 defendente
1394 383 1580 434 episcopo
1596 385 1616 422 ⁶?
1645 385 1717 422 aut

122 445 215 494 quis
243 447 427 486 noluerit
456 448 660 498 amplecti,
690 449 726 487 si
755 462 822 488 eas
849 448 1101 487 intellexerit
1128 451 1245 488 tanto
1273 449 1453 498 praesuli
1481 449 1717 498 placuisse?

121 511 210 560 Quo
229 511 317 551 loco
344 512 576 563 desyderari
604 527 628 552 a
653 516 694 552 te
721 527 767 552 ac
796 514 912 552 Moro
940 515 1083 552 nostro
1109 514 1229 552 video
1260 513 1442 552 officium
1471 527 1624 559 meum,
1645 516 1717 564 qui

120 590 186 615 me
212 577 407 616 nonnihil
434 578 622 617 fortassis
645 578 875 617 adiumenti
902 578 999 617 huic
1025 579 1084 617 rei
1104 581 1310 628 praestare
1331 580 1372 616 et
1393 592 1512 628 posse
1531 580 1572 617 et
1591 579 1716 618 etiam

120 641 268 680 debere
287 656 361 692 pro
381 657 472 682 mea
490 643 534 682 in
552 644 731 693 patriam
757 643 910 693 pietate
933 644 1121 683 censetis.
1171 644 1260 692 Qua
1280 644 1324 680 in
1344 657 1387 681 re
1405 644 1591 693 primtun
1612 644 1715 683 illud

119 719 236 757 spero
265 709 389 758 atque
417 708 544 748 etiam
571 709 645 748 abs
672 711 712 747 te
741 711 846 758 peto,
870 709 1049 756 Erasme,
1073 722 1125 747 ne
1153 722 1219 747 me
1245 711 1332 747 tam
1356 708 1567 747 difficilem
1592 712 1716 759 atque

119 771 334 810 inciuilem
353 775 475 822 putes
495 786 600 812 neue
619 775 785 812 tantum
808 773 859 812 ab
884 773 1001 812 omni
1025 773 1288 812 humanitate
1314 773 1511 820 alienum,
1533 776 1580 811 vt
1598 773 1716 812 vobis

119 837 385 877 amicissimis
403 839 508 878 meis
526 839 768 890 rogantibus
790 839 950 889 pigeret
969 839 1096 877 vnius
1117 838 1251 877 libelli
1272 839 1574 876 enarrationem
1595 839 1718 876 susci·

119 915 215 952 pere
234 906 305 942 aut
324 904 481 943 mensis
500 904 624 943 Vnius
644 903 780 943 subire
802 904 1009 951 laborem;
1040 904 1192 954 quibus
1215 916 1281 941 me
1308 903 1429 953 longe
1452 903 1547 953 plus
1570 903 1717 941 debere

54 989 57 993 »
119 967 307 1018 intelligo
334 983 460 1019 quam
486 972 533 1008 vt
559 969 715 1018 possim
734 969 799 1008 vel
822 968 1014 1018 pluribus
1041 968 1258 1007 mensibus
1279 967 1538 1018 persoluere:
1570 968 1717 1006 deinde

120 1044 252 1083 neque
280 1035 368 1073 tam
397 1034 708 1084 imprudentem
736 1036 784 1073 vt
811 1034 943 1072 nolim
971 1033 1079 1084 apud
1108 1034 1274 1072 tantum
1303 1033 1441 1072 virum
1469 1033 1716 1071 beneficium

121 1098 351 1148 collocasse,
395 1101 437 1138 et
473 1100 712 1150 episcopum
745 1101 1034 1149 praeterquam
1065 1099 1269 1149 singulari
1302 1099 1490 1138 doctrina
1528 1102 1568 1138 et
1605 1099 1716 1137 vitae

119 1164 348 1212 sanctitate,
380 1165 506 1204 etiam
535 1165 778 1204 auctoritate
805 1177 852 1204 ac
884 1164 1018 1214 gratia
1044 1165 1275 1212 florentem,
1306 1166 1393 1203 tam
1421 1178 1548 1214 paruo
1578 1163 1717 1202 labore

119 1229 330 1278 demereri,
358 1230 583 1278 hominem,
608 1232 656 1269 vt
684 1232 731 1269 tu
760 1229 907 1268 scribis
934 1231 976 1268 et
1003 1229 1128 1268 multi
1156 1229 1396 1279 praedicant
1424 1232 1465 1268 et
1491 1242 1566 1279 ego
1591 1228 1718 1267 etiam

111 1294 235 1332 'facile
254 1295 384 1344 credo,
401 1295 707 1346 gratissimum:
737 1296 946 1345 postremo
962 1308 1095 1344 neque
1113 1298 1201 1333 tam
1221 1294 1504 1345 negligentem
1522 1296 1569 1332 vt
1588 1293 1717 1333 velim

117 1362 204 1397 tam
224 1359 354 1399 bonae
381 1361 519 1399 deesse
546 1360 762 1408 occasioni,
794 1374 894 1411 qum
921 1360 1079 1410 possim
1108 1360 1153 1398 in
1182 1360 1260 1398 hoc
1289 1373 1372 1398 vno
1402 1360 1491 1398 viro
1521 1362 1562 1397 et
1589 1359 1718 1397 bonas

121 1424 264 1463 literas
282 1425 468 1464 multum
487 1426 629 1465 iuuare
649 1428 690 1465 et
709 1426 868 1475 patriae
887 1425 1014 1464 etiam
1035 1425 1214 1464 minimo
1229 1425 1366 1464 labore
1382 1438 1583 1475 magnum
1604 1437 1718 1463 orna-

115 1492 307 1528 mentum
325 1491 478 1530 afferre.

174 1554 255 1593 Sed
286 1555 400 1594 aliud
434 1558 508 1605 est,
541 1556 725 1605 Erasme,
752 1555 860 1605 quod
889 1569 956 1594 me
989 1558 1157 1594 reuocat
1188 1558 1310 1606 atque
1340 1555 1392 1594 ab
1422 1555 1717 1594 honestissimo

118 1621 255 1659 vestro
269 1622 479 1671 proposito
501 1621 744 1660 dehortatur
762 1636 772 1669 ;
801 1621 910 1670 quod
927 1621 1054 1659 sciam
1074 1634 1142 1659 me
1161 1622 1249 1659 tam
1268 1621 1409 1671 paucis
1424 1620 1570 1658 diebus
1585 1632 1718 1669 neque

119 1687 280 1724 vestrae
310 1700 444 1737 neque
482 1686 677 1737 Episcopi
710 1686 1018 1725 satisfacturum
1051 1686 1336 1736 expectationi.
1407 1685 1515 1723 Nam
1553 1698 1618 1723 res
1655 1686 1718 1723 est

119 1750 339 1801 multiplex
376 1754 418 1790 et
446 1751 571 1799 varia,
611 1754 659 1790 vt
690 1751 781 1799 scis,
815 1753 857 1789 et
890 1751 1086 1789 nonnihil
1119 1751 1246 1789 etiam
1279 1750 1503 1800 impedita3
1550 1752 1591 1787 et
1622 1750 1718 1788 licet

119 1815 323 1871 laboriosa
350 1816 485 1866 magis
515 1829 641 1866 quam
670 1816 862 1865 difficilis,
894 1818 1037 1854 tamen
1068 1829 1170 1865 quae
1198 1818 1384 1866 tempore
1412 1817 1537 1865 egeat,
1568 1815 1716 1853 saltem

119 1894 199 1930 quo
236 1882 460 1920 memoriae
498 1882 822 1920 commendetur.
895 1881 980 1919 Nec
1017 1894 1086 1919 me
1123 1881 1335 1919 existimes
1371 1880 1503 1920 velim
1542 1893 1591 1918 ex
1625 1893 1716 1918 mea

118 1946 313 1986 tarditate
350 1947 531 1985 aliorum
569 1947 736 1997 ingenia
769 1946 920 1985 metiri.
979 1946 1111 1985 Credo
1144 1946 1266 1993 enim,
1301 1946 1344 1984 id
1379 1946 1487 1996 quod
1518 1959 1541 1984 a
1572 1945 1716 1984 multis

116 2011 268 2060 audiui,
301 2012 511 2062 singulare
544 2025 631 2051 esse
665 2011 868 2062 Episcopo
909 2011 1126 2061 ingenium
1166 2014 1208 2050 et
1246 2011 1476 2050 maioribus
1509 2023 1634 2060 quam
1668 2011 1718 2049 de

117 2077 268 2127 quibus
296 2091 408 2116 nunc
436 2077 576 2128 agitur
603 2078 728 2116 rebus
755 2079 911 2127 aptum.
970 2065 1033 2115 Tu
1062 2077 1112 2115 de
1140 2076 1357 2115 voluntate
1386 2078 1474 2115 eius
1502 2076 1647 2115 scribis
1675 2079 1717 2115 et

120 2145 276 2192 quanto
303 2144 478 2194 istarum
507 2143 723 2182 literarum
752 2143 894 2181 ardeat
922 2142 1137 2193 desyderio
1151 2157 1162 2190 3
1200 2142 1311 2180 vnde
1343 2143 1528 2181 futuram
1555 2155 1715 2193 quoque

117 2208 378 2259 diligentiam
416 2209 522 2247 clare
557 2208 788 2259 perspicio:
836 2221 884 2246 ex
915 2207 1066 2258 quibus
1099 2207 1206 2246 mihi
1234 2207 1375 2246 videor
1402 2209 1568 2246 tantum
1596 2220 1716 2257 posse

119 2286 284 2322 sperare
311 2274 546 2324 profectum
576 2275 781 2324 quantum
810 2273 862 2312 ab
894 2273 1067 2311 homine
1094 2272 1313 2311 excellenti
1340 2272 1518 2322 ingenio,
1551 2285 1715 2311 summa

126 2338 349 2388 diligentia,
372 2338 610 2377 incredibili
632 2338 850 2389 desyderio
869 2338 1089 2389 quisquam
1115 2351 1274 2387 sperare
1299 2337 1442 2388 possit.
1502 2338 1659 2376 Verum
1678 2337 1714 2375 is

118 2405 300 2453 quantus
326 2403 383 2442 sit
408 2404 575 2442 futurus
602 2403 648 2442 in
677 2405 764 2442 tam
793 2403 942 2453 exiguo
971 2403 1107 2452 spacio
1135 2415 1221 2440 non
1250 2402 1371 2440 facile
1401 2401 1588 2440 dixerim.
1648 2401 1711 2439 Tu

122 2480 322 2517 magnum
345 2481 508 2518 sperare
527 2468 692 2515 videris,
716 2470 758 2506 et
777 2482 851 2518 ego
869 2481 1030 2518 quoque
1048 2480 1122 2516 pro
1141 2469 1328 2516 tempore
1346 2479 1547 2516 magnum
1577 2467 1645 2504 sed
1666 2466 1711 2504 in

117 2545 283 2571 summa
310 2546 487 2583 paruum
514 2534 704 2572 futurum
733 2535 846 2583 puto.
903 2533 1013 2571 Nam
1040 2534 1082 2570 et
1111 2532 1338 2570 Grocinum
1367 2531 1552 2578 memini,
1573 2531 1710 2569 virum

121 2598 183 2647 (vt
202 2597 295 2647 scis)
314 2597 545 2636 multifaria
573 2597 769 2646 doctrina,
789 2610 940 2647 magno
960 2610 1122 2648 quoque
1145 2599 1186 2635 et
1204 2596 1425 2634 exercitato
1445 2595 1623 2645 ingenio,
1645 2596 1711 2634 his

117 2664 222 2712 ipsis
246 2662 382 2701 literis
410 2663 513 2701 duos
541 2662 760 2701 continuos
783 2675 926 2710 annos,
949 2663 1077 2701 etiam
1102 2663 1195 2711 post
1215 2661 1350 2711 prima
1369 2660 1441 2698 illa
1460 2660 1707 2709 rudimenta,

117 2728 293 2767 solidam
322 2740 488 2777 operam
517 2727 705 2775 dedisse3
742 2727 867 2776 idque
900 2727 977 2765 sub
1010 2727 1186 2764 summis
1220 2725 1466 2774 doctoribus,
1497 2726 1710 2764 Demetrio

118 2792 386 2833 Chalcondilo
405 2794 446 2830 et
465 2791 627 2842 Angelo
642 2791 862 2830 Politiano.
907 2791 1128 2829 Linacrum
1146 2791 1257 2839 item,
1272 2790 1358 2829 acri
1373 2790 1540 2840 ingenio
1558 2790 1706 2838 virum,

161 2886 215 2916 92.
236 2878 304 2907 MS.
323 2878 373 2906 F:
397 2875 694 2906 detractatoribus
709 2877 747 2906 E.
871 2884 923 2913 94.
947 2874 1020 2905 sint
1035 2876 1073 2904 F.
1208 2884 1277 2910 104.
1302 2876 1330 2903 E
1346 2885 1353 2903 :
1376 2873 1623 2913 impudentem
1640 2876 1710 2904 MS.

122 2931 194 2958 123.
217 2919 417 2958 profectum
433 2921 501 2950 MS.
520 2918 565 2948 Ν2
580 2929 588 2949 t
611 2920 837 2958 prospectum
854 2917 899 2948 Nl
915 2920 1010 2948 Lond.
1147 2927 1218 2956 127.
1243 2926 1396 2956 paruum
1414 2919 1463 2948 E:
1487 2927 1560 2957 pan
1572 2920 1640 2950 MS.

559 2998 630 3028 131.
655 2986 903 3029 Chalcondilo]
928 2987 978 3018 Cf.
997 2988 1060 3027 Ep.
1077 2988 1150 3025 428.
1169 2997 1210 3026 34
1230 2998 1264 3018 n.

1733 461 1774 494 95

1738 785 1798 807 100

1738 1112 1797 1142 105

1738 1437 1799 1459 110

1738 1765 1796 1796 115

1738 2091 1798 2113 120

1735 2417 1793 2447 1²5

1734 2742 1792 2771 ¹30
