2010 3417
297 164 350 202 62
759 162 1009 201 LETTERS
1048 161 1116 199 oF
1156 160 1419 199 ERASMus
1759 158 1882 212 [1515

293 276 474 314 clemens
504 271 710 310 Dominus
740 284 825 309 non
857 270 1035 319 imputet
1065 269 1173 318 quod
1207 267 1386 306 admisit.
1446 268 1589 317 Neque
1622 281 1707 306 non
1739 269 1884 309 beatus

291 340 363 377 ille
392 338 462 387 qui
490 336 655 386 pietatis
683 336 725 372 et
753 333 966 372 charitatis
995 332 1138 371 officiis
1167 332 1276 370 vitae
1305 331 1526 381 superioris
1554 334 1685 370 errata
1713 337 1883 383 pensat;

292 415 390 441 nam
416 403 527 440 hunc
551 401 595 438 in
621 400 686 438 die
714 398 856 437 iudicii
881 411 905 436 a
928 397 1039 436 malo
1059 396 1250 435 liberabit
1269 396 1485 436 Dominus.
1545 396 1623 435 Sed
1642 396 1798 436 beatior
1821 402 1883 438 est

232 482 274 512 40
291 479 415 516 quem
443 465 609 503 diuinae
638 464 740 513 legis
767 463 947 502 intuitus
976 462 1026 501 ab
1048 461 1164 501 omni
1181 462 1380 500 vitiorum
1408 461 1727 512 inquinamento
1754 465 1884 503 custo·

291 531 412 570 dierit
431 531 665 568 immunem
682 544 691 577 3
720 528 982 567 beatissimus
1001 529 1142 566 autem
1163 540 1285 577 quem
1305 528 1383 566 hoc
1404 527 1573 566 Psalmo
1594 526 1799 576 describit,
1819 529 1884 567 cui

290 609 375 634 non
394 595 532 633 solum
551 593 723 644 contigit
745 594 873 632 nullis
899 593 1109 643 inquinari
1127 592 1254 640 vitiis,
1276 593 1347 631 sed
1369 592 1426 631 ita
1448 592 1599 641 iugiter
1617 594 1803 631 versatus
1821 595 1884 632 est

290 661 334 698 in
362 660 589 710 praeceptis
618 659 774 698 diuinis
799 660 855 707 vt,
879 672 975 697 cum
1000 659 1088 708 ipse
1112 659 1308 708 perpetua
1327 659 1436 697 vitae
1461 658 1604 696 floreat
1633 657 1880 706 innocentia,

288 727 379 763 tum
395 725 487 763 aliis
501 724 688 774 exemplo
703 737 869 763 morum
888 723 1138 773 salutarique
1154 722 1341 762 doctrina
1355 723 1536 762 fructum
1555 722 1883 773 pulcherrimum

229 805 270 837 45
289 790 442 829 afferat.

342 855 463 893 Mitto
483 854 611 904 igitur
629 856 669 892 te
689 853 778 903 tibi,
801 854 877 892 hoc
897 856 958 892 est
973 853 1151 892 Beatum
1166 853 1305 891 Beato.
1357 853 1464 901 Quid
1485 853 1598 891 enim
1617 853 1731 892 aliud
1751 853 1884 904 magis

288 920 512 970 quadrabat
523 921 543 958 ⁶?
571 919 815 969 praesertim
830 932 924 957 cum
939 921 986 957 tu
999 920 1046 957 vt
1061 917 1278 968 ingenium
1293 920 1439 956 nactus
1458 931 1500 956 es
1516 918 1646 956 nullis
1660 918 1881 957 obnoxium

287 985 411 1034 vitiis,
442 985 502 1023 ita
530 985 662 1023 vitam
690 984 840 1034 pariter
868 986 909 1022 et
938 984 1093 1022 famam
1121 983 1172 1021 ab
1202 984 1317 1021 omni
1336 983 1533 1021 vitiorum
1561 983 1651 1021 labe
1680 983 1881 1022 intactam

287 1050 396 1088 tueri
421 1050 572 1098 studes,
595 1052 762 1099 tamque
788 1049 1035 1099 infatigabili
1059 1048 1195 1087 studio
1215 1048 1392 1087 versaris
1411 1048 1457 1085 in
1478 1048 1648 1098 optimis
1667 1048 1811 1098 literis,
1835 1052 1882 1088 vt

228 1127 269 1159 50
288 1115 451 1155 Christo
470 1117 565 1153 tuos
582 1115 884 1165 pulcherrimos
903 1115 1073 1153 conatus
1093 1114 1197 1151 bene
1212 1113 1448 1151 fortunante
1469 1115 1510 1151 et
1529 1113 1766 1152 ciuitatulae
1786 1115 1880 1152 tuae

287 1182 371 1219 iam
396 1182 458 1219 tot
483 1180 654 1231 egregiis
677 1180 854 1230 ingeniis
882 1179 1004 1218 editis
1030 1178 1159 1217 nobili
1184 1192 1269 1217 non
1293 1178 1495 1217 mediocre
1513 1178 1662 1217 ‘lumen
1689 1192 1735 1217 ac
1758 1179 1881 1218 decus

286 1246 424 1296 addas,
454 1247 496 1284 et
523 1258 616 1295 spes
645 1245 700 1284 sit
728 1245 813 1283 fore
841 1247 886 1284 vt
913 1244 990 1283 toti
1010 1244 1256 1283 Germaniae
1283 1257 1378 1282 eum
1406 1243 1627 1293 aliquando
1655 1243 1792 1282 virum
1815 1257 1879 1283 ex-

284 1310 436 1359 hibeas,
460 1312 507 1349 vt
525 1310 762 1360 intelligant
782 1310 972 1349 homines
991 1309 1112 1348 Beati
1130 1309 1380 1347 vocabulum
1404 1308 1482 1347 tibi
1508 1321 1593 1347 non
1618 1308 1790 1348 fortuito
1809 1310 1879 1349 sed

285 1376 419 1414 diuini
437 1376 625 1414 numinis
645 1376 816 1414 consilio
831 1375 1063 1425 contigisse.
1107 1374 1286 1413 Proinde
1306 1374 1522 1413 xeniolum
1540 1374 1619 1413 hoc
1639 1387 1723 1413 non
1742 1375 1878 1414 solum

226 1452 265 1485 55
285 1443 325 1479 te
355 1441 693 1480 commonefaciet
725 1441 889 1480 Erasmi
919 1441 982 1480 tui
1009 1454 1158 1480 verum
1187 1440 1312 1479 etiam
1346 1440 1525 1490 teipsum
1554 1439 1634 1478 tibi
1663 1443 1874 1490 proponet.

285 1507 405 1546 Faxit
424 1507 536 1545 Deus
557 1506 649 1556 Opt.
677 1507 784 1545 Max.
805 1508 852 1545 vt
881 1507 988 1545 sicut
1016 1506 1217 1545 hactenus
1246 1505 1480 1544 studiorum
1509 1505 1699 1544 societate
1728 1505 1876 1545 dulcis-

285 1573 388 1611 sime
426 1571 635 1610 com‘uncti
672 1572 837 1619 fuimus,
873 1572 930 1610 ita
963 1571 1134 1621 posthac
1165 1572 1352 1610 aeternae
1380 1583 1578 1620 veraeque
1608 1570 1877 1610 beatitudinis

284 1637 489 1677 consortio
509 1636 636 1676 simul
654 1636 737 1675 frui
755 1650 1072 1687 promereamur.
1133 1636 1245 1684 Vale,
1269 1636 1496 1674 amicorum
1516 1635 1682 1685 optime.

336 1702 461 1752 Apud
481 1702 625 1740 diuum
645 1702 949 1742 Audomarum.
1004 1703 1130 1740 Anno
1150 1715 1192 1740 M.
1216 1715 1256 1739 D.
1277 1714 1343 1740 xv.
1403 1700 1548 1740 Idibus
1567 1700 1794 1751 Aprilibus.

682 1834 778 1875 328.
840 1832 971 1874 FROM
1001 1832 1185 1874 BEATUS
1216 1830 1483 1872 RHENANus.

329 1919 517 1955 Deventer
534 1920 609 1955 MS.
631 1931 686 1966 91,
704 1921 729 1955 f.
752 1931 827 1965 113.
1620 1918 1742 1954 Basle.

329 1976 402 2012 LB.
422 1978 517 2023 App.
537 1989 592 2013 21.
1536 1985 1577 2020 17
1595 1976 1702 2022 April
1724 1985 1824 2022 1515.

327 2054 417 2096 [The
432 2055 513 2085 date
530 2056 559 2085 is
576 2055 770 2086 confirmed
787 2056 833 2095 by
849 2055 911 2086 the
927 2056 1091 2086 mention
1107 2054 1146 2085 of
1159 2054 1290 2085 Seneca
1306 2065 1313 2092 ;
1330 2054 1372 2084 cf.
1392 2053 1454 2093 Ep.
1473 2063 1548 2092 325.
1588 2053 1728 2085 Conrad
1744 2053 1869 2091 Resch,

281 2097 343 2128 the
359 2098 461 2129 Paris
478 2098 686 2138 bookseller‚
705 2108 778 2130 was
795 2100 857 2130 the
873 2099 996 2130 bearer
1013 2098 1051 2129 of
1063 2098 1123 2129 the
1141 2097 1269 2136 lette1·;
1294 2107 1350 2128 see
1366 2097 1429 2137 Ep.
1448 2106 1522 2136 330.
1546 2106 1583 2135 14
1594 2096 1647 2137 n.]

545 2187 716 2217 BEATVS
749 2186 994 2216 RHENANVS
1026 2185 1208 2216 ERASMO
1241 2184 1550 2215 ROTERODAMO
1573 2185 1605 2215 S.

334 2261 497 2299 SENECA
528 2259 635 2298 belle
664 2259 855 2309 procedit,
889 2257 1224 2308 eloquentissime
1254 2257 1342 2305 vir3
1385 2257 1545 2296 duobus
1577 2257 1691 2295 enim
1723 2258 1872 2306 praelis

279 2325 539 2375 imprimitur.
601 2325 787 2363 Nesenus
805 2326 866 2363 est
886 2324 1109 2362 admodum
1130 2323 1174 2361 in
1193 2323 1517 2372 recognoscendo
1537 2322 1725 2372 diligens.
1749 2325 1871 2373 atque

278 2391 437 2429 vtinam
466 2391 511 2428 in
538 2390 794 2429 restituendo
821 2392 906 2428 tam
936 2402 1070 2428 essem
1098 2402 1173 2438 ego
1199 2388 1298 2426 felix
1318 2401 1442 2438 quam
1469 2388 1536 2426 hic
1562 2388 1606 2426 in
1633 2387 1871 2427 olfaciendis

278 2455 423 2494 erratis
462 2468 546 2493 non
584 2457 647 2493 est
684 2455 793 2493 naris
831 2454 984 2493 obesae.
1045 2454 1236 2493 Ceterum
1274 2467 1368 2492 cum
1406 2453 1616 2503 exemplar
1647 2454 1700 2492 sit
1737 2453 1870 2492 adhuc

243 2539 260 2569 5
279 2521 424 2559 multis
460 2520 623 2559 mendis
654 2520 924 2569 deprauatum
957 2518 1082 2569 (quod
1119 2519 1207 2568 ipse
1228 2519 1365 2567 nosti),
1401 2520 1516 2557 tuam
1549 2520 1671 2557 vnius
1704 2531 1869 2569 operam

279 2585 411 2624 adhuc
431 2588 622 2635 posceret.
683 2585 818 2624 Incidi
843 2598 938 2624 casu
965 2598 1096 2634 nuper
1116 2584 1159 2622 in
1186 2584 1228 2622 id
1254 2586 1375 2634 caput
1396 2583 1531 2633 quarti
1556 2584 1654 2623 libri
1673 2584 1721 2623 de
1742 2584 1868 2623 Bene—

279 2650 392 2698 ficiis,
426 2651 542 2689 cuius
572 2651 649 2689 hoc
677 2651 739 2688 est
772 2650 965 2688 initium:
1010 2649 1128 2687 ‘Non
1162 2648 1254 2687 ideo
1287 2662 1359 2698 per
1392 2663 1434 2687 se
1467 2662 1551 2687 non
1584 2651 1645 2688 est
1679 2651 1865 2699 expeten-

280 2714 390 2763 dum,
422 2716 489 2753 cui
518 2715 672 2765 aliquid
702 2717 816 2753 extra
844 2727 1004 2764 quoque
1037 2714 1307 2752 emolumenti
1342 2714 1545 2753 adhaeret.
1617 2715 1718 2753 Eero
1752 2713 1865 2752 enim

279 2779 555 2827 pulcherrima
585 2793 769 2830 quaeque
798 2779 942 2818 multis
970 2780 1011 2817 et
1038 2779 1281 2817 aduentitiis
1311 2779 1504 2818 comitata
1532 2781 1629 2818 sunt
1659 2779 1764 2826 dolis,
1794 2778 1864 2816 sed

422 2865 496 2896 327.
520 2876 572 2905 49.
598 2866 741 2897 studeas
755 2877 786 2905 γ.
884 2865 1036 2896 verseris
1052 2876 1084 2904 γ.
1218 2875 1270 2904 52.
1296 2875 1372 2904 spes
1389 2865 1436 2896 sit
1452 2865 1526 2895 fore
1541 2866 1580 2895 vt
1597 2866 1667 2895 add.
1684 2865 1717 2897 β.

321 2956 394 2986 328.
411 2957 442 2986 6.
462 2958 579 2997 caput]
606 2967 657 2996 23.
706 2958 780 2988 The
801 2960 861 2988 xvc
884 2957 1038 2988 editions
1060 2957 1166 2996 begin
1189 2958 1224 2987 at
1239 2959 1310 2987 Non
1328 2959 1406 2994 ideo,
1424 2955 1494 2986 and
1511 2956 1601 2986 have
1617 2955 1679 2986 the
1699 2954 1862 2994 readings

278 3002 405 3036 fcmpore
421 3000 492 3029 and
509 3002 659 3030 animum.
708 3001 781 3031 The
797 3001 927 3031 Venice
944 3000 1080 3031 edition
1098 3000 1135 3030 of
1151 3010 1231 3038 1492
1249 3000 1321 3031 also
1339 3000 1401 3030 has
1417 3001 1564 3037 αῖῖίρατίε.
