2010 3417
94 114 198 170 489]
570 117 724 158 FROM
763 118 932 158 LOUIS
971 117 1222 158 OANOSSA
1608 116 1688 155 383

99 227 138 257 in
168 226 318 259 London
346 227 385 258 in
416 236 521 267 15143
555 237 612 259 see
639 227 705 268 Ep.
734 237 797 267 294
825 226 957 258 inti-od.
1003 227 1040 258 It
1066 236 1216 267 appears
1242 226 1336 258 from
1362 226 1424 257 the
1453 225 1559 257 letter
1585 224 1688 256 there

95 270 233 309 quoted
254 271 335 302 that
357 270 511 302 canossa
531 280 604 302 was
625 270 765 302 nettled
783 271 830 311 by
851 271 1028 302 Erasmus'
1051 270 1180 302 double
1202 269 1356 309 1-efusa1;
1385 270 1451 301 but
1467 269 1568 300 there
1590 269 1621 299 is
1642 277 1688 300 no

97 321 194 345 trace
209 313 248 345 of
259 314 301 345 ill
317 313 452 355 feeling
467 314 629 346 between
645 313 746 346 them
762 314 802 345 in
817 313 928 346 Lond.
946 314 1042 346 xxvi.
1062 324 1112 355 12,
1129 314 1198 346 LB.
1218 312 1330 355 1157.]

242 411 422 444 ERASMO
452 412 760 444 ROTERODAMO
790 412 1042 445 LVDOVICVS
1072 412 1271 444 CANOSSA
1303 411 1540 443 EPISCOPVS

692 480 958 514 BAIOCENSIS
989 481 1023 512 S.
1050 481 1093 513 D.

150 564 217 603 EA
244 577 409 614 semper
436 564 544 603 mihi
571 563 775 611 voluntas,
797 576 844 602 ea
877 575 1008 612 mens,
1041 563 1078 602 is
1110 563 1278 602 animus
1309 562 1401 611 fuit,
1432 565 1479 601 vt
1513 561 1691 613 quando·

94 643 259 682 cunque
296 643 368 680 per
404 629 618 670 fortunam
655 628 867 680 aliquanto
905 628 1238 668 fauorabiliorem
1277 628 1428 678 liceret,
1463 631 1503 667 et
1540 628 1690 667 studiis

96 696 216 735 bonis
251 698 444 735 nostrum
481 708 604 735 omne
641 695 777 734 ocium
819 694 1118 745 applicaremus
1155 696 1196 734 et
1233 695 1468 734 studiosum
1505 695 1688 745 aliquem

94 762 388 812 literatumque
430 760 645 800 hominem
677 759 791 799 domi
822 759 1067 799 foueremus.
1127 759 1275 810 Itaque
1308 760 1416 799 mihi
1448 773 1690 810 persuasum

92 840 191 866 cum
217 827 273 866 sit
299 840 395 866 eum
424 828 476 875 te,
500 827 683 874 Erasme,
715 838 802 864 esse
830 838 956 876 quem
986 826 1125 865 animo
1154 825 1243 876 ipse
1271 826 1456 876 concipio
1485 839 1689 876 quemque
1709 848 1727 879 5

72 886 74 888 V
91 905 226 932 vnum
245 892 456 942 imprimis
474 905 555 931 vna
583 903 747 930 mecum
775 903 863 929 esse
882 904 927 929 ac
945 890 1085 930 viuere
1114 893 1270 941 exopto,
1295 892 1412 930 cuius
1429 891 1622 930 videlicet
1649 894 1690 931 et

95 957 300 1009 singulari
341 956 509 1008 ingenio
541 956 714 995 recreari
745 957 786 994 et
817 955 996 996 literatis
1026 956 1242 1007 colloquiis
1275 957 1358 996 frui
1391 958 1432 996 et
1465 956 1689 1007 multiplici

94 1023 220 1062 etiam
241 1023 429 1061 doctrina
451 1022 562 1072 pasci
589 1023 711 1071 atque
738 1021 891 1060 erudiri
910 1021 1082 1070 valeam,
1107 1022 1282 1072 dignum
1308 1022 1499 1073 equidem
1530 1023 1686 1073 putaui,

95 1089 351 1139 simulatque
372 1087 720 1127 Ghristianissimi
748 1086 875 1126 huius
904 1087 1030 1137 Regis
1058 1088 1181 1138 (apud
1211 1101 1333 1138 quem
1362 1088 1518 1127 summi
1547 1087 1690 1128 Ponti-

97 1154 186 1193 ficis
222 1155 423 1193 oratorem
461 1152 550 1202 ago)
586 1151 844 1201 benignitate
877 1165 924 1191 ac
961 1152 1102 1191 fauore
1138 1152 1354 1192 Baiocensi
1390 1152 1582 1192 ecclesiae
1620 1166 1688 1192 me
1709 1172 1749 1196 10

94 1219 191 1259 licet
228 1218 520 1257 immerentem
553 1230 742 1256 summus
774 1217 862 1267 ipse
894 1217 1089 1257 Pontifex
1122 1219 1327 1268 praefecit,
1364 1218 1444 1258 tibi
1477 1219 1687 1259 fortunam

96 1285 204 1324 hanc
235 1285 422 1323 nostram
455 1284 599 1322 statim
633 1283 842 1331 nunciare,
873 1285 996 1334 teque
1028 1284 1196 1334 insuper
1228 1285 1388 1324 hortari
1422 1287 1464 1324 et
1495 1285 1684 1334 inuitare,

92 1351 130 1389 si
168 1349 385 1390 commodo
422 1349 496 1388 tuo
533 1349 584 1387 ad
624 1361 692 1387 me
728 1348 960 1399 demigrare
1000 1352 1126 1400 potes,
1167 1362 1250 1389 vna
1286 1363 1451 1390 mecum
1493 1350 1686 1401 deinceps

90 1417 421 1455 commoraturus
435 1428 445 1462 ;
474 1416 742 1464 excepturum
761 1418 803 1454 te
823 1427 901 1462 me,
916 1415 952 1454 si
972 1429 1056 1454 non
1076 1416 1248 1454 omnino
1268 1417 1315 1454 vt
1334 1416 1421 1466 ipse
1440 1417 1624 1467 mereris,
1646 1419 1688 1456 at

90 1481 240 1522 saltem
260 1494 333 1532 pro
345 1480 499 1521 virium
515 1483 750 1520 nostrarum
766 1481 1126 1532 quantulacunque
1144 1481 1348 1530 facultate,
1366 1484 1688 1533 curaturumque
1710 1500 1746 1531 15

90 1550 136 1588 vt
154 1550 196 1588 et
214 1547 390 1587 Erasmo
411 1547 615 1598 quantum
643 1546 688 1585 in
716 1560 783 1585 me
813 1547 893 1586 erit
915 1547 1165 1587 satisfaciam
1193 1549 1235 1586 et
1257 1548 1480 1587 Erasmum
1500 1548 1550 1587 ad
1571 1547 1687 1587 Baio-

93 1626 259 1653 censem
295 1612 547 1653 Antistitem
587 1613 804 1652 accessisse
842 1613 1051 1663 poenitere
1085 1626 1300 1663 nunquam
1335 1612 1490 1652 debeat.
1553 1613 1686 1662 Quem

89 1679 293 1728 tantisper
320 1678 421 1717 dum
449 1677 660 1717 beneficiis
693 1678 962 1728 amplioribus
994 1691 1202 1726 ornauero,
1238 1691 1376 1717 annua
1410 1677 1686 1717 ducentorum

92 1745 336 1783 ducatorum
355 1743 555 1794 pensione
573 1743 812 1791 honestabo,
826 1745 987 1794 praeter
1005 1745 1121 1782 tuam
1136 1757 1181 1782 ac
1200 1743 1349 1782 famuli
1360 1744 1482 1782 vnius
1501 1743 1687 1795 itemque

94 1822 296 1859 equorum
327 1808 505 1847 duorum
538 1808 783 1858 impensam.
842 1809 957 1847 Bene
991 1808 1084 1847 vale
1117 1810 1157 1847 et
1189 1809 1297 1846 mihi
1339 1808 1523 1848 animum
1563 1811 1683 1848 tuum
1708 1825 1749 1846 20

94 1874 300 1913 renuncia.

149 1939 369 1979 Ambasiae
388 1938 526 1978 idibus
546 1938 864 1978 Nouembribus.
921 1940 1056 1978 Anno.
1081 1952 1262 1978 M.D.XVI.

477 2144 573 2184 490.
637 2142 767 2184 FRoM
798 2142 966 2184 HENRY
998 2142 1291 2184 GLAREANUS.

137 2234 325 2270 Deventer
342 2233 418 2268 MS.
439 2244 495 2279 91,
513 2233 537 2268 f.
560 2243 625 2278 109
643 2237 694 2268 νῦ.
1352 2234 1475 2270 Basle.

138 2292 210 2326 LB.
230 2292 326 2337 App.
345 2301 402 2337 92.
1193 2302 1232 2336 13
1252 2292 1461 2329 November
1481 2291 1635 2340 (1516).

642 2372 729 2413 [Not
745 2371 829 2411 long
845 2371 937 2403 after
953 2371 1016 2412 Ep.
1035 2371 1130 2412 463.]

514 2469 692 2499 DOMINO
725 2468 904 2499 ERASMO
933 2468 1200 2500 GLAREANVS
1232 2468 1265 2499 S.

147 2555 266 2603 Qvon
299 2552 356 2592 ita
388 2552 528 2593 breuis
556 2567 664 2603 sum,
685 2554 926 2593 charissime
956 2554 1138 2601 Erasme,
1161 2553 1206 2592 in
1239 2567 1360 2593 causa
1389 2554 1469 2593 fuit
1501 2554 1680 2595 Ioannes

94 2619 334 2666 Frobenius‚
363 2619 598 2656 communis
631 2618 821 2657 omnium
854 2618 1136 2657 studiosorum
1167 2618 1338 2657 amicus.
1394 2617 1504 2657 Nam
1543 2619 1580 2657 is
1616 2633 1684 2659 me

92 2684 268 2723 scribere
300 2683 483 2728 iusserat,
507 2684 716 2722 caeterum
750 2684 948 2722 nuntium
981 2683 1193 2721 abiturum
1225 2685 1318 2732 post
1348 2685 1438 2722 octo
1467 2685 1579 2734 dies;
1612 2686 1683 2725 vix

91 2752 183 2788 octo
202 2748 449 2788 effluxerant
467 2747 602 2795 horae,
626 2761 719 2786 cum
748 2747 922 2786 nuntius
948 2746 1108 2787 litteras
1131 2747 1275 2797 poscit,
1298 2747 1434 2787 nullas
1453 2749 1555 2788 dum
1573 2763 1597 2789 a
1615 2763 1682 2789 me

91 2815 264 2864 paratas.
323 2812 541 2864 Supersedi
578 2813 732 2860 tamen,
780 2812 929 2851 melius
966 2813 1081 2851 ratus
1118 2825 1383 2863 quascunque
1421 2814 1518 2853 dare
1555 2829 1679 2866 quam
1704 2833 1723 2865 5

92 2878 239 2927 nullas,
263 2877 597 2929 occasionemque
634 2877 740 2916 mihi
776 2877 827 2917 ad
860 2879 900 2916 te
934 2877 1139 2916 scribendi
1170 2877 1352 2929 accipere
1385 2879 1523 2929 potius
1555 2894 1681 2932 quam

534 2975 608 3007 489.
627 2985 677 3006 22.
703 2974 874 3006 Nouemb.
893 2977 943 3007 H:
969 2975 1182 3007 Nouembris
1197 2978 1237 3009 N.
