2010 3417
96 147 199 202 418]
1615 140 1694 179 249

506 207 643 262 41184ῃ1
704 206 836 248 FROM
868 206 994 248 JOHN
1023 204 1284 246 REUCHLIN.

145 302 333 339 Deventer
351 304 426 340 MS.
445 315 502 350 91,
522 305 547 341 f.
568 315 643 352 195.
1423 296 1625 343 Stuttgart.

145 360 218 396 LB.
236 362 331 408 App.
352 364 409 408 63.
1395 365 1412 402 5
1432 356 1529 391 June
1550 353 1649 400 1516.

104 497 111 503 ι
145 453 235 494 [The
250 455 481 487 mouth-date
498 456 536 487 of
552 457 627 488 this
642 456 751 487 letter
768 457 799 486 is
814 455 947 495 quoted
964 455 1003 486 in
1020 454 1087 494 Ep.
1105 463 1178 492 471.
1198 462 1218 482 2
1234 461 1272 483 as
1287 451 1384 490 July.
1430 449 1504 480 But
1520 457 1559 478 as
1574 446 1650 477 this
1665 445 1696 476 is

101 506 138 527 m
157 497 206 528 all
222 498 439 538 probability
454 500 517 530 the
539 500 645 531 letter
668 500 825 530 referred
847 502 884 530 to
905 499 944 529 in
969 499 1032 538 Ep.
1049 508 1123 537 419.
1142 506 1172 537 3,
1190 496 1286 526 June
1302 503 1384 534 may
1402 494 1444 523 be
1470 489 1636 530 accepted
1658 498 1697 520 as

101 543 246 573 correct.
284 542 318 573 A
334 543 475 574 further
485 543 750 575 consideration
764 544 794 574 is
805 543 887 574 that
899 553 936 573 as
952 541 1131 573 Reuchlin
1141 538 1305 571 received
1320 538 1383 568 the
1395 537 1480 567 New
1491 533 1698 566 Testament

100 584 259 624 through
281 586 346 616 the
370 586 564 618 Frankfort
586 588 711 627 spring
733 586 802 617 fair
831 587 869 628 (1.
898 588 941 628 1),
959 586 1005 616 he
1031 584 1153 615 would
1176 583 1346 623 probably
1373 581 1464 612 have
1486 579 1634 609 written
1661 578 1696 607 to

94 637 244 668 express
260 629 319 660 his
335 629 470 661 thanks
485 631 605 662 before
621 630 739 671 July.]

155 717 304 757 S.D.P.
337 718 396 757 Mi
415 719 604 768 Erasme,
625 732 751 770 quarn
770 719 906 757 teduit
919 719 970 757 de
989 716 1192 768 proximis
1207 714 1406 754 nundinis
1421 715 1492 751 tua
1508 724 1693 759 munera,

92 783 370 832 quantumuis
389 797 511 833 sacra,
534 798 628 823 cum
649 798 741 824 meo
759 784 981 834 archetypo
1000 782 1213 833 recepisse,
1233 780 1382 831 quippe
1401 779 1553 817 librum
1574 789 1699 827 quem

98 847 208 885 mihi
234 849 423 888 obtulisti
456 850 700 900 bilinguem,
723 851 810 889 sine
839 851 911 888 tuo
939 849 1050 896 sale3
1080 848 1189 898 quod
1218 845 1416 895 intellige.
1442 845 1593 893 absque
1616 843 1699 881 tuis

103 911 255 951 litteris
274 914 483 954 amicitiae
503 915 612 954 inter
631 929 708 954 nos
732 915 843 955 haud
864 914 1073 964 vulgariae
1093 912 1284 952 testibus.
1317 911 1426 949 Nam
1446 922 1526 947 vna
1545 907 1699 958 potuis-

94 978 162 1016 set
195 978 370 1027 epistola
397 982 469 1019 tua
499 981 567 1020 vel
587 981 788 1020 Laconica
816 993 984 1019 sensum
1013 979 1121 1018 mihi
1140 978 1353 1027 voluptate
1380 987 1582 1026 perquam
1602 972 1699 1011 deli·
1719 996 1736 1027 5

98 1043 245 1082 veatiori
274 1047 456 1085 mouisse
487 1061 613 1098 quam
644 1048 781 1085 totum
809 1046 1023 1086 Vincentii
1053 1044 1278 1094 Speculum
1309 1044 1380 1081 aut
1407 1042 1443 1080 si
1472 1040 1565 1090 quis
1593 1038 1701 1078 alius

105 1107 232 1148 fuerit
251 1110 497 1151 immensior
518 1112 653 1151 codex.
697 1112 753 1151 Et
777 1111 889 1151 nosti
907 1113 1048 1151 autem
1071 1112 1118 1149 tu
1138 1109 1310 1159 reliquis
1328 1109 1452 1158 longe
1471 1105 1624 1145 melius
1651 1103 1701 1142 de

104 1172 390 1215 Pentateucho
410 1177 470 1227 (vt
494 1178 629 1228 Moysi
653 1177 779 1216 etiam
806 1191 898 1216 meo
922 1175 1229 1225 subblandiar);
1259 1187 1364 1222 meo,
1386 1173 1568 1222 inquam,
1592 1170 1702 1220 quod

105 1238 180 1278 illo
199 1253 312 1280 nunc
333 1256 408 1292 pro
432 1243 623 1282 Cicerone
642 1244 748 1282 vtor.
806 1242 928 1282 Nosti
955 1244 1065 1281 certo
1094 1242 1140 1280 in
1165 1239 1394 1291 praeceptis
1422 1238 1499 1276 hoc
1527 1249 1626 1282 esse,
1647 1235 1701 1274 In

103 1308 221 1345 omni
252 1308 459 1347 oblatione
489 1309 591 1347 offer
616 1309 707 1357 sa13
737 1309 847 1359 quod
874 1309 1098 1359 explanant
1122 1306 1312 1356 magistri
1340 1305 1474 1344 nostri
1504 1310 1583 1347 mm
1614 1309 1702 1351 {ww
1722 1321 1761 1343 10

102 1359 274 1412 &bnt-mn
305 1360 387 1413 533.
405 1401 410 1405 -
439 1375 544 1414 Esca
555 1388 651 1415 vero
666 1376 775 1415 mihi
793 1375 899 1415 liber
911 1376 1011 1413 tuus
1030 1375 1091 1413 est
1112 1375 1153 1412 et
1171 1372 1334 1411 litterae
1352 1373 1447 1409 tuae
1467 1367 1600 1407 animi
1619 1366 1703 1405 mei

102 1435 251 1476 solatia
266 1452 276 1486 ;
305 1439 457 1488 quibus
471 1455 523 1480 ne
538 1455 607 1481 me
626 1442 822 1492 dispolies
837 1441 1016 1490 obsecro,
1034 1439 1098 1478 tui
1112 1441 1200 1477 tam
1214 1439 1423 1477 amantem
1442 1437 1595 1484 tuaque
1613 1434 1702 1471 tam

101 1501 278 1542 libenter
289 1504 510 1556 legentem,
528 1507 600 1558 qui
620 1508 731 1547 solus
745 1508 903 1558 priscae
918 1505 1147 1556 imaginem
1160 1502 1418 1553 eloquentiae
1430 1499 1551 1539 nobis
1562 1497 1701 1544 refers,

104 1569 250 1607 caeteri
262 1570 384 1609 turba
404 1585 558 1611 sumus.
608 1573 675 1612 Me
690 1573 838 1621 hercle,
856 1586 952 1611 cum
971 1574 1044 1610 tua
1059 1571 1161 1621 lego,
1175 1569 1233 1608 ita
1245 1580 1434 1607 meorum
1447 1563 1707 1613 contemptor

102 1645 196 1671 sum
214 1635 261 1673 vt
282 1648 400 1686 saepe
418 1639 532 1676 totus
552 1651 575 1676 a
594 1639 752 1677 calamo
772 1638 981 1677 desideam
1001 1635 1242 1675 subtristior
1268 1632 1579 1682 aliquantisper,
1602 1628 1704 1666 dum
1726 1648 1762 1680 15

98 1699 338 1738 studiorum
359 1703 528 1741 tuorum
548 1704 883 1754 magnitudinem
906 1704 1016 1741 recte
1044 1702 1183 1740 iudico
1211 1699 1432 1749 scriptores
1460 1695 1606 1734 aetatis
1634 1705 1703 1730 no-

106 1765 215 1803 strae
228 1766 388 1805 omneis
401 1768 673 1819 vndequaque
685 1769 851 1808 vincere
870 1783 879 1816 3
907 1781 993 1807 non
1006 1767 1117 1818 quod
1130 1766 1180 1805 iis
1196 1764 1317 1803 bonis
1332 1776 1434 1813 quae
1449 1762 1528 1800 tibi
1539 1762 1701 1803 natura,

101 1829 254 1878 labore,
277 1831 445 1871 fortuna
478 1834 574 1872 data
599 1835 700 1873 sunt
727 1834 950 1881 inuideam,
972 1833 1030 1871 ita
1054 1845 1121 1870 me
1149 1829 1289 1880 superi
1314 1829 1467 1875 ament,
1495 1826 1565 1865 sed
1592 1824 1703 1875 quod

111 1897 299 1945 tempora
319 1909 412 1936 mea
432 1897 613 1949 lugeam,
634 1899 786 1950 quibus
806 1899 911 1938 mihi
929 1912 1015 1937 non
1035 1897 1143 1944 libri,
1173 1909 1258 1934 non
1282 1894 1562 1944 praeceptores
1589 1892 1705 1929 fuere

104 1974 240 2010 neque
259 1961 425 2012 aliquod
444 1966 537 2002 tum
557 1965 683 2004 limae
703 1978 842 2015 genus,
867 1978 948 2014 quo
967 1964 1096 2014 polire
1108 1963 1180 2001 aut
1199 1961 1387 2010 linguam
1406 1960 1478 1996 aut
1495 1956 1703 1996 calamum
1724 1976 1763 1998 20

101 2026 349 2065 adulescens
368 2030 611 2078 potuissem.
660 2030 782 2069 Nunc

999 2096 1080 2123 vox
1101 2095 1262 2132 quoque
1284 2078 1459 2118 Moerim

488 2137 580 2177 Iam
598 2139 705 2189 fugit
724 2138 826 2189 ipsa.

162 2221 241 2261 Sed
270 2226 367 2263 esto.
431 2227 515 2267 ἅλις
541 2230 607 2266 τοῦ
634 2221 769 2266 ἀθλίόυ
796 2227 885 2277 βίου
912 2227 980 2265 τοῦ
1007 2226 1229 2278 γογγυσμοῦ
1258 2241 1313 2262 τε.
1371 2223 1453 2262 Oro
1483 2223 1605 2271 atque
1634 2232 1704 2258 01‘0

105 2289 421 2338 quamprimum
441 2292 492 2331 ad
512 2306 580 2331 me
599 2293 753 2331 scribas
772 2306 896 2343 quam
915 2291 1024 2330 belle
1042 2290 1195 2329 habeas
1214 2289 1256 2326 et
1275 2287 1377 2338 quid
1396 2300 1504 2337 agas.
1548 2286 1610 2324 De
1638 2297 1704 2323 me
1726 2281 1740 2323 '2
1747 2302 1763 2333 5

106 2353 224 2392 enim
239 2355 316 2394 hoc
335 2356 454 2404 scito,
475 2357 583 2408 quod
602 2358 737 2397 adhuc
756 2358 834 2397 sub
852 2357 988 2396 iudice
1008 2356 1062 2395 lis
1082 2357 1156 2394 est.
1205 2355 1274 2393 Ab
1293 2352 1539 2403 argentariis
1552 2350 1705 2389 iterum

110 2419 228 2458 mille
249 2420 417 2460 ducatos
432 2435 578 2461 aureos
599 2423 781 2462 mutuati
796 2424 896 2461 sunt
914 2422 1070 2461 Romae
1086 2419 1312 2460 aduersarii
1324 2418 1418 2466 mei,
1437 2418 1484 2455 vt
1498 2416 1562 2454 bis
1574 2415 1702 2453 antea.

156 2528 186 2549 2.
212 2528 293 2550 meo
308 2521 380 2551 LB:
405 2530 463 2550 me
477 2523 548 2552 MS.
703 2532 755 2552 20.
782 2520 882 2560 aliqd
897 2523 987 2551 Ma:
1013 2518 1153 2558 aliquid
1168 2520 1231 2548 LB.
1389 2524 1441 2545 22.
1466 2512 1618 2544 Moerini
1634 2513 1704 2541 MS.

112 2573 163 2601 24.
187 2561 257 2593 ἅλις
271 2565 340 2594 MS.
389 2564 443 2602 τῆς
453 2567 523 2601 post
537 2564 610 2599 βίου
625 2567 693 2596 MS.
712 2575 720 2595 z
742 2564 800 2595 τοῦ
816 2567 879 2596 LB.

946 2663 1108 2699 Speculum
1156 2659 1322 2695 historiale,
1363 2658 1490 2694 morale,
1528 2656 1704 2694 doctrinale,

160 2675 187 2696 1.
222 2663 388 2704 munera]
421 2662 619 2701 Evidently
656 2662 720 2693 the
750 2664 876 2693 Nouum

945 2706 1095 2735 naturale.
1140 2704 1191 2732 As
1204 2702 1281 2732 first
1297 2700 1442 2740 printed
1457 2701 1493 2730 at
1509 2698 1706 2737 Strasburg,

112 2711 374 2742 lustramentum.

157 2763 186 2783 2.
233 2749 444 2791 archetypo]
484 2749 559 2780 One
596 2748 635 2779 of
675 2748 739 2779 the
778 2747 876 2779 MSS.

112 2794 296 2827 borrowed
319 2794 411 2825 from
434 2793 632 2827 Reuchlin;
657 2792 702 2823 cf.
726 2791 790 2831 Ep.
813 2800 877 2830 373

112 2839 248 2871 introd.

157 2886 189 2915 6.
222 2881 427 2922 Vincentii]
453 2881 609 2911 Vincent
636 2878 674 2909 of
700 2879 876 2909 Beauvais

117 2928 159 2968 (c.
186 2925 408 2966 1190—1264),
432 2934 451 2954 a
475 2923 612 2954 French
636 2922 875 2959 Dominican;

113 2971 244 3002 author
259 2970 298 3000 of
317 2979 338 3000 a
354 2968 452 2999 work
469 2967 672 3005 embracing
686 2966 735 2997 all
754 2966 875 2996 know-

114 3015 227 3056 ledge,
259 3013 332 3044 and
370 3011 515 3043 divided
546 3012 623 3041 into
654 3010 735 3041 four
764 3011 872 3049 parts,

946 2749 985 2778 in
1005 2756 1086 2786 1473
1098 2746 1169 2776 and
1184 2745 1246 2775 the
1262 2743 1450 2782 following
1463 2751 1577 2782 years,
1589 2742 1619 2772 it
1634 2740 1707 2772 fills

946 2791 1044 2831 eight
1060 2789 1144 2820 folio
1159 2788 1329 2819 volumes.

989 2845 1021 2873 9.
1039 2834 1085 2864 In
1101 2832 1218 2872 omni]
1241 2831 1322 2861 Lev.
1343 2840 1374 2860 2.
1393 2839 1446 2867 13.

993 2887 1043 2915 14.
1061 2874 1181 2915 turba]
1207 2875 1259 2906 Of.
1277 2874 1339 2905 Ov.
1359 2875 1431 2903 Met.
1452 2882 1480 2903 1.
1498 2881 1572 2911 355.

990 2931 1040 2951 22.
1060 2929 1129 2950 vox
1152 2916 1310 2957 quoque]
1326 2917 1431 2956 Verg.
1451 2918 1516 2947 Ecl.
1534 2926 1565 2955 9.
1583 2924 1670 2954 53,4.

989 2965 1040 2995 26.
1059 2963 1124 2994 sub
1146 2960 1280 3002 iudice]
1307 2960 1393 2991 Hor.
1409 2962 1451 2990 A.
1469 2961 1504 2990 P.
1523 2959 1574 2998 78.

989 3017 1040 3046 27.
1064 3004 1186 3046 antea]
1211 3004 1263 3036 Cf.
1280 3004 1350 3035 RE.
1373 3013 1444 3042 192.
