2010 3417
311 161 391 200 518
777 157 1028 196 LETTERS
1066 157 1137 196 OF
1174 156 1441 196 ERASMUS
1782 154 1903 209 [1517

312 269 383 300 and
401 268 528 307 Geiger
543 268 581 297 in
599 267 707 298 ADB.
743 266 812 296 His
824 265 991 305 writings
1003 265 1148 295 include
1167 275 1263 296 some
1281 264 1387 296 small
1402 264 1627 296 educational
1642 265 1905 305 composstions,

314 313 351 342 ..f
363 312 481 342 which
499 311 556 341 his
577 310 698 350 pupils
715 309 870 349 thought
890 318 978 348 very
993 308 1132 350 highly,
1153 308 1225 339 and
1241 318 1337 339 some
1358 308 1596 339 translations
1612 310 1704 338 from
1720 308 1903 347 Isocrates,

313 356 454 393 Lucian,
474 353 584 394 Basil,
603 354 843 393 Chrysostom,
863 353 934 383 and
952 353 1108 392 Gregory
1125 352 1350 391 Nazianzen3
1377 352 1469 382 with
1491 361 1538 382 311
1559 351 1699 382 edition
1721 351 1760 381 of
1772 353 1908 383 Aristo-

315 398 457 438 phanes’
473 401 595 428 Plutus.
642 397 788 428 Besides
803 397 964 427 thirteen
980 396 1104 426 letters
1120 396 1352 426 enumerated
1368 396 1414 435 by
1429 395 1596 426 Schmidt
1614 395 1715 425 there
1732 404 1791 426 are
1808 396 1908 426 three

314 448 348 472 to
365 441 492 481 Capito
510 440 696 481 (1520-23)
713 450 842 479 among
858 439 921 470 the
938 439 1042 470 Basle
1060 439 1158 471 MSS.
1180 439 1272 480 (ΚΑ.
1289 439 1325 470 C.
1346 439 1406 470 IV.
1426 449 1458 478 5,
1476 439 1499 470 i.
1520 449 1571 478 72,
1591 439 1644 478 82,
1663 438 1749 479 83).]

616 528 784 559 PETRVS
813 527 1112 559 MOSELLANVS
1144 527 1323 557 DOMINO
1355 527 1536 558 ERASMO
1569 528 1604 558 S.

366 600 604 647 QVANQVAM
642 601 760 638 tanta
797 598 905 637 mihi
942 611 966 636 a
994 600 1141 636 natura
1178 597 1303 636 insita
1339 599 1402 636 est
1439 597 1695 646 verecundia,
1736 597 1910 635 Erasme

311 664 645 704 doctissimorum
676 663 955 710 ornatissime,
975 665 1022 702 vt
1051 663 1128 701 tibi
1157 663 1303 713 tuique
1331 662 1542 702 similibus
1570 663 1696 701 homo
1716 662 1912 701 omnibus

312 730 447 769 modis
475 731 613 769 tenuis
637 743 722 769 non
750 730 831 768 nisi
859 729 969 768 iusta
994 729 1205 767 occasione
1232 730 1480 778 prouocatus
1508 728 1684 766 scribere
1709 728 1911 766 hactenus

311 796 391 833 sim
409 808 546 843 ausus,
569 798 711 834 tamen
730 797 776 833 vt
806 795 883 832 hoc
909 796 1096 843 tempore
1117 807 1184 832 me
1213 794 1302 843 ipse
1331 793 1555 841 vincerem,
1581 793 1659 832 hoc
1681 795 1746 832 est
1774 793 1910 832 fronte

275 872 291 901 5
310 858 502 908 perfricta
519 858 680 897 litteras
700 857 940 896 illitteratas
959 857 1135 895 Erasmo
1156 857 1431 904 obtruderem,
1455 856 1613 895 multae
1628 869 1728 895 sane
1741 857 1912 895 fuerunt

255 1199 295 1220 10

312 937 466 962 causae.
554 924 747 962 Primum
785 924 899 961 enim
942 922 1230 961 laudatissima
1266 923 1340 960 tua
1377 921 1627 970 humanitas,
1670 935 1751 972 qua
1787 922 1912 960 etiam

311 989 663 1028 absolutissimam
682 989 808 1027 istam
823 987 1105 1026 eruditionem
1118 987 1284 1026 vincere
1301 986 1459 1035 diceris,
1477 987 1669 1026 animum
1680 987 1787 1026 mihi
1801 987 1910 1027 fecit.

313 1052 472 1090 Deinde
509 1052 622 1090 velut
660 1054 808 1100 sponte
847 1051 1031 1089 currenti
1064 1050 1237 1088 calcaria
1269 1049 1456 1088 subdidit
1489 1049 1723 1088 Richardus
1761 1050 1914 1089 Crocus

312 1117 559 1164 Britannus,
595 1116 760 1154 iuuenis
807 1129 905 1154 cum
951 1115 1210 1165 imaginibus
1257 1116 1350 1153 tum
1395 1115 1612 1165 vtriusque
1659 1115 1914 1154 litteraturae

312 1182 545 1232 cognitione
563 1195 647 1220 non
667 1182 804 1221 solum
828 1182 872 1220 in
902 1181 1123 1220 Britannia
1143 1194 1217 1219 sua
1238 1180 1510 1219 verumetiam
1530 1181 1755 1219 Germania
1773 1183 1915 1220 nostra

313 1248 493 1286 maxime
522 1249 668 1292 clarus,
704 1247 774 1298 qui
807 1247 851 1285 in
883 1246 1099 1286 litterariis
1128 1246 1283 1285 nostris
1306 1245 1726 1293 confabulationibus,
1755 1246 1914 1296 quoties

312 1313 375 1351 tui
408 1313 593 1351 nominis
632 1312 791 1351 mentio
830 1314 936 1350 esset
975 1312 1084 1351 facta
1122 1312 1262 1360 (fiebat
1297 1314 1439 1350 autem
1470 1312 1591 1361 sepe),
1632 1325 1716 1350 non
1755 1311 1915 1350 destitit

313 1379 494 1427 suadere,
515 1379 684 1426 hortari,
707 1380 754 1416 vt
773 1391 842 1416 me
860 1377 939 1415 tibi
959 1377 1216 1416 insinuarem
1236 1392 1245 1424 ;
1267 1390 1401 1427 neque
1420 1377 1534 1415 enim
1554 1377 1633 1415 11οο
1648 1377 1714 1416 vel
1733 1376 1811 1415 tibi
1829 1377 1915 1415 fore

311 1444 520 1493 ingratum
549 1444 616 1482 vel
636 1443 741 1482 mihi
756 1443 1073 1492 poenitendum,
1094 1456 1244 1492 nempe
1266 1442 1374 1492 quod
1399 1444 1440 1480 te
1467 1443 1522 1480 sit
1548 1442 1772 1481 humanior
1791 1456 1915 1481 nemo

314 1522 446 1559 neque
461 1509 677 1560 quisquam
699 1509 759 1547 καὶ
777 1512 850 1547 τῶν
868 1511 1023 1546 πολλῶν
1043 1508 1175 1557 magis
1202 1507 1397 1546 omnibus
1423 1507 1478 1546 sit
1498 1508 1718 1557 expositus·
1765 1508 1915 1547 Aiebat-

314 1576 525 1623 praeterea
557 1576 697 1612 noster
730 1574 883 1612 Crocus
917 1587 961 1611 59
993 1573 1052 1611 ita
1096 1573 1269 1611 Erasmo
1312 1572 1591 1622 coniunctum,
1632 1575 1678 1611 vt
1717 1573 1915 1623 epistolae

315 1641 474 1678 nostrae
499 1639 566 1677 vel
591 1640 669 1677 hoc
694 1639 864 1677 nomine
894 1639 1011 1677 locus
1036 1641 1145 1676 esset
1170 1638 1338 1676 futurus
1361 1637 1455 1676 istic
1479 1637 1728 1687 honoratior,
1757 1639 1868 1688 quod
1892 1652 1916 1677 a

318 1718 361 1742 se
382 1706 669 1754 apportaretur
688 1720 697 1752 3
717 1705 803 1742 iam
822 1705 916 1742 tum
936 1703 1049 1741 enim
1069 1704 1167 1741 111110
1188 1703 1231 1741 111
1243 1702 1420 1752 patriam
1433 1703 1593 1741 soluere
1609 1704 1789 1753 parabat.
1835 1703 1917 1742 His

316 1770 432 1819 quasi
451 1770 638 1809 stimulis
656 1770 857 1808 excitatus
870 1769 1078 1808 calamum
1097 1769 1263 1819 arripui,
1281 1768 1381 1807 haec
1395 1770 1604 1818 vtcunque
1614 1769 1772 1819 scripsi,
1788 1769 1917 1809 Croco

258 1848 272 1869 2
315 1836 556 1884 perferenda
575 1835 682 1874 dedi.

373 1901 462 1949 Qua
483 1915 527 1939 re
554 1901 589 1939 51
613 1900 713 1950 quid
740 1902 803 1939 est
826 1902 1054 1950 peccatum,
1078 1903 1152 1939 tuo
1180 1901 1307 1939 Croco
1332 1899 1376 1937 in
1397 1902 1538 1938 nostra
1563 1899 1684 1949 culpa
1705 1900 1916 1950 ignosces;

318 1968 354 2006 is
395 1967 509 2005 enim
557 1966 684 2005 huius
729 1966 922 2005 audaciae
961 1965 1068 2004 mihi
1115 1966 1266 2004 author
1303 1965 1386 2003 fuit
1422 1964 1545 2015 (quod
1589 1966 1711 2005 Greci
1756 1966 1916 2015 dicunt)

317 2034 526 2082 κορυφαῖος.
585 2032 692 2069 Tum
711 2033 754 2069 et
773 2033 915 2069 nostro
934 2044 1032 2081 erga
1049 2034 1090 2069 te
1109 2031 1242 2070 amori
1261 2029 1377 2068 dabis
1395 2030 1603 2079 nonnihil,
1627 2031 1699 2081 qui
1719 2044 1844 2082 quam
1863 2031 1917 2070 sit

318 2109 506 2146 magnus,
548 2096 625 2134 hoc
663 2098 907 2146 argumento
938 2096 1058 2135 facile
1096 2095 1259 2146 assequi
1296 2096 1422 2145 potes.
1464 2096 1585 2145 quod,
1626 2097 1727 2135 dum
1759 2110 1804 2136 se
1837 2097 1917 2135 tibi

281 2177 296 2206 5
316 2162 529 2200 insinuare
556 2162 702 2211 pergit,
723 2162 972 2200 temeritatis
991 2175 1212 2212 personam
1238 2174 1377 2210 gerere
1403 2160 1615 2199 sustinuit.
1699 2162 1916 2201 Postremo

317 2228 353 2265 51
381 2241 433 2266 119
462 2228 561 2266 11390
590 2227 758 2277 quidem
786 2227 959 2266 fecerint
987 2228 1100 2276 satis,
1129 2227 1181 2265 ad
1210 2226 1543 2276 Theophrastum
1571 2227 1816 2277 confugiam,
1845 2229 1917 2278 qui

317 2293 424 2331 hanc
444 2305 581 2331 meam
611 2293 662 2342 (si
687 2293 746 2331 ita
770 2293 851 2342 vis)
880 2293 1167 2342 petulantiam,
1191 2305 1271 2342 qua
1292 2294 1387 2330 tuae
1413 2291 1621 2330 amicitiae
1648 2294 1916 2332 candidatum

317 2372 404 2408 ago,
436 2358 664 2396 honestiori
701 2359 1044 2409 interpretatione
1080 2357 1270 2408 palliabit
1304 2356 1490 2406 dicetque
1522 2358 1631 2407 apud
1663 2359 1786 2397 tuum
1820 2359 1916 2397 Plu-

317 2425 507 2462 tarchum
527 2424 674 2462 πάντων
697 2425 867 2472 μάλιστα
893 2424 966 2462 δεῖν
991 2424 1132 2463 κοινοὺς
1156 2425 1228 2460 τῶν
1248 2422 1370 2470 φίλων
1390 2421 1481 2459 εἶναι
1499 2423 1584 2463 τοὺς
1603 2423 1749 2471 φίλους.
1808 2424 1917 2462 Sunt

263 2501 274 2511 ⁸
318 2489 417 2527 adeo
437 2502 679 2527 communes
693 2489 802 2528 mihi
817 2491 954 2527 tecum
966 2489 1089 2527 amici
1101 2486 1239 2534 multi,
1255 2501 1330 2525 nec
1348 2486 1380 2524 ii
1399 2487 1586 2536 gregarii,
1606 2490 1652 2527 vt
1671 2489 1717 2527 in
1729 2489 1916 2527 ordinem

319 2553 502 2602 redigere
540 2554 699 2603 possis3
748 2554 833 2592 imo
872 2554 1059 2604 Capnion
1097 2553 1170 2591 ille
1208 2552 1466 2590 eruditorum
1514 2554 1631 2602 ἄλφα,
1683 2554 1918 2593 Bilibaldus

319 2619 634 2667 Byrchemerus,
653 2619 719 2658 vir
733 2618 843 2657 inter
862 2619 1004 2657 doctos
1017 2617 1375 2666 honoratissimus,
1395 2617 1619 2668 Philippus
1634 2618 1913 2667 Melanchton,

320 2683 481 2722 iuuenis
501 2684 566 2722 vel
587 2686 660 2722 tuo
679 2683 837 2722 calculo
863 2683 1209 2733 probatissimus;
1240 2695 1343 2731 quos
1369 2695 1515 2721 omnes
1542 2685 1577 2722 51
1604 2697 1690 2722 11011
1716 2684 1918 2730 excludis,
1959 2689 1962 2692 ’

319 2750 359 2785 et
381 2749 655 2787 Mosellanum
674 2749 760 2787 illis
773 2750 857 2787 iam
872 2751 969 2788 ante
985 2762 1070 2787 non
1091 2749 1304 2797 ingratum
1318 2747 1364 2784 in
1378 2761 1521 2786 eorum
1533 2749 1674 2788 album
1692 2749 1916 2788 asscribere

284 2824 298 2852 5
320 2813 468 2851 saltem
490 2814 672 2863 digneris
693 2815 765 2864 qui
793 2815 841 2854 vt
862 2816 1031 2853 tuarum
1051 2813 1386 2852 lucubrationum
1412 2816 1510 2851 sunt
1529 2815 1836 2862 studiosissimi,
1859 2814 1916 2852 ita

363 2907 392 2934 9.
421 2898 564 2937 linguae
577 2905 647 2936 post
661 2900 847 2940 Vtriusque
864 2903 903 2930 ab
919 2904 1106 2931 amanuensi
1122 2903 1211 2931 obelis
1234 2903 1373 2929 notatum
1393 2902 1467 2931 add.
1484 2902 1557 2938 1:33
1581 2904 1617 2938 cf.
1634 2904 1693 2938 Ep.
1712 2911 1786 2940 391.
1804 2901 1846 2940 58
1856 2911 1890 2932 η.

320 2975 373 3003 26.
398 2955 700 3016 Theophrastum]
711 2979 765 3008 Fr.
783 2986 843 3015 75:
859 2987 911 3013 ap.
925 2977 1019 3008 Plut.
1033 2979 1185 3015 (mast-at.
1200 2988 1264 3017 490
1275 2986 1294 3006 E
1307 2986 1316 3014 3
1333 2977 1464 3014 quoted
1476 2977 1523 3016 by
1534 2977 1701 3008 Erasmus
1715 2978 1752 3007 in
1767 2980 1869 3015 Aday.
1885 2986 1911 3006 1.

321 3025 371 3054 33.
395 3019 456 3047 tuo
479 3017 630 3058 calculo]
649 3019 712 3049 See
730 3029 763 3058 p.
782 3030 857 3058 319.
