2010 3417
169 139 267 193 451]
1682 147 1762 185 317

569 196 708 251 451453
764 195 830 236 To
861 196 1066 237 ANDREW
1096 196 1360 239 AMMONIUS.

215 259 378 306 Farrago
396 273 431 306 p.
452 261 531 296 206.
1390 262 1602 310 <London.>

217 319 256 354 F.
274 330 310 364 p.
330 328 418 364 342:
445 317 539 356 HN:
565 318 682 354 Lond.
700 318 774 354 viii.
796 328 860 361 14:
887 319 957 353 LB.
981 330 1056 364 133.
1285 319 1338 366 (o.
1359 331 1401 365 14
1418 323 1565 368 August
1588 322 1712 369 1516.)

212 388 303 431 [The
326 388 450 419 letters
473 397 580 428 451-3
603 387 674 418 and
699 397 763 427 455
790 387 887 427 hang
914 387 1047 428 closely
1071 390 1233 429 together
1257 390 1327 421 and
1353 400 1438 431 may
1461 392 1503 423 be
1531 391 1639 423 dated
1667 395 1760 432 1516.

167 433 315 464 because
339 431 377 462 of
399 431 463 462 the
489 432 576 462 New
600 431 808 462 Testament
835 431 914 471 (Ep.
942 433 1033 471 384³,
1053 434 1125 463 and
1152 433 1298 464 because
1325 435 1364 465 in
1392 445 1439 466 no
1463 435 1568 466 other
1591 445 1676 475 year
1698 436 1761 467 did

169 476 336 507 Erasmus
360 475 458 506 leave
482 474 649 514 England
674 474 713 505 in
736 475 887 515 August.
934 475 1020 506 This
1045 475 1162 515 letter,
1182 476 1302 508 which
1327 487 1399 509 was
1423 478 1487 509 left
1512 479 1647 510 behind
1670 480 1761 510 with

169 518 267 551 More
291 519 330 549 in
347 517 497 549 London
513 519 594 558 (Ep.
613 527 685 556 452.
709 519 773 554 10),
790 518 820 549 is
836 518 1010 559 probably
1028 522 1092 550 not
1110 520 1193 559 long
1213 521 1310 560 prior
1331 522 1368 552 to
1386 521 1447 562 Ep.
1468 532 1543 562 452,
1561 523 1658 554 since
1674 523 1761 554 both

167 572 226 594 are
247 561 432 593 answered
455 562 503 601 by
527 562 590 600 Ep.
618 570 691 600 453.
738 561 812 592 The
839 561 996 602 Monday
1019 564 1230 594 mentioned
1254 564 1294 594 in
1321 563 1344 595 l.
1372 574 1390 604 5
1414 575 1497 606 may
1520 566 1695 597 therefore
1720 567 1762 597 be

166 606 275 637 taken
292 614 330 636 as
348 615 383 636 11
401 603 570 645 August.]

431 691 638 722 ERASMVS
668 692 1002 723 ROTERODAMVS
1034 694 1249 725 AMMONIO
1281 695 1363 725 SVO
1395 696 1428 724 S.
1456 697 1498 726 D.

219 762 387 801 szcon
416 764 462 800 vt
500 761 603 800 istae
635 762 877 801 venationes
906 765 993 802 tam
1032 764 1117 802 sint
1154 763 1312 802 faustae
1342 764 1462 804 vobis
1499 779 1623 815 quam
1657 767 1763 806 mihi

166 827 336 866 fuerunt
354 827 582 867 infaustae:
611 828 694 867 iam
713 828 899 877 primum
918 829 1032 867 enim
1055 830 1210 879 Regem
1233 829 1340 868 mihi
1361 830 1552 869 adimunt
1573 847 1581 879 ;
1615 833 1761 871 deinde

163 892 346 943 profecto
366 893 579 931 Cardinale
599 893 687 931 dies
706 893 864 944 aliquot
884 907 952 932 me
971 896 1069 932 sunt
1089 896 1328 932 remoratae.
1384 895 1451 934 Ad
1463 896 1562 934 haec
1571 896 1764 936 Vrseuui-

164 971 260 996 cum
294 957 420 996 misso
453 958 572 996 Nouo
599 958 865 997 Testamento
902 960 1131 1008 captaram:
1163 972 1317 1009 equum
1347 961 1600 1009 promissum
1633 962 1763 1001 literis

164 1023 376 1073 petieram.
433 1023 560 1061 Hunc
598 1036 693 1061 cum
727 1023 793 1062 die
827 1023 951 1062 lunae
981 1024 1146 1062 visurus
1177 1025 1283 1074 peto,
1317 1024 1388 1063 ille
1418 1027 1681 1066 commodum
1720 1041 1762 1066 se
1782 1036 1798 1065 5

164 1090 363 1127 venatum
383 1088 588 1138 proripuit
606 1101 691 1126 non
712 1088 921 1127 rediturus
933 1090 1029 1127 ante
1044 1091 1200 1139 septem
1216 1089 1312 1128 dies.
1372 1090 1439 1128 Ad
1460 1092 1572 1130 hunc
1591 1093 1763 1131 modum

163 1154 199 1193 is
225 1154 416 1203 thynnus
444 1154 608 1203 elapsus
637 1156 711 1193 est.
769 1154 951 1193 Demum
984 1167 1096 1193 nunc
1127 1156 1166 1192 te
1195 1155 1300 1192 mihi
1329 1156 1557 1206 praeripuit
1585 1158 1762 1197 venatio.

163 1219 343 1257 Proinde
362 1219 469 1268 quod
489 1231 625 1256 coram
636 1219 838 1267 volebam,
853 1219 986 1258 literis
1005 1232 1091 1269 ago.
1142 1220 1372 1269 Epistolam
1384 1234 1407 1259 a
1421 1234 1548 1271 puero
1566 1223 1763 1272 scriptam

163 1284 214 1323 ad
243 1284 506 1331 Pontificem,
536 1284 571 1322 si
599 1285 724 1332 voles,
747 1284 938 1334 resigna3
971 1284 1078 1322 mihi
1106 1285 1273 1323 videtur
1301 1298 1447 1334 parum
1476 1288 1570 1337 apte
1599 1288 1759 1337 scripta.

165 1351 211 1390 Si
235 1349 437 1388 iudicabis
462 1349 513 1387 ad
541 1362 629 1387 rem
653 1349 873 1399 pertinere,
897 1363 993 1389 cura
1019 1350 1155 1388 denuo
1186 1350 1495 1391 describendam
1520 1353 1758 1401 accuratius,
1784 1366 1822 1388 10

164 1419 211 1456 vt
249 1418 290 1455 et
326 1415 402 1454 hoc
435 1414 604 1454 interim
634 1415 761 1454 addas
795 1415 929 1454 officii.
1004 1415 1191 1454 Salutem
1224 1427 1361 1454 meam
1394 1416 1471 1454 tibi
1504 1419 1757 1457 commendo.

162 1483 247 1522 Nec
275 1495 372 1532 rogo
402 1479 651 1532 diligentius,
675 1481 739 1519 oui
759 1483 847 1520 toto
871 1484 1035 1531 pectore
1065 1480 1250 1527 confid0;
1280 1493 1354 1520 nee
1383 1481 1580 1532 polliceor
1607 1485 1761 1534 magni-

162 1548 248 1597 fiee,
272 1548 337 1586 cui
366 1561 420 1597 re,
443 1548 480 1586 si
510 1559 670 1598 queam,
697 1548 849 1596 gratias
878 1547 1030 1586 referre
1060 1549 1205 1588 malim
1236 1562 1358 1600 quam
1388 1562 1517 1599 agere.
1573 1549 1628 1587 Et
1655 1549 1760 1587 mihi

159 1615 267 1653 certe
295 1626 388 1664 spes
407 1615 469 1652 est
490 1624 774 1652 successurum
802 1613 911 1663 quod
937 1615 1108 1664 agimus,
1132 1628 1215 1653 non
1236 1615 1372 1653 solum
1401 1615 1509 1664 quod
1534 1614 1671 1665 agitur
1689 1629 1761 1665 per

158 1679 372 1718 hominem
401 1679 507 1717 mihi
534 1677 835 1725 charissimum,
857 1692 1004 1718 verum
1027 1680 1152 1719 etiam
1181 1694 1252 1730 per
1281 1680 1558 1718 Ammonium
1587 1680 1761 1719 Erasmo
1782 1692 1817 1723 15

161 1743 460 1782 felicissimum.
520 1743 635 1782 Bene
653 1744 754 1782 vale.
785 1789 787 1791 ι

217 1810 418 1849 Poterant
436 1809 515 1847 hae
536 1809 638 1847 duae
658 1821 802 1847 causae
821 1822 888 1847 me
908 1808 996 1847 dies
1016 1810 1174 1859 aliquot
1194 1810 1239 1847 in
1259 1810 1411 1859 Anglia
1435 1811 1641 1857 remorari,
1665 1824 1759 1861 spes

161 1874 258 1925 equi
293 1875 344 1913 ab
373 1874 608 1921 Vrseuuico,
639 1887 763 1923 quem
791 1873 903 1912 haud
933 1873 1056 1912 dubie
1087 1875 1261 1913 daturus
1289 1877 1387 1923 erat,
1419 1877 1460 1913 et
1489 1877 1609 1913 tuum
1639 1876 1758 1914 collo-

162 1940 308 1991 quium
324 1953 333 1987 ;
363 1939 408 1978 ni
423 1939 506 1978 iam
531 1952 599 1977 me
622 1938 802 1976 taederet
826 1938 1080 1987 Britanniae,
1100 1941 1141 1977 et
1162 1940 1359 1978 sentirem
1380 1947 1446 1978 me
1466 1940 1654 1979 vetulum
1674 1940 1758 1978 iam

161 2005 369 2055 hospitem
394 2004 514 2043 vxori
542 2004 717 2042 Moricae
743 2005 974 2053 supputere.
1033 2004 1205 2043 Vtinam
1230 2007 1393 2043 mature
1418 2005 1518 2043 felix
1544 2006 1757 2044 oraculum
1779 2019 1818 2040 20

163 2084 235 2121 per
255 2072 295 2109 te
315 2070 463 2109 redeat.
520 2069 702 2107 Rursum
723 2068 825 2106 vale.
887 2065 1080 2120 [M.1).xr.]

565 2187 702 2240 452453
761 2185 826 2226 To
857 2185 1060 2226 ANDREW
1092 2187 1357 2227 AMMONIUS.

209 2245 370 2290 Farrago
388 2255 423 2288 p.
444 2253 523 2287 223.
1408 2244 1624 2281 Rochester.

210 2304 248 2339 F.
265 2316 301 2349 p.
322 2312 410 2348 352:
437 2301 527 2336 HN:
556 2301 673 2336 Lond.
691 2299 766 2335 viii.
788 2301 853 2335 26:
882 2300 954 2336 LB.
978 2302 1057 2344 146.
1328 2311 1368 2345 17
1389 2303 1534 2349 August
1555 2302 1710 2350 (1516).

309 2393 514 2424 ERASMVS
545 2391 879 2423 ROTERODAMVS
909 2391 1126 2422 ANDREAE
1157 2392 1372 2422 AMMONIO
1405 2393 1485 2423 SYO
1517 2394 1549 2423 S.
1580 2396 1621 2424 D.

217 2464 428 2503 Pnncnws
457 2462 618 2501 extudit
648 2462 855 2500 Roffensis
877 2464 922 2500 vt
950 2461 1090 2500 decem
1121 2462 1208 2500 dies
1235 2475 1376 2500 secum
1406 2475 1690 2511 commorarer,
1715 2465 1757 2501 at

166 2543 233 2568 me
271 2527 505 2578 sponsionis
541 2526 638 2576 plus
675 2526 808 2565 decies
844 2526 1051 2576 poenituit
1070 2540 1097 2573 3.
1118 2529 1165 2565 vt
1204 2526 1270 2564 hie
1311 2540 1473 2576 quoque
1501 2528 1758 2576 ἀληθέστατον

460 2607 534 2637 45]..
561 2617 591 2645 4.
617 2606 834 2646 promissum
853 2609 926 2637 add.
945 2609 982 2637 Γ.
1118 2616 1170 2638 21.
1194 2616 1310 2637 111.D.XI
1327 2609 1402 2638 add.
1421 2609 1460 2636 H.

210 2684 284 2714 451.
314 2693 341 2713 1.
367 2681 594 2722 venationes]
619 2682 789 2721 Hunting
811 2691 884 2712 was
908 2693 927 2713 a
998 2683 1123 2714 served
1140 2682 1308 2713 Erasmus
1325 2693 1361 2713 so
1376 2682 1459 2713 well
1477 2682 1558 2722 (Ep.
1578 2684 1671 2724 416),
1685 2684 1755 2715 had

166 2725 392 2758 fashionable
406 2727 515 2764 sport,
528 2735 616 2755 even
629 2725 683 2755 for
695 2724 929 2756 ecclesiastics
997 2726 1079 2756 died
1098 2727 1137 2755 in
1152 2726 1214 2756 the
1231 2726 1387 2756 interval
1407 2726 1484 2766 (Ep.
1503 2735 1575 2765 452.
1593 2727 1640 2765 6).

170 2770 228 2809 (cf.
242 2770 306 2809 Ep.
319 2777 393 2807 457.
409 2769 439 2806 8,
451 2768 486 2807 9)
503 2779 511 2806 ;
527 2769 592 2799 but
609 2768 779 2798 Erasmus
795 2769 929 2807 praises
1041 2779 1069 2807 7.
1094 2769 1275 2809 thynnus]
1301 2769 1370 2800 For
1393 2769 1467 2800 this
1491 2770 1601 2809 figure
1626 2770 1668 2801 cf.
1689 2771 1752 2810 Ep.

167 2813 338 2844 warham
374 2812 412 2842 in
449 2812 511 2842 the
545 2814 740 2842 Ecclesiastes
776 2811 863 2850 (LB.
895 2821 927 2841 v.
998 2822 1070 2850 447.
1089 2822 1164 2850 420.

168 2857 228 2887 811
255 2856 291 2895 B)
326 2856 382 2886 for
411 2855 618 2893 abstaining
647 2854 738 2885 from
769 2855 808 2884 it.
855 2854 929 2885 The
1041 2857 1070 2886 8.
1089 2854 1304 2896 Epistolam]
1329 2855 1379 2886 Cf.
1399 2855 1461 2895 Ep.
1482 2865 1545 2894 447
1562 2856 1693 2887 intro-d.

169 2909 292 2931 season
308 2898 423 2929 lasted
439 2898 498 2928 till
518 2898 746 2929 Michaelmas
771 2897 930 2939 (Brewer
1042 2908 1094 2928 20.
1116 2899 1217 2928 vxori
1236 2898 1403 2939 Moricae]
1422 2899 1472 2930 Cf.
1493 2900 1555 2939 Ep.
1572 2901 1646 2938 236.
1665 2910 1705 2938 47
1721 2911 1753 2930 n.

168 2943 217 2975 iv.
236 2943 348 2983 4990).
1042 2941 1116 2972 452.
1138 2951 1165 2972 1.
1184 2941 1376 2982 Roffensis]
1403 2941 1452 2972 Cf.
1484 2943 1547 2982 Ep.
1564 2952 1638 2982 512.
1656 2945 1707 2974 26.

213 2998 243 3025 4.
283 2984 433 3026 equum]
464 2985 537 3016 The
568 2985 672 3016 horse
703 2984 823 3015 which
857 2984 928 3015 had
1085 2985 1204 3016 decem
1222 2984 1314 3026 dies]
1340 2985 1391 3017 Cf.
1410 2985 1472 3025 Ep.
1492 2995 1565 3025 457.
1586 2996 1635 3027 11,
1655 2998 1684 3017 2.
