2010 3417
200 287 259 319 125

202 612 261 642 130

203 939 261 970 135

205 1265 264 1296 140

205 1591 263 1622 145

209 1916 268 1947 ¹50

279 168 358 206 390
743 162 991 201 LETTERS
1030 161 1100 199 OF
1139 161 1401 200 ERASMUS
1745 160 1869 214 [1516

279 288 387 314 noua
424 273 566 311 scribit
603 275 644 310 et
680 273 839 311 veteres
875 272 1039 310 autores
1075 271 1143 309 vel
1181 271 1300 321 culpa
1337 273 1572 321 temporum
1610 272 1676 310 vel
1708 272 1869 313 inscitia

280 338 611 388 negligentiaque
642 337 906 375 librariorum
937 336 1180 386 deprauatos
1210 336 1480 386 recognoscit,
1510 336 1637 374 homo
1670 336 1870 376 nimirum

278 403 328 442 ad
352 402 632 441 restituendas
656 402 797 440 literas
824 403 972 440 natus:
1002 401 1118 439 cuius
1145 401 1298 452 scripta
1325 414 1393 439 oro
1420 401 1471 439 ad
1498 402 1616 439 tuam
1645 401 1870 441 vtilitatem

279 481 442 518 semper
465 480 559 506 cum
584 467 769 506 lectione·
786 467 978 505 veterum
1003 467 1254 516 coniungas3
1285 466 1510 505 orationem
1533 466 1646 505 enim
1675 468 1791 505 tuam
1813 468 1872 506 sic

278 533 508 584 pleniorem
527 532 688 570 efficies.
749 531 864 579 Quod
884 532 991 570 mihi
1011 531 1156 570 scribis
1176 533 1215 570 te
1235 531 1462 570 Iustiniani
1482 531 1774 570 Institutiones
1788 545 1871 571 non

279 599 415 637 solum
434 598 568 648 legere
592 597 662 636 sed
688 597 813 636 etiam
837 597 1027 646 ediscere,
1050 597 1290 647 pel-gaudeo,
1315 597 1374 634 mi
1393 597 1530 636 frater.
1592 596 1735 635 Nolim
1758 597 1872 636 enim

279 666 320 702 te
343 663 388 702 in
411 666 626 714 poetarum
656 663 804 710 studio,
828 663 937 712 quod
962 662 1114 712 vulgus
1138 662 1359 701 hominum
1390 662 1529 700 sterile
1555 664 1682 709 vocat,
1706 675 1873 701 omnem

280 730 458 768 aetatem
489 740 741 767 consumere.
803 727 910 766 Nam
941 728 1137 766 discenda
1168 728 1294 766 etiam
1328 729 1427 766 sunt
1460 727 1609 778 quibus
1638 727 1799 766 victum
1833 729 1874 766 et

279 794 495 833 facultates
524 806 653 844 pares,
686 792 838 843 quibus
868 792 1097 832 amicorum
1128 793 1430 831 controuersias
1458 805 1677 844 causasque
1706 792 1871 831 tuearis.

280 860 405 910 Apud
444 860 498 898 M.
536 858 724 897 Tullium
763 859 841 897 hoc
880 859 1050 897 nomine
1089 859 1275 897 multum
1313 859 1483 897 effertur
1518 858 1572 897 M.
1611 858 1722 907 Cato,
1765 858 1873 908 quod

280 925 537 976 eloquentiae
556 925 644 962 tam
663 924 878 962 absolutae
896 923 1000 962 iuris
1020 923 1153 962 ciuilis
1178 924 1397 963 scientiam
1416 923 1685 962 adiunxisset.
1743 923 1876 962 Laudi

282 991 404 1029 datur
439 990 546 1040 apud
581 990 759 1028 eundem
792 989 979 1028 Tullium
1017 991 1058 1028 et
1091 989 1135 1038 Q.
1172 989 1367 1028 Sceuolae
1400 989 1508 1040 quod
1541 988 1876 1039 iurisperitorum

282 1055 658 1105 eloquentissimus,
703 1054 987 1105 eloquentium
1032 1054 1416 1105 iurisperitissimus
1463 1056 1581 1094 esset.
1655 1053 1877 1093 Sexcentos

281 1133 523 1159 enumerare
541 1119 620 1158 tibi
637 1132 812 1170 possem,
835 1120 870 1159 si
890 1119 945 1158 sit
964 1120 1111 1169 ocium,
1134 1120 1205 1170 qui
1229 1120 1274 1158 in
1293 1122 1468 1170 vti-oque
1493 1119 1633 1159 studio
1656 1118 1876 1157 clarissimi

282 1185 413 1224 habiti
442 1188 565 1224 sunt:
605 1185 656 1224 de
683 1185 894 1225 veteribus
921 1185 1075 1235 loquor,
1109 1198 1194 1224 non
1224 1198 1326 1236 quos
1354 1198 1465 1224 nunc
1493 1187 1606 1224 tenet
1636 1183 1875 1231 saeculum;

281 1250 405 1289 hodie
433 1252 545 1289 enim
567 1251 805 1301 praeteritis
829 1250 1180 1301 eloquentissimis
1206 1250 1501 1290 iureconsultis
1526 1250 1680 1289 minuti
1706 1248 1876 1299 quidam

282 1316 526 1364 glossatores
546 1315 751 1366 leguntur,
776 1329 825 1354 ex
854 1316 1006 1366 quibus
1031 1316 1112 1354 sibi
1139 1316 1311 1366 quisque
1338 1316 1447 1366 leges
1474 1318 1590 1366 aptas
1609 1315 1717 1362 facit,
1742 1328 1876 1364 neque

282 1393 417 1419 mores
444 1381 605 1431 legibus
634 1381 703 1420 sed
734 1381 920 1419 moribus
948 1382 1034 1419 suis
1061 1381 1170 1431 leges
1198 1383 1492 1420 accommodat.
1552 1381 1699 1431 Itaque
1729 1382 1786 1428 tu,
1817 1379 1878 1417 mi

282 1445 417 1493 frater,
440 1445 485 1483 in
504 1445 766 1495 percipienda
785 1446 1143 1484 sanctissimarum
1163 1446 1302 1496 legum
1322 1447 1493 1485 scientia
1511 1446 1678 1484 imitare
1697 1445 1876 1484 saniores

284 1510 484 1558 homines,
509 1511 586 1549 hoc
605 1513 668 1549 est
688 1511 886 1550 facundos
905 1512 1037 1550 nostri
1057 1511 1210 1550 saeculi
1230 1511 1544 1550 iureconsultos.
1580 1511 1639 1549 Id
1660 1511 1697 1549 si
1716 1510 1872 1555 feceris,

284 1576 454 1615 habebit
496 1576 751 1615 constantior
792 1578 903 1615 aetas
943 1578 1015 1615 tua
1056 1590 1136 1627 quo
1178 1577 1461 1615 laborantibus
1504 1577 1721 1625 succurrat,
1770 1576 1878 1626 egris

286 1642 509 1690 medeatur,
533 1641 704 1680 afflictos
723 1642 887 1690 excitet,
905 1644 952 1680 vt
970 1642 1079 1692 apud
1099 1642 1338 1681 Ciceronem
1358 1643 1444 1680 est:
1473 1641 1518 1679 in
1537 1642 1747 1680 senectute
1765 1654 1873 1686 vero,

285 1706 335 1745 ad
357 1720 482 1756 quam
502 1706 663 1745 vtinam
690 1707 917 1756 peruenias,
938 1706 1216 1745 iurisscientia
1239 1707 1366 1745 vteris
1393 1707 1444 1745 ad
1471 1707 1595 1745 decus
1619 1708 1743 1756 atque
1768 1718 1882 1744 orna·

286 1774 503 1819 mentum;
533 1785 662 1822 quum
683 1785 828 1810 omnes
852 1773 915 1810 tui
940 1772 1065 1811 amici
1091 1773 1141 1811 ad
1168 1774 1209 1810 te
1237 1772 1417 1821 venient,
1440 1771 1660 1810 consilium
1687 1773 1879 1822 expetent

286 1849 455 1876 suarum
481 1851 621 1876 rerum
648 1839 892 1888 satagentes.
951 1839 1029 1877 Est
1052 1838 1176 1885 enim,
1200 1840 1245 1876 vt
1274 1838 1482 1877 Ciceronis
1508 1837 1633 1876 verbo
1660 1837 1878 1887 epistolam

286 1903 441 1951 finiam,
464 1903 613 1942 domus
632 1904 902 1942 iureconsulti
921 1904 1049 1942 totius
1070 1903 1282 1942 oraculum
1302 1903 1498 1942 ciuitatis,

340 1969 455 2017 Vale,
474 1969 534 2007 mi
554 1969 731 2018 Corneli,
750 1971 791 2008 et
806 1969 883 2008 hoc
904 1982 1058 2008 munus
1073 1972 1264 2008 nostrum
1284 1969 1329 2007 in
1348 1970 1525 2008 amicam
1539 1970 1699 2019 partem
1717 1968 1854 2018 accipe
1870 1984 1880 2016 ;

287 2033 397 2083 quod
416 2047 490 2083 ego
510 2047 584 2083 pro
608 2036 749 2073 nostra
773 2034 1088 2081 necessitudine,
1108 2036 1156 2073 vt
1183 2034 1255 2085 qui
1280 2034 1409 2073 frater
1433 2035 1515 2072 sim
1540 2035 1646 2083 tuus,
1670 2034 1778 2072 dono
1801 2033 1880 2071 tibi

288 2098 420 2138 mitto.
480 2100 663 2139 Louanii.

633 2210 825 2267 480493531
886 2211 1017 2253 FRoM
1051 2211 1270 2252 WILLIAM
1305 2212 1539 2252 BUDAEUS.

337 2299 507 2346 Epistole
526 2301 719 2347 elegantes
736 2302 780 2337 f0.
799 2303 837 2336 d4
855 2307 904 2337 v0.
1556 2300 1670 2336 Paris.

336 2359 389 2394 02.
408 2371 442 2404 p.
465 2369 526 2404 53:
553 2360 592 2394 F.
611 2371 645 2404 p.
670 2362 731 2395 18:
762 2360 849 2395 HN:
880 2360 1037 2396 Lond.1'.
1061 2371 1124 2396 11:
1154 2361 1226 2395 LB.
1247 2370 1324 2395 220.
1390 2359 1458 2406 <26
1476 2358 1686 2395 November
1705 2357 1833 2404 1516.)

337 2418 479 2454 Budaei
495 2417 689 2463 Epistolae
708 2418 832 2465 (1531)
850 2418 875 2454 f.
897 2429 962 2454 120
980 2418 1046 2464 (β).

336 2494 422 2536 [For
441 2495 464 2528 β’
485 2504 541 2525 see
562 2494 625 2525 the
646 2494 912 2525 introductions
933 2496 970 2525 to
991 2494 1077 2534 Epp.
1097 2503 1160 2533 403
1181 2494 1251 2524 and
1274 2503 1347 2533 435.
1392 2493 1466 2524 The
1489 2492 1655 2532 frequent
1677 2491 1881 2533 agreement

291 2538 452 2568 between
475 2537 516 2568 Cl
539 2538 611 2568 and
626 2539 649 2572 β
673 2538 704 2568 is
727 2538 945 2576 noticeable;
975 2538 1049 2569 also
1073 2538 1136 2569 the
1160 2539 1374 2569 corrections
1397 2537 1435 2568 of
1455 2537 1518 2568 the
1543 2538 1620 2567 text
1644 2535 1746 2567 made
1770 2535 1811 2566 in
1835 2533 1880 2565 N²

294 2581 345 2621 (ll.
363 2591 436 2621 272,
455 2591 517 2619 457
534 2582 606 2611 and
624 2582 704 2622 484)
723 2581 794 2612 and
812 2582 880 2613 lost
897 2582 1001 2621 again
1018 2582 1058 2611 in
1076 2579 1153 2621 N³.]

475 2668 781 2700 GVILLIELMVS
812 2669 1020 2699 BVDAEVS
1052 2668 1231 2698 ERASMO
1262 2668 1569 2699 ROTERODAMO
1600 2667 1634 2698 S.
1660 2668 1702 2698 D.

345 2744 586 2783 IDENTmEM
609 2744 751 2783 literas
770 2746 864 2783 tuas
882 2747 1032 2795 repeto,
1055 2745 1166 2783 varie
1193 2745 1306 2783 enim
1332 2758 1399 2783 me
1418 2745 1651 2783 affecerunt.
1705 2743 1797 2781 Ὅτε
1815 2744 1884 2792 μὲν

293 2810 364 2859 ’γὰρ
396 2809 633 2859 ὑφορώμενος
665 2810 732 2859 τὴν
762 2810 950 2860 δεινότητα
980 2811 1047 2859 τὴν
1077 2811 1150 2859 σὴν
1177 2811 1244 2860 τήν
1272 2828 1311 2848 τε
1341 2813 1378 2848 ἐν
1407 2813 1482 2850 τοῖς
1510 2810 1637 2861 λόγοις
1666 2808 1882 2858 κομψότητα

885 2897 959 2929 493.
976 2908 1007 2929 2.
1032 2896 1090 2936 τὴν
1108 2896 1168 2936 σὴν
1184 2906 1241 2928 om.
1258 2897 1292 2930 β.

339 2966 411 2996 492.
435 2977 504 3004 134.
530 2967 706 3008 Tullium]
724 2971 759 2999 de
776 2971 825 3000 Or.
846 2979 873 2999 1.
892 2978 945 3008 37.
968 2978 1039 3007 171.
1166 2969 1239 3007 146.
1264 2967 1488 3007 Ciceronem]
1513 2971 1548 2999 de
1566 2970 1616 2999 Or.
1639 2977 1666 2998 1.
1683 2975 1734 3004 37.
1755 2965 1825 3003 169.

342 3010 410 3047 136.
435 3010 613 3051 Tullium]
637 3012 687 3042 Cf.
708 3014 796 3042 Brut.
817 3021 869 3051 39.
891 3022 961 3051 145.
1167 3022 1237 3051 149.
1265 3011 1464 3051 Ciceronis]
1491 3014 1526 3041 cle
1543 3013 1590 3042 Or.
1612 3020 1639 3040 1.
1657 3020 1709 3049 45.
1729 3018 1802 3038 200.
