2010 3417
264 373 306 405 60

264 1977 302 1999 10

785 127 1036 166 LETTERS
1075 128 1144 166 OF
1181 127 1447 167 ERASMUS
1785 124 1824 178 [1
1835 135 1856 173 5
1865 138 1880 163 1
1890 126 1912 162 6

325 238 501 277 Scribito
516 237 564 275 de
581 236 756 286 singulis
771 236 1001 285 diligenter,
1020 235 1055 273 si
1071 234 1169 285 quid
1190 237 1252 274 est
1266 235 1373 285 quod
1393 234 1442 273 ad
1458 246 1546 272 rem
1568 245 1704 272 meam
1724 234 1909 283 pertinet.

325 303 368 342 Si
383 302 538 340 Paceus
557 301 682 348 adest,
700 300 875 339 admone
889 302 935 339 vt
955 313 1027 350 per
1043 300 1156 338 hunc
1175 301 1361 339 remittat
1380 299 1540 338 omneis
1555 298 1915 337 commentariolos

324 380 437 406 meos
452 380 555 417 quos
572 367 680 416 apud
700 366 823 404 illum
844 366 1014 415 deposui
1033 365 1254 404 Ferrariae.
1315 364 1503 404 Conueni
1521 364 1774 413 Episcopum
1788 363 1913 402 Thea-

322 432 460 471 tinum
481 444 656 481 cumque
671 445 718 469 eo
735 431 917 470 coenaui.
964 431 1009 469 Is
1028 432 1116 469 toto
1135 432 1296 480 pectore
1316 443 1392 468 nos
1411 431 1522 468 amat
1540 442 1586 467 ac
1604 429 1801 467 miratur:
1830 428 1915 479 agit

321 497 428 546 apud
451 496 642 535 Carolum
662 496 913 546 Principem,
935 495 1207 534 comitaturus
1226 508 1322 533 eum
1342 495 1387 532 in
1407 493 1669 544 Hispaniam.

375 561 511 599 Hodie
539 561 712 599 coenaui
739 561 847 611 apud
874 560 1152 609 Tunstallum,
1177 562 1223 599 vt
1252 559 1497 608 compendio
1524 558 1671 608 dicam,
1699 558 1762 596 tui
1790 556 1917 596 simil·

321 625 482 664 limum.
543 627 648 665 Cura
680 628 727 665 vt
764 626 990 665 reuiuiscas
1006 640 1016 674 3
1059 638 1157 664 nam
1194 625 1317 664 audio
1354 626 1394 663 te
1431 624 1659 674 periculose
1696 622 1911 662 laborasse.

376 688 636 743 [M.D.XVI11.]

325 129 404 168 244

800 779 940 833 413432
1000 777 1064 818 To
1094 777 1221 819 JOHN
1251 776 1438 817 FISHER.

1612 833 1665 868 St.
1685 832 1809 868 Omer.

1557 902 1573 937 5
1594 891 1693 927 June
1709 889 1863 937 (1516).

369 834 533 882 Farrago
551 847 587 880 p.
610 836 686 870 180.

369 892 407 928 F.
425 905 460 938 p.
483 903 571 938 319:
600 892 692 928 HN:
721 893 837 928 Lond.
855 892 915 928 vii.
934 903 977 938 9:
1005 892 1077 928 LB.
1097 894 1179 938 256.

369 973 459 1014 [The
482 974 551 1005 last
574 974 770 1014 paragraph
794 974 832 1005 of
852 973 926 1005 this
949 973 1056 1004 letter
1078 974 1110 1004 is
1132 972 1384 1012 undoubtedly
1406 972 1595 1003 addressed
1619 973 1656 1002 to
1679 971 1814 1010 Fisher,
1841 969 1915 1001 and

321 1017 497 1048 therefore
514 1018 543 1047 it
560 1018 590 1047 is
607 1017 700 1048 clear
722 1018 803 1048 that
819 1018 882 1048 the
904 1017 1038 1048 editors
1059 1017 1097 1048 of
1109 1016 1137 1047 E
1154 1017 1272 1047 either
1293 1017 1399 1047 made
1420 1025 1441 1046 a
1456 1016 1610 1047 mistake
1626 1016 1665 1046 in
1681 1015 1743 1046 the
1759 1014 1914 1054 heading

321 1062 517 1101 —perhaps
535 1061 573 1091 in
593 1071 834 1100 consequence
856 1061 894 1092 of
908 1061 970 1092 the
992 1062 1188 1091 statement
1211 1061 1249 1090 in
1267 1060 1289 1091 1.
1309 1070 1328 1099 3
1345 1060 1453 1090 about
1473 1060 1535 1090 the
1558 1059 1645 1089 New
1665 1059 1915 1089 Testament—

321 1113 360 1134 or
372 1104 496 1144 joined
513 1105 610 1144 parts
632 1104 671 1135 of
687 1105 758 1135 two
780 1104 904 1136 letters
925 1104 1110 1143 together3
1134 1103 1177 1134 cf.
1197 1103 1283 1144 Epp.
1306 1113 1368 1142 119
1384 1103 1455 1134 and
1480 1104 1550 1133 128.
1595 1102 1710 1133 There
1730 1111 1847 1133 seems
1867 1110 1915 1131 no

320 1157 403 1188 easy
418 1149 519 1188 point
536 1148 574 1178 of
585 1157 772 1179 severance
787 1160 795 1187 ;
819 1158 855 1180 so
870 1148 949 1179 that
966 1148 1030 1178 the
1045 1147 1178 1179 former
1194 1147 1409 1178 alternative
1426 1147 1457 1178 is
1473 1145 1702 1187 preferable]

426 1236 824 1268 REVERENDISSIMO
855 1237 904 1268 IN
936 1237 1129 1268 CHRISTO
1160 1236 1295 1267 PATRI
1327 1237 1371 1267 D.
1398 1236 1561 1267 IOANNI
1593 1235 1808 1267 EPISCOPO

636 1306 858 1336 ROFFENSI
890 1305 1096 1336 ERASMVS
1125 1305 1461 1336 ROTERODAMVS
1493 1305 1527 1337 S.
1555 1305 1598 1338 D.

374 1378 628 1417 Rssvmmmm
647 1380 772 1428 pater,
790 1379 825 1417 si
838 1392 911 1429 per
925 1378 1207 1417 valetudinem
1222 1378 1418 1425 licuisset,
1435 1378 1522 1428 ipse
1537 1391 1675 1417 coram
1689 1377 1915 1417 salutarem

320 1443 640 1493 amplitudinem
670 1446 785 1482 tuam
815 1446 858 1482 et
889 1457 962 1494 pro
991 1443 1119 1482 tantis
1146 1443 1191 1481 in
1220 1456 1286 1481 me
1315 1443 1527 1482 beneficiis
1556 1443 1708 1492 gratias
1735 1456 1913 1493 agerem.

320 1508 487 1547 Nouum
521 1509 837 1547 Testamentum
875 1523 970 1547 cum
1009 1508 1089 1547 tibi
1127 1508 1412 1557 destinassem,
1445 1521 1515 1546 cur
1549 1502 1709 1546 mutato
1742 1508 1915 1546 consilio

319 1586 482 1612 summo
503 1573 701 1612 Pontifici
720 1573 1013 1623 inscripserim,
1037 1573 1169 1612 literis
1193 1573 1298 1612 meis
1324 1573 1571 1624 iampridem
1591 1573 1782 1624 exposui:
1811 1587 1914 1624 quae

318 1640 389 1677 tua
403 1641 464 1677 est
483 1638 737 1687 humanitas,
751 1639 836 1677 imo
855 1638 1088 1688 prudentia,
1106 1638 1206 1677 boni
1225 1639 1424 1686 consulet,
1443 1652 1572 1688 spero,
1592 1638 1701 1688 quod
1721 1638 1908 1678 fecimus,

317 1703 560 1742 Timebatur
587 1703 665 1741 hoc
693 1716 795 1753 opus
822 1705 1047 1753 antequam
1073 1703 1284 1754 prodiret;
1313 1705 1520 1742 caeterum
1544 1703 1729 1741 aeditum
1757 1703 1913 1742 mirum

318 1770 378 1807 est
399 1781 526 1818 quam
544 1763 741 1817 probetur
760 1768 954 1807 omnibus
972 1768 1100 1807 etiam
1125 1768 1339 1818 theologis,
1362 1768 1431 1807 vel
1457 1767 1630 1806 eruditis
1649 1768 1717 1806 vel
1736 1767 1913 1818 integris

318 1835 359 1872 et
379 1833 576 1871 candidis.
627 1833 747 1871 Prior
765 1833 1065 1883 Friburgensis,
1082 1833 1149 1872 vir
1166 1846 1350 1872 summae
1370 1833 1603 1872 autoritatis
1621 1832 1729 1883 apud
1749 1846 1844 1872 suos
1862 1833 1914 1882 (is

318 1900 381 1937 est
395 1900 514 1936 autor
528 1898 774 1947 Margaritae
787 1898 1122 1948 philosophicae),
1141 1911 1236 1937 cum
1253 1899 1511 1948 degustasset
1525 1911 1638 1948 opus,
1658 1898 1716 1936 ait
1730 1911 1774 1937 se
1788 1898 1913 1937 malle

319 1976 455 2001 carere
475 1963 664 2001 ducentis
678 1963 845 2002 florenis
864 1963 999 2002 aureis
1014 1975 1139 2013 quam
1158 1976 1204 2002 eo
1225 1963 1342 2002 libro.
1387 1963 1624 2002 Ludouicus
1639 1963 1782 2012 Berus,
1800 1963 1911 2003 theo-

318 2027 438 2077 logus
453 2027 713 2077 Parisiensis,
730 2028 795 2067 vir
808 2027 852 2066 in
868 2041 915 2066 ea
928 2028 1198 2078 promotione,
1213 2030 1260 2066 vt
1273 2029 1432 2076 vocant,
1450 2028 1621 2078 primus,
1640 2028 1909 2076 exosculatur,

319 2092 472 2139 adorat,
503 2105 548 2130 ac
581 2092 763 2142 deplorat
792 2094 853 2131 tot
884 2106 1015 2131 annos
1045 2093 1090 2131 in
1123 2093 1380 2132 scholasticis
1408 2093 1492 2131 illis
1521 2092 1914 2132 conflictatiunculis

320 2159 599 2206 consumptos.
655 2157 776 2195 Idem
796 2158 922 2196 sentit
941 2158 1240 2208 Vuolphangus
1260 2159 1407 2208 Capito
1436 2158 1697 2196 concionator
1721 2158 1913 2207 publicus

319 2222 569 2269 Basiliensis,
595 2221 660 2260 vir
685 2222 889 2261 Hebraice
917 2222 1038 2273 longe
1066 2223 1223 2262 doctior
1252 2222 1492 2271 ReuchlinO,
1519 2223 1570 2261 ad
1599 2223 1697 2262 haec
1725 2223 1770 2261 in
1799 2223 1912 2263 theo-

363 2318 438 2350 412.
463 2319 517 2357 64.
542 2318 700 2349 laborare
715 2321 750 2349 F.
884 2321 936 2358 65.
962 2328 1129 2351 M.D.xv111
1146 2322 1217 2350 add.
1235 2323 1278 2351 H.
1418 2320 1494 2351 413.
1517 2329 1581 2351 'rna
1613 2329 1647 2351 D.
1668 2345 1675 2352 .
1693 2345 1700 2351 .
1719 2345 1727 2352 .
1744 2330 1911 2354 ROFFENSI

319 2364 369 2393 F:
416 2371 474 2392 DN.
512 2371 685 2392 GVLIELMO
721 2371 993 2393 ARCHIEPISCOPO
1033 2372 1296 2403 CANTVARIENSI,
1337 2372 1454 2394 TOTIVS
1489 2373 1641 2395 ANGLIAE
1687 2374 1832 2395 PRIMATI
1867 2368 1906 2399 Ε,

319 2415 350 2444 5.
389 2406 550 2436 consules
581 2408 616 2435 F.
811 2416 858 2444 13.
898 2407 1023 2446 Capito
1053 2410 1126 2438 add.
1160 2410 1206 2437 F:
1244 2407 1286 2438 V.
1320 2406 1500 2438 Fabritius
1530 2408 1655 2447 Capito
1685 2410 1714 2438 E
1743 2411 1779 2438 in
1808 2419 1910 2448 marg.

323 2459 372 2488 14.
404 2449 540 2480 doctior
563 2448 763 2480 Reuchlino
786 2451 833 2480 E:
867 2450 1096 2481 doctissimus
1117 2453 1154 2481 F.

1147 2536 1220 2567 also
1244 2536 1456 2567 Alcander's
1478 2539 1563 2568 note
1587 2547 1634 2569 on
1657 2538 1737 2578 Ber,
1761 2539 1909 2569 written

1148 2581 1188 2611 in
1224 2589 1316 2619 1535.
1348 2581 1387 2610 in
1418 2581 1476 2611 his
1506 2584 1648 2621 Journal,
1679 2582 1734 2613 ed.
1763 2582 1906 2621 Omont,

364 2537 438 2569 412.
452 2547 503 2576 59.
523 2536 850 2578 commentariolos]
863 2538 1077 2577 Ep.3o.16n.

364 2581 440 2611 413.
460 2581 488 2611 8.
513 2580 628 2621 Prior]
654 2581 844 2618 Gregorius
872 2581 1080 2611 Reischius:

322 2623 350 2654 E
368 2627 404 2654 in
420 2634 519 2662 mary.
534 2635 541 2662 3
565 2625 608 2655 cf.
626 2624 690 2663 Ep.
709 2624 783 2662 308.

369 2677 416 2698 11.
444 2668 597 2708 primus]
625 2668 711 2698 This
741 2676 877 2698 success
907 2676 979 2698 was
1010 2667 1081 2697 evi-

323 2709 451 2750 dently
472 2711 579 2741 much
600 2710 748 2746 valued;
777 2711 831 2741 for
852 2711 891 2740 in
911 2711 973 2741 the
994 2713 1082 2740 Liber

322 2757 479 2790 receptoris
507 2756 644 2784 'nationis
673 2756 854 2792 Alamanie,
890 2763 1082 2792 1494—1530

326 2796 442 2835 (Paris
466 2798 575 2828 Univ.
602 2797 690 2837 MS.)
716 2798 855 2836 against
883 2798 945 2827 the
974 2800 1082 2836 entry

326 2839 364 2868 of
395 2839 494 2870 Ber-’s
528 2841 712 2879 inception
748 2841 787 2870 in
821 2851 904 2879 1499
934 2840 973 2880 (f.
1008 2840 1077 2880 29),

325 2882 397 2912 Jac.
438 2884 625 2921 Spilmann
664 2883 701 2913 of
735 2884 848 2922 Basle,
889 2883 970 2914 who
1008 2894 1081 2914 was

326 2929 456 2961 receptor
472 2928 509 2956 in
530 2936 689 2965 1512—13‚
702 2927 766 2957 has
782 2927 897 2957 added
919 2927 1082 2957 ‘Primus

325 2967 363 2997 in
386 2968 509 2999 ordine
530 2970 725 3009 Theologus
741 2971 847 3001 Anno
871 2971 983 3008 1512’.
1028 2970 1078 3000 Cf.

1147 2634 1180 2663 p.
1199 2633 1241 2663 39
1256 2636 1263 2663 ;
1287 2624 1359 2654 and
1376 2624 1439 2663 Ep.
1457 2626 1530 2663 456.
1552 2626 1668 2663 163-6.

1193 2676 1241 2705 14.
1269 2667 1405 2698 doctior
1417 2667 1635 2709 Reuchlino]
1657 2668 1807 2708 Ahasty
1816 2677 1908 2698 com·
1971 2661 1974 2664 ⁴

1148 2712 1292 2750 parison
1318 2711 1438 2741 which
1464 2711 1648 2751 obviously
1670 2721 1743 2742 was
1766 2714 1830 2742 not
1853 2712 1907 2742 in-

1148 2754 1280 2784 tended
1293 2756 1328 2784 to
1342 2755 1383 2785 be
1396 2755 1598 2794 published.
1637 2755 1683 2785 In
1697 2755 1788 2794 spite
1799 2755 1907 2785 ofthe

1148 2798 1344 2828 correction
1368 2798 1408 2828 in
1432 2798 1468 2837 F,
1496 2799 1637 2829 Hutten
1662 2798 1783 2837 brings
1806 2798 1906 2828 Eras-

1149 2850 1231 2871 mus
1253 2842 1290 2872 to
1317 2841 1407 2871 book
1431 2842 1471 2871 in
1495 2841 1553 2872 his
1575 2843 1788 2878 Expostuzatio
1813 2840 1905 2879 (HE.

1148 2893 1222 2923 310,
1262 2894 1319 2924 pp.
1360 2884 1487 2924 201,2),
1528 2885 1676 2915 written
1715 2885 1754 2914 in
1795 2892 1877 2922 1523
1898 2893 1906 2921 ;

1148 2927 1269 2958 which
1283 2928 1453 2958 Erasmus
1468 2937 1625 2958 answers
1642 2928 1680 2957 in
1695 2927 1758 2957 the
1769 2929 1907 2964 Sponqia

1151 2971 1245 3011 (HE.
1262 2980 1336 3010 333,
1355 2980 1414 3010 pp.
1430 2971 1552 3010 278‚9;
1579 2970 1648 3001 LB.
1668 2979 1700 3000 x.
1724 2970 1802 3008 1641
1815 2970 1904 3008 c—E).
1953 2979 1960 2982 ”
