2010 3417
302 138 379 178 132
766 136 1016 176 LETTERS
1054 136 1124 175 OF
1161 135 1426 176 ERASMUS
1767 135 1806 190 [1
1815 147 1836 185 5
1845 149 1860 175 1
1869 145 1895 184 5

300 246 574 295 discreparent
595 245 734 284 Latini
755 244 911 283 codices
938 257 961 282 a
981 243 1124 282 Grecis
1139 258 1149 292 3
1179 257 1277 282 nam
1295 244 1356 282 ibi
1374 244 1606 284 herendum
1625 258 1714 284 esse
1732 246 1898 286 Latinis

298 310 592 350 voluminibus.
653 311 822 348 Fatetur
864 309 978 348 enim
1021 308 1144 347 diuus
1194 308 1491 359 Hieronymus,
1532 321 1627 348 cum
1666 309 1895 360 Euangelia

220 388 279 422 195
299 375 485 413 codicum
519 375 746 414 Grecorum
783 373 1002 412 emendata
1039 372 1257 412 collatione
1296 373 1524 424 castigaret,
1563 373 1623 412 ita
1658 373 1814 413 calamo
1851 388 1899 414 se

299 439 579 489 imperauisse,
603 441 649 478 vt
670 439 723 477 iis
742 441 909 477 tantum
940 452 1019 489 que
1045 451 1216 478 sensum
1236 438 1486 478 videbantur
1505 440 1666 478 mutare
1687 440 1892 489 correctis,

298 504 458 554 reliqua
488 517 653 543 manere
684 505 893 555 pateretur
918 506 965 542 vt
1001 503 1177 544 fuerant.
1237 504 1341 543 Ecce
1379 504 1666 554 Hieronymus
1699 503 1896 554 quicquid

298 582 322 608 a
340 581 438 608 vero
458 581 581 608 sensu
601 570 686 608 erat
707 568 937 619 collapsum
956 569 1151 608 restituit.
1210 568 1256 608 Si
1284 569 1384 619 quid
1411 568 1525 608 aliud
1546 569 1733 618 occurrit,
1757 582 1898 619 quam·

298 633 364 672 uis
400 632 623 673 barbarum
656 647 701 673 ac
735 634 936 684 ineptum,
972 634 1074 673 sinit
1112 634 1172 673 ita
1209 647 1462 684 permanere.
1523 634 1641 683 Quod
1680 636 1823 673 tamen
1860 635 1900 674 si

220 715 281 737 200
298 711 409 737 nunc
447 699 703 748 emendetur,
735 712 821 738 non
858 698 1046 738 reclamo.
1107 699 1186 738 Sed
1224 698 1261 737 si
1298 699 1551 749 Hieronymi
1583 698 1720 738 seculo
1750 698 1896 739 vitiata

298 763 455 803 fuerint
489 764 639 804 Latina
669 764 895 812 volumina,
924 777 1003 814 que
1035 777 1156 804 causa
1193 767 1266 813 est,
1299 764 1473 815 inquies,
1504 764 1772 815 quamobrem
1810 777 1897 804 non

298 842 443 872 rursus
477 829 530 868 ab
557 830 646 869 eius
674 830 941 880 castigatione
971 830 1128 869 librarii
1159 829 1363 869 deuiarint
1392 832 1455 869 tot
1483 830 1665 869 seculis?
1719 829 1897 870 Causam

298 893 476 934 arbitror
495 907 705 934 summam
726 895 986 945 diligentiam
1006 895 1136 934 fuisse
1156 908 1282 946 quam
1302 895 1435 934 sancti
1455 897 1592 946 patres
1611 895 1897 946 impenderint

299 961 346 999 vt
376 961 538 1010 integra
571 963 787 1000 manerent
810 961 1028 1000 volumina
1059 963 1317 1000 sacrosancta
1351 974 1428 1011 que
1463 960 1749 1011 Hieronymus
1781 961 1898 1000 casti-

219 1042 281 1074 205
300 1026 449 1076 gasset.
506 1026 561 1064 Et
580 1026 616 1064 si
641 1039 722 1076 qua
748 1026 905 1065 ratione
924 1025 1054 1065 videri
1081 1026 1244 1076 possint
1270 1026 1501 1075 deprauata,
1526 1027 1647 1076 cupio
1666 1029 1708 1065 et
1728 1027 1896 1077 quidem

300 1090 667 1129 vehementissime
705 1090 845 1129 audire
884 1103 956 1129 cur
1004 1103 1090 1129 non
1134 1090 1278 1129 eadem
1323 1092 1365 1129 et
1404 1091 1532 1130 Greca
1570 1090 1749 1141 collapsa
1785 1091 1870 1129 sint
1886 1105 1898 1139 ς

300 1155 507 1206 siquidem
544 1154 697 1205 apiculi
735 1158 775 1194 et
808 1156 913 1195 aliae
947 1155 1210 1195 difficultates
1247 1155 1372 1207 (quod
1417 1169 1542 1207 supra
1573 1156 1676 1206 dixi)
1711 1158 1900 1206 prestent

300 1233 443 1260 ansam
463 1221 639 1270 errandi,
662 1221 819 1260 nedum
840 1234 926 1260 non
946 1223 1175 1261 amoueant.

356 1286 504 1336 Queris
539 1299 620 1336 quo
648 1286 693 1325 in
716 1286 890 1326 concilio
919 1286 1089 1336 vulgata
1116 1286 1268 1326 aeditio
1297 1286 1352 1325 sit
1380 1286 1653 1337 comprobata,
1677 1300 1756 1337 que
1782 1287 1902 1326 cuius

222 1365 281 1388 210
300 1351 354 1391 sit
392 1365 514 1391 nemo
554 1351 684 1391 nouit.
744 1352 840 1391 Non
879 1352 976 1400 dixi,
1006 1352 1190 1401 Erasme,
1223 1352 1268 1390 in
1305 1365 1388 1391 vno
1425 1352 1563 1403 aliquo
1599 1352 1772 1391 concilio
1809 1365 1900 1391 esse

301 1416 610 1467 comprobatam
630 1417 892 1463 nominatim,
914 1417 986 1456 sed
1005 1416 1187 1467 plurima
1205 1417 1388 1466 concilia,
1412 1417 1571 1468 quoties
1591 1418 1640 1456 de
1661 1418 1742 1456 fide
1761 1418 1900 1456 nodus

299 1481 524 1528 incidisset,
545 1481 595 1520 ad
615 1481 723 1520 hanc
743 1495 870 1521 vnam
900 1482 1133 1532 confugisse
1149 1497 1159 1530 ;
1188 1482 1299 1532 quod
1324 1484 1383 1521 ita
1403 1495 1491 1521 esse
1512 1482 1634 1529 nosti,
1657 1483 1693 1521 si
1712 1495 1897 1532 vnquam

301 1547 535 1589 Decretales
554 1547 717 1586 videris.
777 1547 832 1586 Et
852 1548 961 1587 hanc
980 1547 1156 1586 arbitror
1176 1561 1341 1587 causam
1360 1561 1447 1587 esse
1468 1547 1737 1598 quamobrem
1757 1547 1902 1586 minus

301 1613 450 1652 Latina
483 1615 524 1651 et
554 1612 721 1662 elegans
753 1613 818 1660 sit,
856 1613 964 1663 quod
997 1612 1161 1651 fidelius
1196 1613 1246 1651 ad
1265 1613 1439 1651 verbum
1475 1613 1602 1652 Grece
1640 1612 1896 1663 respondeat.

222 1693 280 1725 215
301 1679 464 1728 Quanto
484 1678 598 1716 enim
616 1678 666 1717 ad
686 1678 860 1717 verbum
881 1678 1014 1728 magis
1039 1678 1275 1727 transferas,
1299 1680 1415 1717 tanto
1442 1678 1592 1717 aridior
1617 1678 1693 1717 fias
1711 1680 1898 1728 oportet;

302 1745 411 1795 quod
445 1743 580 1783 multa
610 1743 780 1782 comode
814 1743 1008 1783 dicantur
1026 1757 1109 1783 vna
1139 1743 1283 1794 lingua
1317 1757 1421 1794 quae
1453 1743 1498 1782 in
1528 1743 1610 1782 alia
1637 1744 1723 1782 nisi
1750 1743 1900 1783 multis

299 1808 440 1849 verbis
459 1810 526 1848 vel
545 1809 719 1848 obscura
738 1808 945 1848 sententia
964 1809 1032 1848 vel
1058 1822 1208 1859 parum
1235 1809 1448 1848 commode
1467 1822 1552 1848 non
1571 1810 1746 1859 possunt
1766 1809 1895 1848 reddi.

299 1874 540 1914 Verisimile
576 1874 713 1925 itaque
749 1876 812 1914 est
850 1888 900 1913 ex
939 1874 1132 1913 omnibus
1169 1874 1512 1914 translationibus
1544 1874 1652 1913 hanc
1683 1887 1812 1913 Vnam
1846 1875 1899 1913 ab

300 1941 470 1979 ecclesia
503 1941 581 1979 Dei
615 1942 655 1979 et
687 1954 710 1979 a
743 1940 899 1979 sanctis
927 1940 1116 1990 patribus
1143 1940 1196 1979 ad
1229 1954 1305 1980 nos
1334 1953 1422 1979 esse
1454 1940 1754 1987 transmissam,
1788 1940 1898 1991 quod

222 2021 283 2043 220
299 2005 461 2044 fidelior
494 2006 558 2044 sit.
617 2004 790 2056 Alioqui
823 2019 902 2055 qua
934 2007 1042 2044 sorte
1075 2006 1150 2044 hec
1170 2018 1253 2044 vna
1273 2008 1505 2056 superesset
1537 2019 1559 2044 e
1595 2007 1682 2044 tam
1720 2005 1902 2044 multis?

301 2083 431 2121 quum
466 2070 575 2109 dicat
600 2071 866 2121 Augustinus
894 2083 913 2107 2
946 2070 994 2109 de
1022 2070 1139 2109 Doct.
1163 2070 1256 2109 Chr.
1288 2084 1319 2109 c.
1352 2083 1422 2109 11:
1456 2070 1560 2119 ‘Qui
1588 2070 1821 2119 Scripturas
1847 2083 1898 2108 ex

302 2135 469 2174 Hebrea
487 2136 631 2187 lingua
649 2135 696 2174 in
716 2136 892 2174 Grecam
911 2138 1125 2175 verterunt
1152 2136 1361 2174 numerari
1386 2137 1574 2185 possunt,
1597 2134 1738 2173 Latini
1757 2136 1898 2173 autem

301 2202 548 2252 interpretes
581 2200 697 2239 nullo
731 2201 866 2239 modo.
922 2200 981 2239 Vt
1013 2201 1126 2239 enim
1161 2200 1308 2250 cuique
1338 2201 1486 2251 primis
1514 2200 1611 2239 fidei
1643 2199 1901 2249 temporibus

302 2267 349 2307 in
380 2279 555 2305 manum
573 2265 689 2305 venit
723 2266 880 2304 Grecus
912 2265 1050 2313 codex,
1085 2267 1125 2304 et
1153 2264 1463 2315 aliquantulum
1491 2264 1700 2304 facultatis
1729 2263 1899 2302 sibimet

223 2348 259 2370 22
266 2348 283 2381 5
302 2333 517 2383 vtriusque
535 2331 702 2382 linguae
720 2331 868 2370 habere
887 2331 1112 2380 videbatur,
1127 2343 1251 2369 ausus
1270 2333 1332 2369 est
1350 2330 1642 2380 interpretari.'
1671 2329 1900 2379 Hucusque

301 2398 577 2448 Augustinus.
637 2396 751 2436 Hinc
777 2396 955 2436 adducor
974 2398 1020 2436 vt
1046 2396 1218 2444 credam,
1243 2409 1294 2434 ne
1314 2396 1514 2435 varietate
1539 2395 1728 2434 codicum
1753 2394 1901 2433 fideles

301 2463 557 2510 vacillarent,
580 2461 776 2501 omnibus
806 2462 967 2501 reiectis
994 2461 1100 2500 hanc
1119 2474 1245 2500 vnam
1274 2474 1362 2500 esse
1387 2461 1438 2500 ab
1467 2460 1652 2500 Ecclesia
1679 2461 1898 2509 receptam,

302 2544 381 2581 que
415 2543 439 2569 a
466 2529 723 2578 Hieronymo
752 2528 833 2567 fuit
862 2528 1069 2578 castigata.
1129 2527 1246 2577 Quod
1273 2527 1307 2566 si
1334 2540 1422 2566 rem
1447 2527 1505 2567 ita
1530 2526 1726 2566 accidisse
1746 2528 1792 2565 vt
1811 2524 1900 2565 dixi

302 2596 438 2636 doceri
456 2595 561 2635 velis
580 2594 711 2645 (prius
735 2596 782 2632 tu
808 2594 892 2632 nisi
916 2593 997 2633 alia
1022 2593 1180 2632 ratione
1206 2594 1367 2632 astruas
1393 2593 1467 2632 hec
1488 2606 1574 2632 esse
1593 2605 1691 2632 vera
1709 2591 1899 2641 Euange-

223 2674 284 2704 230
301 2659 359 2700 lia
391 2674 470 2711 que
502 2672 578 2698 nos
606 2659 843 2709 recipimus,
865 2672 990 2709 quam
1019 2658 1129 2709 quod
1158 2672 1205 2697 ea
1235 2657 1404 2697 ecclesia
1432 2658 1510 2697 Dei
1536 2654 1894 2708 comprobauerit),
1950 2662 1953 2664 ’

307 2725 420 2776 ‘Ego
436 2726 446 2742 ’
493 2725 631 2775 inquit
682 2724 956 2775 Augustinus,
1001 2723 1250 2774 ‘Euangelio
1297 2737 1383 2762 non
1431 2723 1650 2771 crederem,
1701 2721 1783 2760 nisi
1827 2733 1898 2759 me

304 2789 510 2828 Ecclesiae
544 2788 807 2839 compelleret
844 2788 1102 2828 authoritas.’
1158 2789 1378 2839 Responde
1417 2788 1512 2837 iam,
1546 2788 1725 2834 Erasme,
1755 2787 1897 2824 vtram

363 2893 436 2924 216.
462 2901 550 2933 quae
567 2895 678 2932 scripsi
695 2892 747 2934 (ᾗ)
766 2903 773 2923 :
796 2901 903 2933 quam
920 2903 939 2923 a
956 2891 1034 2935 (εἷς).
1190 2901 1263 2931 232.
1289 2890 1436 2923 Erasme
1452 2892 1528 2923 add.
1546 2891 1568 2925 Β
1586 2889 1662 2930 (LB.
1686 2886 1769 2928 1908
1786 2886 1834 2927 Ε).

348 3001 423 3031 209.
444 2992 583 3033 Queris]
608 2991 671 3031 Ep,
691 3000 762 3032 337.
784 3001 842 3030 771
862 3001 933 3031 seq.
1109 2999 1182 3030 231.
1201 2988 1440 3030 Augustinus]
1459 2991 1556 3020 Contr.
1577 2989 1634 3024 Ep.
1652 2988 1791 3018 Manich.
1814 2993 1845 3024 5.
