2010 3417
228 381 245 411 5

207 705 246 726 10

209 1356 247 1377 20

209 1683 247 1714 ²5

209 2010 250 2041 30

264 193 345 232 550
729 188 981 228 LETTERS
1020 188 1090 227 or
1127 187 1395 226 ERASMUS
1737 185 1860 239 [1517

264 299 551 337 Instrumento
586 296 667 334 sibi
700 296 977 344 comparasset
1011 293 1252 343 Frobenius,
1289 293 1341 332 ab
1373 293 1456 332 alio
1490 293 1687 343 quopiam
1716 293 1864 333 fuisset

264 376 461 410 excusus3
489 375 588 400 nam
609 361 851 399 ambiebant
874 359 1012 399 multi.
1072 359 1193 398 Mitte
1216 361 1263 397 tu
1288 359 1324 397 si
1343 358 1443 409 quid
1463 359 1673 408 praeterea
1698 355 1864 409 Th<e>o-

264 428 449 466 doricum
486 427 614 465 habes
666 425 774 477 quod
821 425 875 464 sit
912 438 1108 472 versum;
1155 424 1420 474 imprimetur
1458 423 1501 462 id
1539 423 1861 473 quamprimum.

264 493 467 532 Lachneri
509 494 696 531 mentem
741 491 933 530 Nesenus
969 490 1050 529 tibi
1088 490 1254 540 scriptis
1291 503 1342 529 ex
1378 489 1672 528 Francofordia
1715 489 1866 528 litteris

264 558 465 608 exposuit.
525 557 730 608 Quicquid
760 556 925 595 miser1s
953 556 1041 595 siue
1069 557 1192 594 tuum
1221 556 1310 594 siue
1343 554 1527 593 alienum
1561 554 1865 603 elucubratum,

264 623 523 673 castigatum,
546 636 728 672 versum,
753 621 982 672 suscipient
1001 621 1072 660 isti
1087 621 1426 671 gratissimosque
1440 633 1485 659 se
1504 619 1862 660 demonstrabunt.

264 689 382 727 Inter
402 688 656 727 Frobenium
677 689 719 726 et
737 701 805 726 me
824 687 1126 737 propemodum
1145 686 1303 725 bellum
1323 686 1416 733 fuit,
1439 686 1541 724 dum
1560 685 1613 724 do
1631 699 1800 736 operam
1820 687 1868 726 vt

263 757 386 793 tuum
406 754 576 793 Bellum
597 754 770 793 seorsim
790 753 904 803 typis
923 753 1161 791 excudatur.
1206 751 1335 790 Venit
1355 751 1400 789 in
1419 751 1538 790 aedes
1557 764 1671 790 meas
1690 751 1867 791 anhelus

265 819 506 868 Frobenius,
538 833 689 870 rogans
719 832 763 858 ac
793 819 1014 858 obsecrans
1042 820 1090 857 vt
1124 817 1358 868 pauxillum
1389 816 1454 854 illi
1481 816 1718 867 praeberem
1746 830 1864 856 excu-

265 885 459 933 dendum,
484 899 537 925 ne
557 886 642 925 iam
662 886 724 924 De
744 885 873 935 Copia
893 883 1202 923 commentariis
1227 882 1368 921 feriari
1390 884 1615 932 cogeretur,
1638 883 1740 921 dum
1760 882 1867 921 redit

263 964 314 989 ex
342 951 636 990 Francofordia
666 951 916 989 Lachnerus.
975 950 1053 988 Est
1081 951 1221 988 autem
1245 948 1313 986 hic
1343 961 1434 986 mos
1462 947 1550 986 eius
1575 948 1669 987 tum
1695 948 1867 987 demum

264 1016 477 1066 exemplar
497 1017 640 1056 venire
666 1016 923 1066 postulatum
950 1028 1047 1054 cum
1073 1015 1158 1053 iam
1184 1014 1290 1053 nihil
1308 1014 1496 1063 superest
1515 1014 1625 1063 quod
1644 1015 1869 1063 operentur

264 1095 419 1132 operae.
479 1082 645 1121 Protuli
683 1082 848 1121 Silenos
881 1083 999 1119 tuos:
1040 1080 1208 1130 accepit.
1268 1079 1378 1118 Veni
1404 1078 1449 1117 in
1476 1078 1682 1118 officinam
1705 1081 1869 1129 postera

264 1147 366 1185 luce.
424 1147 561 1187 Deum
596 1148 895 1195 immortalem,
918 1159 1043 1197 quam
1082 1146 1141 1184 ibi
1168 1145 1341 1195 indigne
1374 1144 1423 1183 de
1455 1157 1497 1183 se
1525 1146 1566 1183 et
1595 1158 1663 1183 me
1695 1158 1868 1195 conque-

265 1214 428 1251 rentem
458 1213 625 1252 audiui!
663 1213 797 1252 videri
821 1226 862 1251 se
892 1225 942 1251 ex
975 1211 1055 1250 ista
1085 1211 1245 1250 scilicet
1280 1210 1632 1260 typographorum
1667 1213 1766 1250 nota
1794 1210 1868 1261 qui

264 1278 505 1317 vernaculas
525 1278 814 1318 cantiunculas
833 1277 1111 1327 imprimunt3
1141 1290 1226 1316 non
1253 1290 1297 1316 se
1321 1289 1462 1315 curare
1489 1276 1532 1314 id
1558 1289 1691 1326 genus
1709 1276 1870 1316 libellu-

265 1343 352 1382 los:
381 1344 426 1382 in
451 1345 592 1394 ipsum
612 1358 679 1383 me
700 1357 849 1394 parum
876 1343 1007 1382 amice
1033 1342 1256 1390 consulere,
1279 1342 1350 1392 qui
1375 1341 1568 1392 pagellas,
1590 1355 1675 1381 non
1700 1342 1870 1393 grandia

266 1408 496 1457 volumina,
528 1409 781 1459 praeberem.
842 1408 1081 1447 Commouit
1132 1421 1197 1446 me
1242 1421 1327 1446 non
1372 1407 1637 1446 mediocriter
1679 1407 1755 1446 hac
1794 1420 1869 1448 sua

265 1474 475 1524 tragoedia
496 1475 725 1513 Frobenius
741 1489 750 1522 3
779 1476 920 1512 tamen
940 1475 1104 1524 quando
1124 1476 1197 1512 tua
1215 1487 1291 1521 res,
1307 1473 1394 1511 imo
1414 1473 1698 1513 studiosorum
1716 1474 1866 1523 potius,

266 1539 472 1588 agebatur,
508 1540 716 1589 meipsum
756 1539 935 1588 cohibui,
967 1541 1009 1578 et
1047 1552 1159 1577 nunc
1192 1538 1393 1589 precibus,
1434 1552 1546 1577 nunc
1582 1539 1720 1588 minis,
1755 1552 1867 1578 nunc

267 1604 480 1643 blanditiis
500 1605 572 1643 vix
591 1605 763 1643 tandem
783 1605 899 1643 effeci
919 1607 965 1643 vt
986 1605 1157 1643 Bellum
1183 1606 1224 1643 et
1251 1604 1475 1643 Scarabeus
1493 1604 1639 1643 itidem
1658 1605 1869 1654 imprime-

266 1671 422 1707 rentur.
480 1669 648 1707 Timent
668 1683 720 1708 ne
740 1669 982 1709 Prouerbiis
1001 1670 1100 1709 haec
1119 1669 1272 1708 aeditio
1292 1669 1348 1708 sit
1368 1669 1566 1709 nocitura.

321 1735 415 1774 Dici
449 1748 534 1786 non
569 1737 706 1785 potest
747 1748 873 1785 quam
912 1738 1054 1774 ament
1091 1735 1308 1774 volumina
1345 1735 1628 1785 praegrandia.
1688 1735 1868 1774 Proinde

266 1800 385 1838 facile
412 1802 642 1850 potuerunt
672 1800 819 1839 adduci
838 1803 885 1839 vt
914 1801 1102 1840 Coelium
1133 1800 1433 1851 imprimerent.
1494 1800 1870 1840 Commendauerat

268 1865 456 1904 nondum
491 1865 629 1904 visum
670 1865 737 1904 hic
772 1865 904 1905 Coelii
943 1879 1047 1916 opus
1080 1866 1140 1905 Io.
1174 1866 1524 1916 Oecolampadius.
1594 1865 1872 1916 Posteaquam

267 1930 451 1969 adlatum
481 1931 575 1980 fuit,
605 1932 747 1980 paucis
777 1945 852 1981 ego
882 1931 1253 1981 multiplicandum
1283 1931 1588 1981 exemplaribus
1616 1931 1738 1970 suasi.
1797 1931 1870 1970 Illi

268 2010 359 2035 meo
380 2010 503 2035 suum
524 1999 564 2035 et
584 2010 755 2036 suorum
776 1997 998 2036 consilium
1018 1999 1354 2048 anteposuerunt.
1396 1997 1589 2035 Placebat
1604 1996 1679 2035 hoc
1699 1997 1872 2036 nomine

269 2061 443 2108 Coelius,
465 2062 561 2111 quia
588 2065 676 2100 erat
704 2063 966 2101 summarius.
1028 2063 1146 2102 Nihil
1171 2063 1284 2101 aliud
1311 2062 1461 2112 cogitat
1488 2062 1727 2101 Lachnerus
1746 2075 1868 2113 quam

269 2139 466 2174 summas,
493 2127 716 2174 Gabrieles.
740 2127 916 2178 Spieras,
939 2128 1182 2167 Bruliferos.
1242 2128 1334 2167 Hac
1361 2130 1513 2166 aestate
1532 2128 1625 2166 vult
1643 2128 1689 2166 in
1710 2128 1870 2167 officina

291 2224 341 2255 28.
370 2224 667 2264 Decolampadius
684 2228 752 2256 MS.
769 2237 777 2265 ;
802 2228 838 2263 cf.
851 2228 912 2263 Ep.
930 2227 1006 2266 563.
1021 2230 1064 2257 tz't.
1083 2237 1115 2257 π.
1204 2236 1256 2265 32.
1284 2226 1424 2266 Spieras
1438 2228 1602 2263 Bywater:
1625 2225 1762 2256 Seieras
1777 2228 1847 2257 MS.

311 2310 341 2338 5.
365 2301 560 2342 praeterea]
615 2302 785 2333 Erasmus
837 2303 1037 2334 translated

269 2345 390 2375 Gaza's
406 2345 470 2376 Bk.
487 2355 516 2375 11
532 2345 572 2375 in
591 2345 652 2376 the
670 2355 828 2377 summer
843 2346 881 2377 of
897 2356 990 2386 1517.

314 2398 343 2426 7.
370 2388 546 2429 Nesenus]
572 2389 623 2420 Of.
642 2389 703 2429 Ep.
724 2390 799 2428 469.
820 2400 857 2429 17
877 2400 947 2430 seq.

1148 2313 1201 2342 31.
1228 2301 1461 2342 summarius]
1487 2302 1538 2333 Cf.
1555 2303 1617 2342 Ep.
1634 2312 1709 2342 531.
1731 2312 1790 2341 152
1807 2312 1842 2334 11.

1147 2356 1200 2384 32.
1225 2346 1422 2387 Gabrieles]
1447 2346 1590 2377 Gabriel
1606 2345 1685 2377 Biel
1703 2346 1746 2388 (e.
1767 2356 1871 2386 1425-

1105 2399 1134 2420 c.
1164 2391 1262 2430 1495)
1294 2390 1332 2421 of
1359 2390 1490 2429 Spires,
1522 2390 1605 2420 ‘the
1636 2390 1706 2421 last
1737 2390 1776 2421 of
1807 2390 1870 2421 the

316 2442 364 2462 11.
391 2432 550 2472 Bellum]
575 2433 648 2463 The
671 2436 772 2463 Sileni
794 2434 913 2474 (Aclaq.
935 2434 1034 2474 2201)

269 2475 339 2505 had
375 2475 452 2514 just
494 2477 583 2507 been
627 2476 772 2516 printed
812 2478 858 2516 by
897 2478 1036 2509 Froben

270 2519 307 2556 (pl.
350 2520 402 2559 16)
442 2520 481 2549 in
527 2529 547 2550 a
593 2520 698 2550 small
743 2523 870 2559 quarto
920 2522 959 2552 of
997 2532 1037 2561 13

269 2562 395 2602 leaves,
426 2562 612 2603 amplified
639 2565 674 2594 to
704 2565 743 2594 18
772 2565 819 2604 by
846 2565 909 2596 the
936 2565 1036 2596 addi-

269 2607 344 2636 tion
382 2606 421 2637 of
454 2607 600 2638 scholia.
660 2607 734 2638 The
766 2610 884 2638 Bellum
917 2608 1036 2649 (Adaq.

269 2652 369 2687 3001)
401 2649 566 2681 followed
598 2651 637 2681 in
669 2651 731 2682 the
763 2661 859 2682 same
891 2653 1034 2693 month,

268 2693 340 2723 and
363 2693 425 2724 the
448 2696 619 2724 scarabeus
641 2694 759 2734 (Aelaq.
775 2695 875 2736 2601)
894 2697 933 2726 in
955 2696 1037 2736 May

272 2736 283 2775 ζ
287 2736 308 2765 1.
330 2736 409 2777 24);
432 2737 519 2768 both
544 2739 582 2768 in
607 2737 669 2768 the
694 2748 788 2768 same
813 2740 915 2771 form.
963 2740 1036 2771 The

270 2782 440 2810 scarabeus
460 2791 532 2812 was
555 2781 700 2820 printed
722 2783 759 2812 in
785 2784 1037 2814 continuation

270 2823 307 2852 of
325 2823 387 2853 the
409 2826 517 2863 Sileni,
536 2824 609 2855 and
633 2825 764 2856 Beatus
784 2825 874 2856 eked
896 2830 958 2857 out
974 2827 1038 2858 the

270 2866 411 2897 volume
442 2867 489 2906 by
515 2868 650 2907 adding
679 2870 700 2899 6
730 2879 828 2899 more
858 2870 974 2901 leaves
1004 2871 1044 2901 of

271 2909 405 2940 scholia
428 2911 518 2940 with
540 2921 559 2941 a
582 2913 720 2951 preface
742 2913 849 2943 dated
872 2914 912 2944 28
933 2915 1036 2953 April

273 2952 390 2990 ‹NBRE
408 2953 499 2992 442).
546 2955 610 2985 See
626 2955 742 2994 BE1·.²'‚
759 2958 897 2994 Adaqia.

320 3004 367 3032 13.
395 2996 445 3025 De
463 2996 586 3037 Copia]
613 2998 665 3028 Cf.
686 2998 748 3038 Ep.
769 3001 844 3037 462.

317 3047 367 3075 27.
395 3038 571 3079 Coelium]
598 3041 650 3071 Cf.
669 3042 730 3080 Ep.
748 3043 821 3082 469.
842 3043 862 3073 8
879 3053 915 3075 n.

1104 2433 1342 2473 Schoohnen‚'
1365 2434 1458 2464 after
1485 2434 1611 2474 taking
1634 2434 1691 2465 his
1715 2434 1806 2466 M.A.
1832 2436 1870 2466 at

1105 2477 1333 2517 Heidelberg,
1348 2477 1492 2508 studied
1509 2478 1677 2517 theology
1688 2479 1724 2509 at
1737 2478 1870 2509 Erfurt.

1106 2521 1162 2551 He
1189 2530 1264 2552 was
1290 2521 1461 2561 preacher
1489 2522 1530 2552 in
1558 2521 1608 2553 St.
1639 2521 1802 2552 Martin's
1833 2523 1872 2553 at

1103 2564 1222 2595 Mainz
1239 2575 1266 2595 c.
1290 2566 1372 2603 1460
1394 2565 1467 2596 and
1487 2565 1698 2596 afterwards
1712 2575 1792 2596 won
1808 2565 1871 2596 the

1103 2608 1230 2639 favour
1251 2607 1290 2639 of
1306 2609 1424 2640 Count
1447 2608 1633 2639 Eberhard
1649 2608 1701 2638 im
1722 2609 1812 2640 Bart
1835 2609 1874 2640 of

1101 2652 1364 2692 Wiirtemberg.
1399 2652 1455 2683 He
1466 2652 1628 2683 received
1638 2652 1700 2683 the
1709 2652 1871 2684 Provost-

1102 2695 1184 2735 ship
1208 2696 1247 2726 of
1267 2696 1397 2734 Urach,
1422 2706 1510 2726 near
1531 2696 1729 2736 Tiibingen,
1750 2696 1870 2727 where

1103 2739 1166 2770 the
1189 2739 1306 2770 Count
1330 2739 1423 2771 built
1446 2740 1510 2770 the
1536 2740 1673 2771 church
1697 2740 1736 2770 in
1763 2749 1870 2779 1472;

1104 2783 1144 2813 in
1168 2783 1250 2822 1482
1271 2784 1316 2814 he
1337 2783 1589 2823 accompanied
1605 2783 1664 2814 his
1683 2785 1812 2823 patron
1832 2784 1870 2814 to

1104 2826 1213 2858 Rome
1251 2827 1414 2867 together
1451 2827 1543 2857 with
1578 2826 1758 2858 Reuchlin
1796 2826 1870 2858 and.

1104 2870 1301 2901 Nauclerus
1329 2871 1410 2912 (Ep.
1439 2880 1513 2910 397.
1549 2880 1586 2909 14
1616 2871 1694 2911 n.);
1726 2870 1799 2901 and
1828 2870 1869 2901 in

1107 2915 1190 2953 1484
1222 2914 1266 2944 he
1298 2924 1370 2945 was
1400 2914 1594 2954 appointed
1624 2913 1806 2945 Professor
1834 2913 1874 2944 of

1102 2957 1279 2998 Theology
1309 2959 1345 2989 at
1379 2957 1578 2997 Tiibingen,
1607 2957 1728 2988 where
1763 2957 1868 2988 Eber-

1103 3001 1194 3032 hard
1222 3001 1294 3032 had
1322 3001 1478 3032 founded
1507 3001 1568 3032 the
1593 3001 1802 3040 University
1827 3000 1868 3030 in

1107 3054 1199 3083 1477.
1249 3046 1295 3076 In
1311 3045 1369 3076 his
1385 3045 1478 3075 later
1489 3054 1591 3084 years
1607 3044 1653 3075 he
1665 3043 1789 3084 joined
1804 3042 1867 3073 the

2007 700 2010 712 -
2003 369 2010 666 -⁴..--.-.——.—.=
