2010 3417
135 176 232 231 541]
417 179 487 218 ΤΟ
524 178 852 218 WOLFGANG
890 177 1200 218 FABRICIUS
1239 177 1448 217 CAPITO
1643 177 1721 215 491

131 287 289 327 autoris
313 286 561 338 improbitas
579 286 780 334 eleuabat,
804 287 863 325 ita
888 287 974 325 iure
999 288 1157 336 optimo
1185 287 1418 325 studiorum
1446 287 1630 325 fructum
1652 300 1721 326 au—

130 353 235 392 toris
279 351 534 391 existimatio
573 352 846 390 commendat.
921 351 1152 390 Adiuuabit
1188 354 1228 390 et
1271 351 1375 390 illud
1414 352 1524 401 quod
1562 354 1724 401 praeter

131 418 256 457 istam
283 417 528 467 penitiorem
544 415 773 454 doctrinam
793 418 909 455 tuam
928 417 1055 455 etiam
1074 416 1146 455 illa
1164 417 1208 455 in
1221 417 1373 455 scholis
1398 417 1606 464 solemnia,
1621 428 1724 466 quae

131 483 282 522 caeteri
301 482 389 521 sola
406 481 596 532 probant,
619 481 677 520 sic
697 481 820 519 calles
840 484 1038 531 tenesque
1053 483 1099 520 vt
1118 495 1202 520 non
1221 482 1328 520 alius
1347 481 1479 531 magis
1495 498 1503 528 ;
1532 494 1585 520 ne
1600 480 1721 531 (quod

131 548 281 598 solent)
301 546 487 586 cauillari
507 548 659 597 queant
680 548 720 584 te
741 546 793 584 ob
827 546 868 584 id
888 546 938 585 ad
958 547 1168 585 diuersum
1189 546 1318 585 studii
1338 560 1470 597 genus
1490 546 1718 593 diuertisse‚

131 612 241 662 quod
274 611 349 650 illa
380 624 528 661 parum
569 611 699 650 fueris
729 613 953 650 assecutus.
1024 611 1313 650 Efficacissime
1353 611 1507 650 refellit
1537 611 1724 661 quisquis

130 690 313 716 errorem
345 676 502 725 optime
532 676 662 715 nouit.
738 676 870 714 Nemo
909 676 1059 714 melius
1096 676 1285 715 medetur
1322 677 1467 715 morbo
1502 689 1625 726 quam
1659 676 1725 715 cui

131 741 290 781 malum
319 741 502 780 maxime
531 742 743 791 cognitum
771 743 850 780 est.

185 805 280 844 Non
299 806 407 856 quod
437 808 577 856 optem
605 806 682 844 hoc
711 806 942 855 theologiae
970 818 1111 856 genus,
1135 805 1243 856 quod
1272 806 1395 844 hodie
1423 807 1634 855 receptum
1662 807 1725 843 est

129 871 174 910 in
194 871 356 919 scholis,
378 870 588 909 obliterari
606 885 615 918 3
645 871 717 909 sed
736 871 845 921 quod
864 871 1092 909 accessione
1105 870 1255 909 veteris
1269 883 1468 920 veraeque
1489 870 1725 908 literaturae

129 936 296 987 cupiam
316 938 357 974 et
377 936 624 986 locupletius
643 935 762 974 reddi
781 938 822 975 et
842 935 1094 985 castigatius.
1151 935 1292 985 Neque
1311 935 1425 973 enim
1445 935 1542 973 hinc
1564 935 1726 974 vacilla-

131 1001 195 1040 bit
215 1014 425 1041 sacrarum
445 1002 663 1040 literarum
687 1003 759 1040 aut
788 1001 1075 1052 theologorum
1103 1001 1315 1048 autoritas,
1338 1000 1374 1038 si
1403 1000 1601 1050 quaedam
1621 1002 1726 1050 post-

132 1068 208 1106 hac
237 1067 457 1106 emendata
495 1067 687 1117 legentur
722 1080 826 1117 quae
863 1067 1063 1105 hactenus
1095 1065 1352 1104 habebantur
1382 1066 1618 1115 deprauata,
1654 1067 1726 1102 aut

132 1133 285 1171 rectius
303 1132 592 1182 intelligentur
611 1131 656 1170 in
681 1131 835 1181 quibus
852 1131 1055 1170 hactenus
1080 1131 1360 1181 professorum
1387 1130 1538 1181 vulgus
1557 1129 1727 1168 halluci-

132 1198 308 1237 nabatur
324 1212 334 1246 ;
374 1198 460 1236 imo
479 1198 556 1236 hoc
576 1197 740 1247 grauior
759 1196 978 1235 habebitur
996 1196 1166 1235 illorum
1186 1196 1395 1242 autoritas,
1416 1209 1497 1245 quo
1517 1195 1728 1245 syncerius

132 1262 298 1302 diuinas
321 1263 464 1301 literas
483 1262 780 1300 intellexerint.
850 1261 1041 1300 Primam
1072 1262 1304 1309 coitionem,
1330 1274 1455 1311 quam
1484 1260 1728 1299 acerrimam

133 1330 250 1368 vocat
271 1327 501 1376 Terentius,
524 1340 602 1365 nos
613 1327 914 1365 sustinuimus:
944 1340 1179 1377 quanquam
1199 1327 1296 1364 huic
1315 1340 1476 1376 quoque
1496 1325 1730 1364 difficultati

132 1395 179 1432 tu
192 1406 264 1432 ceu
278 1393 445 1442 Geryon
458 1391 666 1442 quispiam
682 1391 834 1441 triplici
849 1392 1064 1430 literatura
1078 1392 1318 1439 instructus,
1336 1392 1421 1430 imo
1436 1393 1499 1430 tot
1514 1390 1730 1440 praesidiis

134 1460 319 1497 armatus
338 1458 565 1507 fultusque,
587 1457 767 1495 maxime
787 1459 952 1506 poteras
971 1470 1058 1495 esse
1073 1469 1156 1507 par.
1211 1447 1284 1495 *Ad
1304 1457 1404 1495 haec
1418 1457 1538 1495 video
1556 1455 1635 1494 tibi
1655 1469 1730 1494 nec

132 1523 314 1562 Theseos
333 1523 472 1561 defore
492 1523 712 1572 negocium
735 1522 813 1561 hoc
833 1522 964 1561 semel
983 1535 1188 1572 aggresso.
1249 1522 1358 1560 Tum
1377 1535 1424 1560 ea
1443 1524 1504 1560 est
1519 1521 1650 1560 animi
1668 1520 1731 1559 tui

131 1589 332 1628 fortitudo
348 1591 395 1627 vt
413 1588 630 1635 inuidiam,
654 1601 756 1638 quae
777 1587 836 1625 sic
855 1601 906 1625 ex
925 1588 1082 1625 virtute
1101 1587 1254 1625 eximia
1273 1587 1388 1625 nasci
1416 1587 1519 1625 solet
1540 1587 1731 1637 quemad-

132 1653 306 1692 modum
320 1667 370 1692 ex
384 1653 544 1692 lumine
555 1653 714 1701 vmbra,
733 1653 852 1691 facile
868 1655 1109 1691 contemnas
1115 1667 1124 1699 ;
1143 1665 1191 1690 ea
1202 1665 1368 1690 rursum
1384 1665 1550 1691 morum
1562 1654 1732 1690 tuorum

133 1719 319 1758 suauitas
350 1721 397 1757 vt
422 1718 597 1757 morosis
623 1718 750 1756 etiam
782 1718 943 1767 placere
973 1718 1117 1768 possis.
1193 1718 1302 1766 Quid
1333 1717 1512 1756 multis?
1582 1716 1732 1755 Omnia

134 1783 243 1820 mihi
261 1783 513 1832 pollicentur
531 1796 619 1821 rem
645 1782 881 1821 felicissime
900 1795 1196 1821 successuram.
1264 1782 1385 1820 Vnus
1404 1782 1538 1821 adhuc
1564 1795 1725 1832 scrupu-

134 1848 201 1887 lus
226 1848 352 1886 habet
380 1849 570 1886 animum
595 1861 746 1895 meum,
775 1861 825 1885 ne
850 1847 927 1885 sub
951 1847 1122 1886 obtextu
1149 1847 1308 1897 priscae
1338 1847 1596 1886 litteraturae
1619 1860 1732 1885 rena-

135 1913 290 1952 scentis
309 1914 433 1962 caput
451 1913 606 1962 erigere
622 1914 792 1951 conetur
810 1913 1090 1962 paganismus,
1105 1914 1152 1951 vt
1171 1914 1271 1950 sunt
1290 1914 1331 1950 et
1350 1912 1461 1950 inter
1475 1912 1732 1951 Christianos

136 1979 208 2028 qui
227 1978 350 2016 titulo
370 1991 472 2028 pene
491 1979 692 2016 duntaxat
707 1978 923 2016 Christum
950 1979 1193 2026 agnoscunt,
1209 1979 1414 2016 caeterum
1434 1978 1550 2016 intus
1569 1977 1733 2027 gentili-

136 2046 267 2082 tatem
288 2043 474 2093 spirant;
514 2045 585 2081 aut
605 2055 657 2080 ne
682 2041 994 2080 renascentibus
1020 2042 1307 2081 Hebraeorum
1335 2043 1470 2081 literis
1488 2042 1731 2081 Iudaismus

136 2108 361 2146 meditetur
379 2120 453 2158 per
467 2108 720 2146 occasionem
735 2107 983 2145 reuiuiscere
998 2122 1006 2145 :
1037 2121 1117 2156 qua
1135 2110 1250 2157 peste
1265 2107 1372 2145 nihil
1385 2107 1597 2146 aduersius
1609 2107 1734 2145 nihil-

137 2187 217 2223 que
236 2173 442 2211 infensius
459 2173 641 2210 inueniri
660 2174 796 2222 potest
817 2172 1028 2210 doctrinae
1051 2172 1222 2212 Christi.
1262 2172 1329 2212 Sic
1347 2173 1460 2211 enim
1480 2173 1562 2211 fert
1582 2174 1733 2211 natura

138 2250 276 2276 rerum
291 2237 583 2284 humanarum,
603 2239 649 2275 vt
668 2237 827 2275 nullius
844 2250 1029 2287 vnquam
1048 2238 1147 2276 boni
1159 2239 1277 2276 tanta
1291 2237 1417 2276 fuerit
1434 2237 1613 2276 felicitas
1632 2237 1733 2287 quin

138 2302 265 2341 huius
290 2304 504 2352 praetextu
528 2301 631 2340 mali
659 2301 873 2352 quippiam
901 2302 1028 2340 simul
1056 2305 1271 2341 conaretur
1295 2303 1484 2352 irrepere.
1544 2301 1735 2352 Optarim

140 2367 312 2417 frigidas
337 2367 440 2405 istas
460 2367 643 2416 argutias
663 2371 733 2405 aut
753 2368 959 2417 amputari
984 2381 1153 2417 prorsus
1176 2371 1248 2406 aut
1271 2370 1379 2406 certe
1402 2368 1511 2406 solas
1534 2380 1619 2405 non
1645 2379 1735 2404 esse

141 2431 357 2481 theologis,
379 2433 420 2470 et
441 2432 654 2470 Christum
673 2432 795 2470 illum
815 2432 1045 2482 simplicem
1063 2445 1108 2470 ac
1127 2446 1279 2482 purum
1291 2433 1456 2481 penitus
1475 2432 1601 2470 inseri
1616 2444 1732 2469 men-

141 2497 254 2535 tibus
272 2496 496 2534 hominum
514 2510 524 2544 ;
552 2496 595 2534 id
616 2497 724 2546 quod
751 2497 827 2534 hac
846 2497 1114 2546 potissimum
1132 2497 1200 2535 via
1218 2498 1309 2535 fieri
1334 2510 1452 2547 posse
1471 2496 1674 2543 existimo,
1697 2495 1737 2534 si

142 2563 380 2611 linguarum
403 2561 667 2600 adminiculis
693 2561 826 2600 adiuti
849 2562 893 2599 in
919 2563 1020 2611 ipsis
1042 2563 1228 2600 fontibus
1245 2562 1596 2612 philosophemur.
1655 2562 1733 2600 Sed

142 2628 305 2665 vtinam
326 2627 384 2665 sic
403 2626 479 2664 hoc
506 2625 607 2663 mali
627 2626 806 2665 vitemus
833 2629 878 2665 vt
898 2640 982 2665 non
1002 2627 1234 2666 incidamus
1256 2627 1302 2665 in
1321 2627 1434 2666 aliud
1449 2627 1621 2666 fortasse
1648 2640 1735 2677 gra-

143 2693 248 2730 uius.
306 2692 445 2741 Nuper
475 2691 665 2729 exierunt
697 2691 741 2728 in
770 2691 922 2741 vulgus
946 2691 1103 2741 aliquot
1132 2692 1264 2730 libelli
1289 2705 1450 2730 merum
1471 2692 1734 2731 Iudaismum

143 2756 395 2806 resipientes.
454 2756 583 2795 Video
604 2758 808 2805 quantum
823 2756 981 2794 sudarit
994 2756 1150 2794 Paulus
1169 2756 1241 2794 ille
1260 2759 1401 2794 noster
1419 2770 1500 2806 quo
1519 2757 1735 2796 Christum

144 2835 167 2860 a
196 2822 414 2860 Iudaismo
434 2821 675 2868 vindicaret,
708 2823 749 2859 et
775 2821 909 2859 sentio
931 2821 1132 2871 quosdam
1162 2821 1305 2859 eodem
1333 2821 1462 2860 relabi
1485 2821 1731 2860 clanculum.

551 2932 623 2962 127.
650 2923 832 2962 Geryones
848 2925 891 2954 H.
1027 2932 1099 2962 134,
1127 2923 1274 2954 obtentu
1291 2925 1334 2953 H.

698 3022 769 3052 126.
795 3021 998 3062 Terentius]
1022 3023 1080 3052 ΡΙι.
1095 3023 1169 3060 346.

1748 299 1806 322 110

1748 626 1806 657 115

1750 952 1809 974 120

1751 1278 1810 1310 125

1753 1605 1812 1636 130

1755 1927 1812 1960 135

1759 2255 1820 2284 ¹40

1758 2575 1818 2607 145
