2010 3417
288 184 368 225 582
750 183 1000 222 LETTERS
1039 181 1109 221 oF
1145 181 1411 220 ERAsMus
1758 179 1848 234 [151
1860 193 1878 230 7

288 296 390 334 satis
409 293 565 344 liquet:
594 291 683 331 siue
709 293 817 342 quod
841 292 929 341 ipsa
949 291 1141 330 fortunae
1168 290 1412 340 magnitudo
1436 290 1638 339 plurimas
1658 302 1723 328 res
1741 301 1882 328 secum

288 361 433 406 defert,
454 372 532 408 que
553 358 658 396 bene
678 359 773 395 nata
797 358 988 407 recteque
1011 356 1209 395 instituta
1228 355 1396 405 ingenia
1419 357 1572 405 queant
1595 366 1858 405 corrumpere
1875 371 1883 401 ;

229 440 270 470 90
286 425 326 462 id
357 424 467 474 quod
496 423 658 462 facilius
687 422 826 460 credet
853 421 924 472 qui
953 421 1216 472 perpenderit
1245 420 1422 459 Neronis
1451 419 1773 458 adolescentiam
1799 420 1884 459 lau-

286 489 522 528 datissimae
536 488 691 526 indolis
704 488 844 535 fuisse,
862 488 905 525 et
920 500 1002 537 quo
1022 500 1106 525 non
1125 486 1234 525 alius
1253 486 1388 524 adhuc
1407 485 1488 525 fuit
1507 485 1598 523 orbi
1612 484 1882 534 pestilentior,

286 553 436 604 optimi
468 555 609 592 tamen
641 553 840 603 principis
874 565 992 602 spem
1024 551 1149 591 initio
1177 551 1228 589 de
1256 565 1299 590 se
1327 551 1569 601 prebuisse3
1606 552 1699 589 tum
1727 550 1778 589 ab
1807 549 1885 589 hoc

286 618 419 657 multo
445 620 549 668 post,
582 619 832 657 Bassianum
859 618 987 657 Getae
1013 617 1196 664 fratrem,
1227 617 1328 655 dum
1356 616 1544 667 priuatus
1569 618 1718 666 ageret,
1746 616 1885 654 virum

285 685 497 734 integrum
530 697 575 722 ac
608 685 811 730 sanctum,
838 683 1069 732 pessimum
1103 682 1234 732 egisse
1265 682 1498 732 principem
1515 682 1669 720 z—siue
1701 682 1809 732 quod
1839 684 1887 720 vt

226 766 267 796 95
286 749 488 799 quaedam
522 748 690 799 nauigia
722 748 942 787 immodice
976 760 1127 798 magna
1158 749 1356 798 vastaque
1388 747 1476 796 regi
1508 760 1594 785 non
1626 748 1794 797 queunt,
1827 746 1886 784 ita

285 815 413 853 totius
450 814 560 853 orbis
598 814 821 864 imperium
853 814 990 852 maius
1028 815 1090 852 est
1129 826 1255 863 quam
1287 815 1334 852 vt
1363 812 1490 851 vnius
1523 812 1710 850 hominis
1745 811 1886 851 animo

287 879 482 918 sustineri
510 879 650 930 possit,
683 892 779 918 cum
807 878 1047 929 perdifficile
1076 879 1130 917 sit
1160 879 1335 917 domum
1364 878 1490 916 etiam
1518 890 1647 916 vnam
1681 879 1789 916 recte
1821 878 1886 916 ad-

286 946 533 984 ministrare.
595 944 741 994 Itaque
765 944 836 995 qui
862 944 1042 982 maxime
1069 944 1184 994 cupit
1210 943 1379 994 optima,
1403 946 1546 983 tamen
1573 943 1756 982 Maronis
1780 943 1884 982 illud

284 1011 495 1050 interdum
516 1011 676 1060 cogitur
693 1010 828 1049 dicere
846 1023 856 1048 :

211 1105 268 1126 100
499 1086 648 1125 Fertur
675 1086 793 1136 equis
820 1087 972 1137 auriga,
1003 1100 1079 1125 nec
1109 1086 1226 1125 audit
1254 1099 1398 1125 currus
1425 1085 1618 1123 habenas.

287 1163 414 1212 Quod,
447 1163 603 1213 opinor,
637 1163 874 1214 intelligens
910 1163 1105 1202 Octauius
1139 1165 1370 1212 Augustus,
1406 1162 1472 1200 vir
1504 1162 1692 1200 eruditus
1724 1175 1770 1200 ac
1802 1175 1886 1212 per-

286 1230 427 1280 spicax
465 1231 517 1276 et,
556 1229 663 1279 quod
696 1229 742 1268 in
776 1229 924 1279 priscis
957 1229 1204 1268 Caesaribus
1237 1241 1379 1267 rarum
1413 1228 1652 1276 comperies,
1689 1229 1886 1277 perpetuo

286 1308 422 1344 sanus,
445 1308 530 1333 non
559 1294 687 1333 semel
713 1295 762 1333 de
789 1295 1032 1345 deponenda
1060 1294 1226 1345 imperii
1252 1294 1360 1333 mole
1388 1292 1612 1343 cogitauit3
1642 1294 1685 1331 et
1710 1293 1884 1343 fecisset,

285 1360 320 1398 si
340 1361 483 1398 nactus
501 1360 646 1398 fuisset
665 1360 710 1398 in
731 1360 849 1399 cuius
869 1361 1067 1399 humeros
1086 1360 1187 1399 citra
1205 1360 1363 1410 publici
1383 1361 1517 1398 status
1535 1358 1762 1408 perniciem
1783 1372 1887 1398 onus

209 1442 267 1473 105
285 1425 483 1463 reclinare
506 1426 720 1475 potuisset.
783 1426 903 1464 Hanc
930 1426 981 1464 ob
1008 1438 1173 1464 causam
1200 1425 1445 1474 posteriores
1471 1424 1738 1473 negociorum
1763 1426 1886 1464 vndis

285 1491 464 1540 impares
493 1490 660 1541 imperii
692 1491 849 1529 molem
884 1491 927 1529 in
960 1491 1101 1541 plures
1134 1490 1281 1540 partiri
1314 1490 1566 1529 studuerunt
1579 1491 1736 1538 t÷siue
1763 1490 1807 1529 id
1835 1491 1886 1529 iis

286 1555 406 1594 rebus
426 1555 558 1606 magis
578 1555 868 1595 ascribendum
892 1558 955 1594 est
980 1569 1081 1605 quas
1102 1555 1330 1605 permultas
1356 1555 1534 1605 quidem,
1556 1557 1600 1593 at
1618 1569 1703 1594 non
1727 1557 1886 1594 omneis

286 1622 435 1669 tamen,
463 1620 507 1658 in
532 1621 762 1659 Aureliano
786 1623 971 1660 recenset
996 1620 1166 1660 Flauius
1184 1620 1398 1670 Vopiscus.
1458 1621 1512 1659 Et
1535 1623 1677 1660 tamen
1700 1621 1745 1659 in
1768 1623 1886 1660 tanta

285 1685 490 1724 malorum
527 1686 765 1735 principum
803 1687 936 1734 turba,
979 1687 1160 1736 reperias
1198 1685 1295 1724 licet
1333 1686 1480 1735 dignas
1516 1688 1660 1725 sancto
1698 1686 1886 1736 principe

209 1768 270 1789 110
287 1750 564 1799 cogitationes,
597 1751 739 1790 audias
769 1764 891 1790 voces
923 1751 1115 1791 absoluto
1150 1751 1337 1802 principe
1371 1751 1529 1800 dignas,
1563 1753 1790 1802 comperias
1825 1766 1888 1791 ex-

287 1815 423 1864 empla
462 1816 505 1854 in
544 1817 696 1866 quibus
736 1817 845 1854 nihil
884 1817 1114 1867 desyderes.
1205 1817 1324 1855 Inter
1361 1817 1549 1856 ethnicos
1586 1818 1778 1856 inuenies
1816 1818 1886 1868 qui

286 1878 522 1919 Christiano
546 1881 687 1920 animo
712 1882 962 1932 reipublicae
986 1885 1174 1932 gererent
1197 1882 1431 1932 imperium,
1459 1896 1544 1922 non
1571 1882 1651 1921 sibi
1665 1896 1675 1930 ;
1705 1883 1777 1934 qui
1800 1884 1886 1922 tam

285 1945 488 1984 laboriose
516 1946 893 1986 administrationis
922 1961 1006 1986 non
1032 1949 1146 1987 aliud
1170 1950 1405 1998 spectarent
1430 1948 1663 1998 praemium
1686 1961 1812 1999 quam
1840 1951 1887 1987 vt

288 2010 337 2049 de
366 2011 489 2049 rebus
517 2012 712 2051 humanis
740 2013 1127 2062 benemererentur3
1159 2013 1229 2063 qui
1257 2013 1466 2063 publicam
1485 2013 1711 2052 vtilitatem
1739 2014 1887 2052 libero-

211 2086 268 2117 115
287 2088 383 2113 rum
412 2077 640 2125 affectibus,
673 2078 759 2116 imo
788 2091 885 2117 suae
914 2092 1167 2129 suorumque
1199 2079 1490 2125 incolumitati,
1524 2080 1792 2129 praeferrent.
1854 2080 1888 2118 Ο

288 2154 364 2179 1105
391 2141 541 2190 feliceS,
569 2143 606 2180 si
635 2143 862 2182 Christiani
890 2144 1098 2194 principes
1126 2158 1222 2182 suae
1253 2144 1425 2194 quisque
1455 2144 1605 2182 ditioni
1633 2147 1888 2195 praestarent

288 2206 487 2254 animum,
525 2221 650 2257 quem
689 2208 886 2247 Octauius
919 2209 1004 2248 iam
1038 2209 1316 2258 confirmatus,
1354 2223 1478 2259 quem
1512 2209 1598 2248 Titi
1631 2210 1724 2258 duo,
1763 2224 1886 2260 quem

286 2271 498 2320 Traianus,
529 2286 653 2322 quem
680 2273 889 2312 Antonini
918 2274 1009 2322 duo,
1037 2288 1162 2324 quem
1190 2274 1387 2313 Aurelius
1415 2275 1662 2324 Alexander,
1691 2275 1782 2314 orbi
1811 2278 1887 2314 ter-

288 2350 428 2375 rarum
461 2338 759 2387 prestiterunt!
806 2340 918 2388 Quin
946 2340 1052 2379 illud
1081 2341 1209 2379 etiam
1238 2341 1488 2389 mirandum,
1522 2343 1706 2391 repertos
1734 2341 1807 2391 qui
1836 2342 1886 2380 ad

208 2413 269 2434 120
288 2402 580 2452 imperatorem
609 2403 659 2442 de
688 2404 1008 2454 imperatoribus
1041 2419 1126 2444 non
1159 2406 1295 2444 solum
1324 2406 1448 2444 libere
1473 2420 1619 2445 verum
1643 2407 1770 2445 etiam
1799 2420 1889 2445 con-

288 2469 507 2507 tumeliose
531 2469 708 2508 scribere
731 2471 945 2511 auderent.
1008 2472 1116 2510 Nam
1138 2472 1262 2510 hodie
1290 2472 1332 2509 id
1362 2472 1533 2521 quidam
1559 2472 1741 2522 exigunt,
1764 2474 1812 2511 vt
1838 2472 1888 2510 de

291 2534 618 2572 sceleratissimis
648 2548 809 2585 quoque
838 2536 1003 2586 regibus
1031 2537 1259 2576 honorifice
1288 2537 1529 2586 scribamus,
1562 2537 1604 2575 id
1634 2539 1802 2587 agentes
1835 2551 1888 2576 ne

330 2609 384 2648 89.
409 2621 474 2649 ‘17¹
499 2610 635 2641 deferat
652 2610 699 2644 B2.
811 2622 865 2651 91.
890 2611 942 2644 ὥς
968 2612 1013 2643 ad
1029 2612 1099 2643 huc
1116 2613 1159 2645 a¹.
1270 2623 1322 2652 92.
1349 2613 1533 2652 prebuisse
1548 2613 1603 2643 a²z
1626 2613 1823 2653 prestitisse
1840 2614 1883 2644 αἱ.

288 2661 339 2690 95.
364 2651 418 2683 12²:
443 2656 577 2692 queant
591 2654 633 2685 αἱ.
857 2656 909 2695 98.
937 2658 1060 2687 tamen
1076 2656 1128 2688 a²z
1153 2658 1194 2687 tsi
1210 2656 1254 2687 al.
1479 2667 1532 2696 99.
1559 2657 1745 2688 interdum
1763 2659 1837 2687 add.
1854 2669 1887 2697 γ.

293 2705 363 2725 102.
391 2697 515 2735 priscis
539 2700 613 2728 add.
637 2709 672 2737 γ.
839 2708 910 2738 105.
935 2699 1040 2730 Hanc
1057 2723 1065 2730 .
1083 2723 1091 2731 .
1108 2723 1115 2730 .
1137 2702 1208 2732 106.
1236 2700 1455 2731 studuerunt
1479 2703 1551 2731 add.
1574 2712 1608 2739 γ.
1635 2701 1758 2740 (vndis
1773 2711 1796 2739 γ
1811 2699 1886 2730 N22

290 2748 347 2768 om.
377 2739 422 2769 Ν1
452 2742 565 2778 Lond.)
781 2751 851 2781 114.
886 2741 923 2772 α2
940 2753 947 2772 :
985 2743 1262 2774 benemerentur
1291 2743 1337 2774 al.
1509 2744 1705 2775 vtilitatem
1737 2746 1812 2775 add.
1842 2743 1887 2774 σι’-ζ

292 2790 363 2821 117.
386 2792 493 2821 quem
508 2784 676 2815 Octauius
693 2808 700 2815 .
717 2808 727 2817 .
746 2809 754 2817 .
771 2785 843 2816 'riti
860 2786 930 2817 duo
942 2790 1017 2819 add.
1035 2799 1067 2827 γ.
1226 2797 1298 2818 121.
1321 2786 1428 2818 hodie
1445 2797 1503 2818 om.
1523 2799 1555 2827 γ.
1669 2787 1816 2827 quidam
1831 2787 1866 2817 α2
1880 2798 1887 2817 2

289 2827 397 2855 etiam
415 2826 457 2857 al.
594 2838 665 2858 122.
691 2829 975 2861 sceleratissimis
992 2842 1012 2860 α
1028 2841 1035 2861 :
1058 2831 1103 2860 iis
1119 2842 1152 2870 γ.
1245 2840 1386 2870 quoque
1401 2830 1435 2860 a2
1451 2842 1458 2861 z
1481 2831 1591 2862 etiam
1609 2830 1653 2861 al.
1744 2831 1886 2870 regibus

290 2879 327 2898 a:
353 2870 416 2907 qui
434 2870 647 2909 reipublicae
663 2873 923 2911 praestiterunt
939 2883 1014 2904 non
1030 2874 1212 2914 principes
1229 2875 1289 2905 sed
1307 2876 1480 2914 tyrannos
1496 2885 1529 2914 γ.
1628 2874 1827 2905 scribamus
1843 2886 1863 2903 α
1879 2885 1885 2904 :

290 2913 509 2942 mentiamur
523 2925 555 2950 Ὗ.

335 2990 387 3026 98.
416 2988 587 3030 Maronis]
600 2972 651 3021 jG.
672 3000 698 3020 1.
716 3001 790 3030 514.
1117 2993 1224 3024 titled
1247 2996 1420 3031 Corruptela
1432 2996 1613 3030 principum
1637 2994 1676 3025 in
1698 2994 1757 3025 his
1772 2993 1835 3024 life
1852 2992 1890 3024 of

339 3031 410 3062 108.
435 3032 624 3073 Vopiscus]
661 3034 724 3064 See
747 3035 810 3065 the
839 3036 974 3067 section
1000 3046 1057 3066 en-
1117 3037 1304 3077 Aurelian,
1323 3047 1357 3076 p.
1376 3046 1439 3076 405
1457 3037 1495 3068 of
1506 3037 1553 3071 5¹.
