2010 3417
222 1046 265 1077 60

224 2355 265 2386 80

284 152 363 193 274
748 149 998 188 LETTERS
1037 149 1106 187 OF
1144 148 1408 188 ERASMUS
1746 148 1868 202 [1516

287 262 337 300 εἷς
355 261 438 299 τοὺς
462 261 508 297 τὰ
527 260 646 297 πάντα
669 260 745 298 τοῖς
770 257 932 298 Ἰταλοῖς
951 257 1202 306 ἀπονέμοντας
1230 257 1343 297 οὕτως
1361 259 1408 297 ὡς
1424 257 1508 297 τοὺς
1528 258 1667 298 ἄλλους
1686 258 1872 297 Suo-oemul-

286 342 382 364 στως
396 324 564 374 ἅψασθαι
578 327 648 361 τῶν
663 324 786 373 λόγων
802 325 925 361 εἰπεῖν.
963 322 1025 371 Id,
1042 335 1137 360 oum
1149 322 1320 369 vacabit,
1338 322 1449 371 leges
1464 322 1605 360 Charta
1616 322 1867 371 duodecima,

284 389 355 427 vbi
370 402 536 427 causam
551 389 808 426 literatorum
830 388 963 426 obiter
974 401 1092 437 agere
1111 401 1274 437 quoquo
1294 387 1417 425 modo
1431 386 1588 426 videor.
1636 387 1715 426 Sed
1728 387 1772 426 id
1791 402 1871 428 me·

283 454 366 492 lius
386 453 525 491 charta
544 453 822 502 nonagesima,
845 453 918 492 Vbi
937 454 1077 491 contra
1096 453 1180 493 τοὺς
1200 452 1604 501 καταπολιτευομένους
1621 453 1686 491 τόν
1704 470 1744 491 τε
1762 454 1873 502 βασι·

282 520 354 558 λέα
377 519 436 556 καὶ
454 519 538 559 τοὺς
552 519 873 568 βασιλευομένους
890 519 973 559 τοὺς
992 522 1029 556 ἐν
1049 517 1230 567 ἀξιώματι
1249 518 1422 567 δηλονότι
1449 518 1586 555 taxare
1608 530 1694 556 non
1718 518 1873 558 veribus

283 597 388 623 sum.
422 584 667 633 Quanquam
681 583 780 621 haec
792 584 918 622 etiam
932 583 1008 621 tibi
1024 583 1132 621 haud
1145 596 1239 633 egre
1253 582 1498 631 remiserim,
1516 582 1552 620 si
1563 583 1685 621 modo
1700 585 1746 622 tu
1762 583 1874 622 char-

284 650 370 688 tam
389 649 658 687 centesimam
678 649 1035 698 quadragesimam
1055 650 1216 687 sextam
1236 647 1386 696 videas,
1408 649 1449 686 et
1467 647 1661 697 deinceps
1680 648 1730 687 ad
1746 648 1873 688 finem

282 728 411 764 vsque
426 713 524 753 libri
541 728 550 762 3
576 713 648 753 Vbi
660 715 744 752 iam
760 717 1021 762 φιλοσοφικῶς
1036 713 1221 752 obterere
1235 714 1302 762 τὴν
1316 714 1431 763 τύχην
1451 713 1515 750 καὶ
1534 713 1601 761 τὴν
1619 716 1746 752 πᾶσαν
1765 715 1876 763 αὐτῆς

283 780 433 830 δύναμιν
464 781 635 817 conatus
666 791 771 825 Sum,
801 779 1044 828 παράκλησίν
1069 795 1108 816 τε
1129 779 1188 815 καὶ
1213 778 1428 827 προτροπὴν
1455 778 1632 816 scribere
1659 781 1735 819 τοῖς
1758 796 1874 828 προσ·

281 846 454 895 τετηκόσι
472 848 519 895 τῇ
537 847 608 883 τῶν
627 845 750 896 λόγων
768 846 840 882 τῶν
860 845 1072 882 καλλίστων
1093 843 1251 894 σπουδῇ,
1272 845 1319 882 vt
1337 844 1463 881 istam
1478 842 1786 893 philosophiam
1805 845 1872 883 de-

281 910 417 949 decori
451 910 726 948 eximeremus
746 914 860 959 'quae
889 922 980 947 meo
1010 909 1181 947 nomine
1206 908 1315 946 male
1342 908 1456 946 audit
1471 922 1480 946 ε
1509 907 1568 946 ibi
1600 910 1647 946 tu
1676 909 1873 947 nonnihil

282 975 420 1014 simile
438 974 635 1022 inuenies,
660 974 756 1012 licet
776 974 918 1024 impar,
942 974 993 1012 iis
1012 987 1114 1024 quae
1134 973 1179 1012 in
1199 974 1283 1012 tuis
1303 973 1457 1013 Silenis
1476 973 1689 1023 scripsisti.
1750 973 1874 1013 Liber

281 1043 423 1080 tamen
443 1039 682 1090 propediem
701 1039 963 1089 imprimetur
983 1041 1025 1077 et
1044 1039 1205 1089 plenior
1226 1041 1267 1077 et
1286 1038 1552 1077 emendatior.
1623 1039 1740 1078 Tunc
1759 1039 1890 1078 enim·

282 1106 326 1144 in
346 1106 539 1144 manibus
558 1104 775 1152 habebam,
800 1118 895 1142 cum
914 1104 1013 1142 haec
1032 1104 1083 1142 ad
1104 1105 1145 1142 te
1171 1104 1403 1142 scriberem.
1460 1104 1516 1142 Vt
1540 1106 1680 1142 autem
1709 1106 1806 1154 opto
1832 1105 1874 1142 te

282 1171 437 1221 legisse,
454 1171 513 1209 ita
528 1184 551 1208 a
570 1172 616 1221 te
625 1170 703 1208 hoc
718 1171 853 1219 petere
865 1183 950 1208 non
963 1170 1109 1216 ausim,
1128 1182 1180 1208 ne
1192 1168 1407 1219 improbus
1420 1170 1492 1207 aut
1506 1168 1771 1219 importunus
1786 1181 1873 1208 esse

283 1236 407 1284 dicar,
426 1236 463 1275 Si
483 1236 560 1274 hoc
581 1234 861 1273 commiserim
881 1236 927 1273 Vt
955 1235 1027 1272 ἀπὸ
1050 1237 1121 1272 τῶν
1141 1235 1350 1273 σπουδαίων
1369 1252 1409 1272 τε
1432 1234 1491 1271 καὶ
1519 1236 1622 1284 ἱερῶν
1640 1236 1683 1272 te
1705 1247 1874 1273 auocare

281 1302 331 1340 ad
352 1314 465 1339 meas
477 1313 608 1351 nugas
622 1300 762 1338 videar
774 1300 1039 1338 incommodo
1055 1300 1315 1349 reipublicae.
1368 1299 1449 1338 Sed
1471 1299 1623 1338 scitum
1642 1300 1747 1338 illud
1764 1299 1874 1349 quod

250 1383 260 1388 ·
282 1366 386 1404 mihi
405 1365 647 1416 persuadere
667 1366 839 1404 conaris.
873 1365 1078 1413 Primum,
1101 1366 1252 1415 inquis,
1271 1365 1414 1404 videor
1433 1367 1504 1403 tua
1523 1365 1671 1416 legisse
1685 1365 1875 1404 eximias-

282 1445 361 1481 que
386 1431 546 1481 ingenii
573 1431 637 1470 tui
666 1430 781 1469 dotes
809 1443 1035 1480 agnoscere.
1108 1431 1196 1480 Ego
1215 1432 1262 1470 vt
1283 1431 1446 1469 credam
1465 1433 1508 1468 te
1528 1432 1669 1469 nostra
1688 1430 1838 1479 legisse
1851 1431 1871 1469 ?

281 1497 362 1535 nisi
381 1496 417 1535 si
443 1496 535 1546 quis
559 1495 785 1534 amicorum
805 1496 973 1534 tuorum
1000 1495 1043 1533 in
1068 1496 1325 1534 mentionem
1345 1495 1442 1533 libri
1461 1495 1572 1534 inter
1591 1495 1872 1539 ,fabulandum

281 1561 428 1600 incidit
447 1563 489 1599 et
506 1561 585 1599 tibi
604 1561 845 1611 ἅναγινώστης
863 1561 956 1599 fuit.

333 1627 465 1665 Venio
494 1627 545 1664 ad
566 1626 881 1677 λεπτολογήματα
902 1625 985 1673 illa,
1019 1626 1127 1676 quod
1159 1625 1337 1664 verbum
1374 1625 1512 1664 nescio
1542 1639 1720 1675 quonam
1751 1626 1874 1664 modo

281 1691 437 1730 calamo
463 1692 606 1729 nostro
628 1691 807 1738 excidit;
840 1691 953 1730 volui
976 1691 1089 1729 enim
1110 1692 1400 1743 συγγραμμάτια
1424 1708 1506 1729 τινα
1526 1690 1670 1739 dicere,
1693 1704 1798 1740 quae
1817 1693 1873 1729 ta-

282 1770 380 1796 men
399 1757 489 1807 ipsa
509 1756 728 1806 aliquando
740 1756 1136 1808 ψευδεπιγραφούμενα
1153 1756 1327 1805 posteris
1346 1756 1611 1803 videbuntur,
1629 1758 1675 1794 vt
1695 1756 1874 1806 ingenue

282 1825 419 1860 tecum
438 1835 569 1868 agam.
610 1822 664 1860 In
683 1822 748 1860 his
768 1835 876 1860 vnus
892 1822 995 1860 liber
1009 1823 1073 1860 est
1093 1821 1154 1859 De
1169 1822 1306 1871 Copia,
1326 1821 1397 1871 qui
1416 1834 1490 1859 nec
1509 1821 1620 1859 mihi
1638 1834 1714 1859 nec
1729 1821 1873 1860 multis

281 1890 324 1926 οὗ
342 1889 414 1926 τῶν
433 1888 616 1938 τυχόντων
643 1889 685 1925 et
709 1887 789 1925 tibi
814 1887 1045 1925 fauentium
1070 1888 1236 1925 tantum
1270 1887 1475 1925 sustinere
1498 1886 1672 1924 titulum
1694 1886 1872 1925 videtur.

283 1952 472 1991 Titulum
491 1966 590 1992 voco
610 1966 696 1991 non
715 1954 882 1991 tantum
902 1952 1073 2001 Copiam
1093 1952 1162 1990 sed
1176 1951 1305 1990 etiam
1323 1951 1556 1990 Erasmum.
1601 1952 1711 1990 Eum
1730 1953 1873 1990 tamen

225 2034 240 2045 ··
282 2020 322 2057 et
343 2018 498 2067 aliquot
518 2018 618 2056 alios
647 2031 732 2056 non
752 2017 974 2067 diligenter
994 2017 1086 2067 legi.
1135 2017 1215 2056 Sed
1241 2030 1336 2055 cum
1361 2017 1466 2055 alios
1490 2017 1539 2054 de
1564 2016 1630 2055 his
1658 2016 1873 2066 loquentes

282 2084 480 2130 audirem,
504 2084 590 2121 dixi
609 2083 821 2122 interdum
841 2096 908 2121 me
938 2084 984 2121 in
1003 2083 1177 2121 Erasmo
1192 2083 1379 2121 animum
1400 2085 1475 2122 τοῖς
1495 2085 1650 2131 ἀρκοῦσι
1666 2080 1870 2134 στέργοντα

283 2148 521 2197 desyderare
538 2163 547 2196 ;
578 2162 662 2186 non
683 2149 794 2186 enim
809 2148 908 2186 satis
927 2150 968 2186 te
989 2147 1183 2186 habuisse
1198 2147 1335 2186 videri
1354 2150 1394 2186 et
1415 2160 1502 2186 esse
1524 2147 1767 2197 πολυΐστορα,
1788 2147 1872 2186 nisi

283 2214 408 2252 etiam
439 2214 683 2265 πολυγράφος
710 2214 916 2252 viderere:
946 2213 989 2251 id
1018 2213 1124 2251 mihi
1152 2213 1285 2251 videri
1313 2212 1495 2251 obfuisse
1524 2215 1600 2252 τοῖς
1619 2213 1786 2261 νοήμασί
1802 2229 1872 2251 σου

282 2282 358 2319 τοῖς
376 2280 534 2328 μείζοσι.
607 2278 861 2317 Huiusmodi
887 2280 986 2316 sunt
1017 2279 1248 2327 Παραβολαὶ
1267 2280 1307 2316 et
1331 2278 1531 2328 quaedam
1559 2290 1583 2315 a
1611 2279 1651 2315 te
1679 2278 1869 2316 traducta

282 2344 409 2382 etiam
437 2357 486 2382 ex
516 2357 595 2394 quo
626 2344 803 2382 maiores
827 2343 998 2392 spiritus
1027 2343 1246 2391 sustulisti,
1269 2356 1372 2392 quae
1399 2356 1472 2392 per
1500 2355 1543 2380 se
1572 2342 1762 2381 estimata
1786 2356 1875 2382 non

283 2411 422 2447 carent
450 2409 712 2457 indicatione,
737 2409 807 2447 sed
839 2422 934 2446 cum
967 2408 1056 2457 ipsa
1093 2422 1143 2446 ex
1175 2408 1277 2447 locis
1311 2408 1603 2446 communibus
1631 2408 1867 2458 sumpseris,

284 2474 557 2524 praeripuisse
579 2488 625 2513 ea
639 2476 716 2514 τοῖς
735 2475 869 2523 ἥττοσι
889 2474 1055 2512 videris.
1088 2474 1144 2512 Te
1163 2474 1277 2512 enim
1296 2475 1337 2512 et
1355 2472 1477 2511 istius
1505 2474 1627 2511 notae
1650 2473 1871 2522 scriptores

287 2544 325 2578 ἐκ
361 2542 434 2579 τῶν
467 2541 656 2590 ἐξαιρέτων
686 2540 745 2578 καὶ
764 2539 1015 2590 ὑπερεχόντων
1034 2553 1197 2578 sumere
1217 2540 1515 2588 argumentum
1530 2538 1664 2577 laudis
1691 2551 1766 2588 par
1785 2552 1870 2578 esse

282 2606 554 2646 existimatur.

327 2717 380 2755 48.
406 2715 502 2747 οὕτως
518 2740 525 2747 .
543 2740 551 2748 .
570 2739 578 2748 .
596 2727 648 2755 49.
665 2717 758 2756 leges
774 2719 851 2747 aad.
867 2718 900 2751 β.
1017 2726 1068 2754 52.
1098 2718 1217 2746 taxare
1236 2718 1272 2746 C:
1299 2714 1512 2754 compellare
1528 2716 1561 2748 β.
1682 2723 1737 2754 55.
1762 2723 1870 2753 vsque

284 2763 360 2791 add.
378 2761 412 2794 β.
584 2770 635 2799 57.
659 2760 715 2798 τῆς
734 2785 740 2791 .
760 2783 767 2790 .
788 2785 795 2791 .
815 2759 951 2798 σπουδῆς
965 2761 998 2794 β.
1166 2769 1218 2798 59.
1243 2759 1327 2790 licet
1344 2759 1462 2797 impar
1477 2761 1551 2789 add.
1570 2759 1603 2792 β.
1757 2760 1809 2795 63.
1834 2758 1869 2788 te

284 2805 355 2833 add.
373 2805 406 2837 β.
550 2805 602 2842 65.
628 2804 749 2843 inquis
764 2803 808 2833 N³
818 2806 889 2834 LB:
917 2804 1037 2842 inquit
1056 2805 1078 2832 G
1090 2805 1186 2834 Lond.
1333 2812 1381 2840 71.
1410 2804 1479 2836 CB:
1504 2799 1817 2843 ψευδεπιγραφόμενα
1833 2803 1870 2831 F.

286 2855 338 2885 75.
362 2856 433 2877 non
451 2850 523 2877 add.
541 2847 584 2877 0².
717 2849 770 2878 81.
796 2847 847 2877 0²:
872 2847 1088 2878 iudicatione
1107 2846 1151 2877 0¹.

328 2959 380 2987 60.
399 2958 644 2999 imprimetur]
669 2958 743 2988 The
760 2958 889 2988 second
907 2957 1043 2988 edition
1113 2956 1247 2987 Badius
1271 2966 1318 2986 on
1345 2965 1381 2995 14
1407 2956 1480 2987 Oct.
1511 2954 1602 2993 1516.

287 3000 325 3030 of
359 3000 420 3030 the
457 3004 500 3031 Dc
537 3004 615 3032 Asse
653 3011 725 3032 was
762 3001 961 3041 completed
998 3001 1043 3039 by
1157 3001 1209 3038 65.
1230 2998 1410 3039 Primum]
1435 2998 1498 3037 Ep.
1520 3007 1591 3035 421.
1615 3006 1663 3036 19,
1684 3005 1736 3027 20.
