2010 3417
241 143 319 180 312
704 140 953 178 LETTERS
991 139 1061 178 OF
1098 139 1364 179 ERASMUS
1707 138 1831 193 [1516

161 265 223 298 750
242 249 441 300 quaedam
487 261 589 298 quae
635 248 820 286 fortassis
866 248 916 285 ad
963 247 1266 286 conficiendum
1314 248 1499 297 diploma
1541 249 1831 299 requirentur3

242 314 402 364 signaui
436 316 575 351 autem
607 313 774 361 notulis,
808 326 910 363 quas
943 312 1143 362 proximis
1176 313 1309 351 literis
1341 313 1393 352 ad
1425 315 1466 351 te
1498 313 1607 360 misi,
1645 327 1721 352 nec
1759 315 1834 354 has

242 382 379 417 tamen
406 378 516 428 leges
544 378 627 416 nisi
653 378 839 416 chartam
867 378 1012 427 prunis
1037 377 1283 416 admoueris.
1342 378 1424 416 Per
1442 378 1554 417 hunc
1573 379 1833 418 veredarium

241 445 408 493 expecto
441 457 684 493 responsum
721 442 922 492 (haerebit
957 443 1071 482 enim
1109 443 1264 482 Romae
1297 443 1443 482 diebus
1477 443 1730 494 quindecim)
1763 446 1836 483 aut

243 510 348 547 certe
377 522 450 558 per
478 508 728 558 proximum.
785 508 901 546 Bene
929 509 1033 548 vale.

436 605 704 635 LAMBERTVS
734 605 964 636 GRVNNIVS
996 607 1176 637 ERASMO
1207 606 1514 636 ROTERODAMO
1544 606 1577 637 S.
1604 606 1646 635 D.

165 686 222 718 755
296 675 474 713 NVLLVM
502 688 687 725 vnquam
716 675 947 724 negocium,
970 677 1140 716 Erasme
1170 676 1421 723 charissime,
1451 676 1610 725 suscepi
1638 675 1838 714 libentius

243 753 367 791 quam
405 740 513 790 quod
551 740 658 778 mihi
695 740 903 789 delegasti,
939 743 979 780 et
1013 742 1085 780 vix
1118 741 1230 780 aliud
1270 741 1426 780 confeci
1458 742 1591 792 magis
1623 754 1674 779 ex
1707 739 1839 779 animi

244 806 474 853 sententia;
504 817 603 844 nam
630 819 697 844 me
724 818 808 844 non
834 807 1005 856 perinde
1033 806 1166 845 mouit
1185 809 1258 845 tua
1278 806 1471 855 amicitia,
1495 806 1562 845 cui
1581 820 1680 845 sane
1700 806 1838 844 tribuo

245 870 484 921 plurimum,
518 872 642 920 atque
676 870 877 909 Florentii
910 871 1081 922 indigna
1114 871 1338 910 calamitas.
1399 871 1630 921 Epistolam
1664 874 1782 910 tuam
1816 884 1839 909 a

244 936 376 986 capite
389 949 518 986 vsque
538 936 587 974 ad
609 935 761 974 calcem
781 936 938 986 perlegi
958 950 1124 976 summo
1146 937 1354 985 Pontifici,
1374 936 1662 975 Cardinalibus
1682 936 1841 986 aliquot

166 1003 227 1044 760
243 1014 289 1040 ac
317 1000 594 1040 summatibus
622 1000 723 1039 viris
748 1001 1046 1050 praesentibus.
1106 1001 1381 1041 Beatissimus
1403 1003 1529 1052 pater,
1558 1003 1606 1041 vt
1633 1002 1743 1053 stylo
1769 1004 1840 1039 tuo

245 1066 360 1104 visus
388 1068 452 1104 est
476 1065 598 1105 vnice
624 1065 829 1114 delectari,
852 1067 910 1106 ita
939 1068 1010 1106 vix
1039 1068 1178 1106 credas
1207 1080 1330 1118 quam
1356 1066 1616 1105 incanduerit
1642 1067 1842 1104 aduersus

245 1131 348 1169 istos
380 1144 475 1170 vere
512 1130 744 1180 plagiarios
805 1131 913 1170 Nam
948 1146 1026 1182 quo
1059 1133 1192 1182 magis
1224 1133 1336 1172 fauet
1378 1145 1498 1171 verae
1530 1132 1685 1182 pietati,
1722 1133 1841 1170 131110

245 1196 378 1246 magis
415 1196 539 1234 habet
576 1195 735 1234 inuisos
773 1197 875 1236 istos
911 1198 983 1247 qui
1016 1199 1222 1237 mundum
1256 1198 1434 1248 implent
1468 1200 1540 1236 aut
1576 1196 1739 1235 miseris
1772 1197 1844 1236 aut

245 1261 367 1300 malis
414 1261 636 1309 monachis,
686 1274 771 1299 non
818 1263 906 1301 sine
952 1263 1071 1313 graui
1119 1264 1273 1302 iactura
1321 1263 1578 1302 Christianae
1619 1262 1842 1312 religionis.

168 1330 227 1372 765
250 1327 579 1376 ‘Spontaneam'
599 1326 747 1377 inquit,
777 1327 997 1377 ‘pietatem
1023 1331 1135 1367 amat
1164 1329 1365 1377 Christus,
1388 1341 1474 1366 non
1501 1327 1710 1377 ergastula
1728 1340 1843 1366 man-

246 1391 472 1442 cipiorum?
534 1392 665 1430 Iussit
702 1392 886 1442 diploma
924 1394 1115 1443 protinus
1153 1394 1346 1444 expediri,
1388 1393 1511 1443 idque
1548 1394 1687 1443 gratis.
1755 1393 1844 1443 Ego

246 1459 387 1495 tamen
415 1456 559 1494 scribis
587 1469 632 1494 ac
659 1458 830 1496 notariis
858 1459 951 1497 dedi
977 1459 1145 1498 ducatos
1174 1460 1285 1507 treis,
1311 1472 1391 1509 quo
1417 1459 1591 1497 celerius
1617 1457 1844 1497 auferrem:

247 1522 359 1560 nosti
386 1521 463 1559 hoc
491 1521 728 1560 famelicum
757 1536 898 1572 genus,
927 1524 1033 1562 velis
1062 1525 1184 1573 nolis,
1215 1524 1373 1574 aliquot
1403 1524 1492 1562 offis
1519 1519 1710 1572 placandi
1729 1525 1839 1561 sunt.

248 1587 494 1626 Veredarius
519 1600 592 1637 per
621 1601 744 1638 quem
772 1589 1004 1639 scripseras,
1029 1590 1246 1640 Neapolim
1267 1589 1364 1628 hinc
1384 1589 1597 1639 profectus
1614 1589 1845 1627 affirmabat

171 1665 231 1698 770
250 1665 292 1690 se
320 1651 396 1691 hac
424 1652 667 1691 rediturum.
728 1653 835 1701 Quid
865 1655 1056 1693 acciderit
1087 1655 1249 1703 nesci0;
1284 1668 1368 1693 non
1399 1654 1531 1694 rediit.
1593 1653 1677 1692 Hic
1705 1655 1845 1692 tamen

248 1718 513 1756 commodum
542 1731 628 1756 sese
658 1718 820 1767 obtulit,
853 1720 980 1759 altero
1010 1720 1054 1758 ni
1083 1721 1206 1759 fallor
1233 1720 1447 1770 aliquanto
1477 1719 1636 1768 certior,
1668 1719 1740 1768 qui
1767 1719 1846 1757 tibi

249 1782 432 1832 diploma
459 1794 554 1821 cum
584 1784 808 1833 exemplari
837 1787 876 1823 et
906 1785 1207 1835 subscriptione
1237 1785 1453 1823 Pontificis
1479 1784 1633 1823 reddet.
1693 1784 1846 1823 Pactus
1886 1775 1891 1777 ‚

250 1861 343 1885 sum
372 1861 464 1886 cum
496 1847 569 1886 illo
599 1849 816 1888 dimidiato
847 1851 1003 1900 ducato,
1034 1864 1109 1889 nec
1138 1851 1255 1890 dabis
1284 1850 1475 1900 amplius.
1536 1850 1645 1888 Bene
1674 1850 1773 1897 vale,
1804 1852 1846 1888 et

252 1912 511 1952 Florentium
548 1913 630 1952 iam
676 1914 782 1953 mihi
824 1917 962 1954 tecum
1005 1929 1271 1955 communem
1309 1929 1401 1954 11100
1439 1915 1610 1954 1101111110
1647 1915 1847 1954 salutabis

173 1990 232 2022 775
252 1979 450 2016 amanter.
507 1978 663 2018 Datum
692 1980 857 2019 Romae.

489 2088 586 2127 448.
648 2087 683 2127 F
686 2098 779 2129 ROM
811 2088 937 2129 JOHN
970 2088 1132 2129 SIXTIN
1163 2099 1218 2130 To
1249 2088 1401 2129 PETER
1433 2088 1614 2128 GILLEs.

299 2164 485 2200 Deventer
502 2165 577 2200 MS.
596 2176 652 2210 91,
671 2167 696 2201 f.
719 2176 783 2212 152
802 2172 850 2203 v0.
1491 2165 1712 2212 <Lond0n.>

301 2222 371 2257 LB.
393 2224 488 2268 App.
506 2232 585 2269 495.
1416 2235 1458 2260 12
1475 2224 1622 2268 August
1643 2223 1800 2271 (1516).

299 2292 401 2332 [This
420 2292 529 2323 letter
544 2303 626 2334 may
644 2294 687 2325 be
710 2295 880 2326 included
904 2296 1002 2336 here,
1022 2305 1059 2326 as
1076 2296 1105 2326 it
1124 2296 1155 2326 is
1179 2295 1291 2326 found
1317 2296 1355 2325 in
1377 2295 1439 2326 the
1463 2294 1644 2325 Deventer
1664 2294 1764 2325 book.
1809 2294 1847 2325 It

256 2338 351 2366 must
372 2336 413 2366 be
430 2336 553 2375 placed
578 2338 617 2367 in
637 2340 729 2378 1516,
748 2340 845 2370 since
863 2340 901 2370 in
919 2349 964 2370 no
982 2339 1085 2370 other
1099 2349 1183 2378 year
1208 2339 1270 2370 did
1296 2339 1464 2369 Erasmus
1481 2340 1609 2368 return
1625 2340 1662 2368 to
1678 2338 1740 2368 the
1756 2337 1847 2368 Gon-

256 2380 378 2454 tingnt
394 2381 432 2410 in
452 2380 602 2465 Augtislt.
651 2382 670 2412 1
691 2382 781 2413 have
797 2392 843 2414 110
860 2384 936 2414 clue
958 2385 994 2413 to
1019 2383 1172 2413 Sixtin's
1196 2383 1370 2423 business,
1390 2383 1426 2413 10
1441 2381 1563 2412 which
1587 2382 1759 2412 Erasmus
1774 2391 1848 2412 was

257 2426 292 2453 to
332 2433 351 2454 e
367 2433 386 2453 a
401 2424 558 2455 witness

523 2500 582 2532 IO.
608 2501 816 2532 SIXTINVS
847 2502 1117 2534 DOCTISSIMO
1148 2502 1290 2532 PETRO
1322 2501 1513 2532 AEGIDIO
1546 2501 1579 2531 S.

310 2569 542 2617 QVANQVAM
569 2584 730 2610 nouum
757 2573 925 2611 nullum
949 2574 999 2611 ad
1027 2575 1069 2611 te
1096 2572 1304 2611 scribendi
1329 2574 1623 2622 argumentum
1651 2573 1724 2619 est,
1754 2583 1849 2609 cum

255 2635 356 2672 satis
375 2635 539 2674 abunde
558 2650 631 2685 per
650 2636 825 2676 Petrum
854 2638 1123 2677 monoculum
1143 2638 1404 2676 voluntatem
1423 2637 1500 2675 tibi
1518 2650 1657 2675 meam
1677 2635 1850 2686 epistola

258 2700 433 2749 quadam
453 2700 671 2750 declaraui,
689 2703 837 2742 deinde
852 2704 1015 2742 cuidam
1032 2703 1323 2742 Machliniensi
1338 2702 1512 2741 alteram
1531 2702 1581 2739 ad
1601 2704 1642 2740 te
1662 2700 1848 2750 proxime

302 2788 377 2818 447.
391 2788 462 2827 767.
476 2788 620 2819 ducatos
630 2788 734 2829 treis]
748 2789 801 2820 On
814 2800 835 2829 9
846 2790 925 2821 Feb.
939 2799 1019 2828 1517
1089 2789 1241 2820 suffered
1258 2790 1297 2819 in
1313 2789 1376 2819 the
1399 2789 1527 2819 Cotton
1542 2787 1605 2818 fire
1621 2799 1628 2818 :
1651 2787 1726 2827 but,
1745 2796 1782 2817 so
1795 2785 1850 2816 far

259 2830 354 2869 Gigli
407 2833 517 2862 wrote
566 2833 603 2862 to
647 2833 862 2864 Ammonius
917 2834 1018 2871 (Brit.
1088 2843 1126 2864 as
1142 2833 1161 2864 I
1178 2843 1244 2864 can
1262 2834 1439 2872 interpret
1456 2833 1496 2872 it,
1516 2840 1640 2862 means
1656 2830 1737 2860 that
1753 2829 1847 2868 Gigli

260 2873 421 2904 Museum
453 2875 524 2906 MS.
553 2875 627 2907 vit,
658 2876 697 2907 B.
728 2876 781 2916 iii,
812 2876 837 2907 f.
869 2877 934 2907 208
960 2880 1019 2916 v⁰3
1088 2877 1159 2907 had
1180 2878 1285 2916 spent
1303 2886 1344 2906 20
1361 2876 1494 2914 ducats,
1512 2876 1672 2905 whereas
1690 2872 1847 2911 through

260 2916 404 2946 Brewer
426 2918 462 2948 ii.
488 2919 589 2958 2895)
613 2919 789 2959 detailing
810 2919 868 2950 his
891 2930 1018 2960 expen-
1088 2921 1150 2951 the
1164 2920 1334 2959 ordinary
1345 2919 1517 2949 channels
1527 2918 1589 2949 the
1601 2915 1848 2956 dispensation

261 2958 380 3006 diture
402 2970 447 2990 on
469 2961 647 2993 Erasmus·
668 2963 799 2994 behalf.
846 2964 918 2994 The
944 2964 1015 2994 MS.
1088 2962 1207 2995 would
1223 2964 1313 2994 have
1329 2964 1402 2993 eost
1417 2971 1494 3001 30⁰·

262 3011 291 3031 is
308 3011 353 3031 an
370 3004 530 3042 original,
546 3005 679 3045 hastily
696 3007 851 3046 written,
866 3007 937 3037 and
953 3008 1018 3038 has
1131 3007 1204 3038 448.
1229 3016 1258 3037 2.
1285 3004 1452 3046 epistola]
1469 3006 1547 3035 sent
1563 3003 1655 3035 with
1672 3003 1737 3042 Ep.
1754 3010 1828 3041 430.
