2010 3417
149 290 208 321 162

153 615 206 656 165

151 1281 208 1312 ¹20

153 1598 213 1626 ¹80

158 2260 219 2292 190

226 172 306 213 584
692 166 941 206 LETTERS
979 166 1048 204 OF
1086 165 1352 204 ERASMUS
1697 162 1820 218 [1517

227 283 335 321 vices
368 292 586 329 capessere,
621 291 714 316 cum
745 278 808 314 tot
838 275 1040 325 exemplis
1071 274 1313 313 didicissent
1345 273 1496 323 quibus
1525 273 1686 323 legibus
1716 277 1822 313 esset

227 346 544 395 suscipiendum.
605 344 659 382 Et
678 343 757 381 hoc
776 341 947 380 honoris
966 341 1024 379 sic
1043 340 1273 388 venditum,
1289 339 1375 378 imo
1392 338 1586 387 locatum,
1600 339 1823 388 imperium

226 411 439 451 vocabant.
497 410 530 447 O
561 409 759 447 miserum
785 420 830 445 ac
857 406 1156 456 deplorandum
1183 405 1353 443 illorum
1379 406 1616 454 temporum
1641 406 1824 444 statum!

228 478 429 526 Oppressa
441 476 610 512 senatus
625 472 857 519 autoritate,
873 471 1081 521 oppressis
1091 471 1265 520 legibus,
1281 482 1472 520 oppressa
1484 470 1629 520 populi
1645 470 1824 508 Romani

228 541 428 590 libertate,
451 540 509 578 sic
538 541 670 577 creato
698 537 878 588 principi
907 536 1114 575 seruiebat
1142 535 1264 584 orbis,
1286 535 1477 586 princeps
1502 535 1591 585 ipse
1619 534 1825 574 seruiebat

230 607 278 645 iis
304 606 470 656 qualem
496 618 620 643 nemo
640 605 706 642 vir
729 602 883 653 probus
909 602 1024 640 domi
1040 601 1168 640 vellet
1187 600 1339 639 habere
1359 614 1539 640 seruum.
1598 600 1824 650 Imperato-

227 685 314 710 rem
347 671 521 710 timebat
556 671 735 717 senatus,
775 668 1002 717 imperator
1035 667 1253 705 scelestam
1286 666 1405 704 illam
1437 666 1624 705 militum
1657 665 1824 704 turbam

228 737 500 775 formidabat:
541 736 764 785 imperator
802 733 913 783 leges
947 732 1069 771 dabat
1102 732 1281 782 regibus,
1316 733 1359 770 at
1393 731 1490 769 huic
1522 731 1634 782 leges
1669 731 1824 770 dabant

225 801 471 840 conducticii
489 801 656 839 milites.
718 800 891 838 Summa
910 811 1049 836 rerum
1069 797 1180 835 orbis
1203 797 1255 835 ab
1281 798 1439 835 armata
1456 810 1682 847 paucorum
1700 799 1827 836 teme-

224 869 345 906 ritate
360 867 577 918 pendebat.
627 866 661 903 Ο
678 864 943 915 magnificam
958 865 998 901 et
1014 862 1289 912 exoptandam
1304 862 1501 901 omnibus
1515 862 1799 900 monarchiam
1814 863 1826 900 1

226 934 281 972 Et
311 935 453 971 tamen
484 932 622 970 nescio
654 943 735 981 quo
764 932 883 979 pacto
916 929 1033 967 velut
1063 941 1113 966 ex
1145 929 1375 977 composito
1407 927 1681 966 conueniebat
1714 928 1825 965 inter

226 999 414 1038 Caesares
446 1000 488 1036 et
521 996 678 1035 milites
707 996 928 1035 Caesarum
957 994 1160 1040 dominos,
1195 1006 1297 1043 quos
1324 993 1503 1043 legimus
1533 992 1754 1043 aliquoties
1782 1006 1826 1031 se

227 1064 422 1102 decimari
439 1076 581 1113 passos
599 1062 651 1100 ab
668 1061 722 1099 iis
741 1073 844 1110 quos
863 1072 960 1098 mox
984 1061 1102 1098 erant
1129 1072 1204 1097 suo
1229 1059 1427 1097 arbitratu
1447 1058 1686 1108 iugulaturi,
1709 1058 1826 1107 quasi

226 1130 335 1168 vices
355 1129 535 1167 alternas
554 1128 664 1166 inter
685 1140 729 1165 se
748 1125 870 1176 pacti,
893 1124 1139 1163 dominandi
1158 1137 1203 1162 ac
1224 1124 1446 1162 seruiendi.

281 1195 376 1232 Non
401 1194 500 1232 haec
526 1207 572 1232 eo
598 1193 795 1231 dicuntur
812 1193 860 1230 vt
884 1190 1155 1240 persuadeam
1175 1189 1441 1240 illegitimam
1460 1189 1586 1227 fuisse
1606 1189 1827 1228 Caesarum

171 1280 206 1288 --
228 1260 468 1311 potentiam,
502 1272 632 1309 quum
665 1258 709 1295 vi
741 1257 911 1306 iureque
941 1255 1041 1294 belli
1070 1258 1191 1305 atque
1224 1255 1351 1293 etiam
1385 1255 1537 1293 scelere
1566 1256 1686 1304 parta
1722 1252 1827 1291 ditio

227 1325 427 1376 paulatim
447 1337 650 1363 consensu
665 1321 951 1360 multitudinis
972 1321 1180 1360 radicibus
1199 1321 1302 1359 actis
1314 1321 1386 1359 fiat
1409 1320 1606 1370 legitima.
1654 1318 1826 1368 Alioqui

229 1393 265 1430 si
291 1391 386 1442 quis
407 1391 458 1428 ab
478 1389 675 1428 extremis
693 1387 827 1426 initiis
851 1388 1009 1436 repetat
1028 1386 1239 1424 ditionum
1267 1386 1456 1436 origines,
1479 1398 1629 1436 paucas
1652 1384 1827 1435 reperiat

229 1456 413 1506 legitime
432 1458 559 1494 natas.
619 1454 781 1492 Scitum
803 1454 867 1491 est
891 1451 996 1490 illud
1023 1452 1186 1490 Octauii
1205 1452 1254 1490 de
1274 1452 1440 1500 Catone,
1464 1452 1544 1500 Qui
1561 1465 1647 1489 non
1671 1450 1829 1501 patitur

230 1522 384 1560 mutari
403 1523 660 1571 praesentem
680 1518 927 1568 reipublicae
947 1519 1116 1565 statum,
1140 1517 1176 1554 is
1195 1516 1302 1555 mihi
1320 1519 1361 1555 et
1381 1517 1446 1555 vir
1465 1516 1600 1555 bonus
1626 1518 1668 1554 et
1693 1516 1829 1554 bonus

231 1588 332 1626 ciuis
343 1587 521 1625 videtur.
551 1586 673 1624 Tecte
688 1584 899 1622 confessus
917 1584 981 1621 est
995 1582 1155 1620 Iulium
1169 1595 1243 1631 per
1261 1582 1418 1632 nephas
1434 1594 1647 1631 occupasse
1667 1593 1827 1619 monar-

231 1653 377 1700 chiam,
394 1665 479 1690 non
499 1653 683 1700 oportere
701 1652 844 1687 tamen
865 1648 950 1686 iam
969 1650 1169 1686 nouatum
1187 1650 1229 1686 et
1251 1647 1563 1686 constabilitum
1582 1645 1829 1696 reipublicae

232 1721 386 1757 statum
405 1718 540 1756 denuo
559 1714 717 1754 nouari.
770 1714 879 1753 Satis
894 1714 1054 1751 constat
1069 1713 1236 1751 nullum
1254 1713 1480 1762 imperium
1499 1725 1634 1762 neque
1648 1710 1829 1761 patuisse

232 1784 356 1823 latius
388 1794 521 1832 neque
553 1781 756 1819 mansisse
790 1779 946 1817 diutius
976 1791 1102 1828 quam
1136 1779 1445 1817 Romanorum:
1485 1790 1724 1828 quanquam
1751 1776 1829 1814 hoe

233 1849 453 1899 imperium
482 1847 677 1898 primitus
703 1858 830 1895 penes
855 1847 1048 1883 senatum
1073 1858 1118 1883 ac
1143 1844 1345 1894 populum
1370 1845 1467 1893 erat,
1490 1856 1566 1882 nec
1594 1842 1734 1881 subito
1759 1842 1829 1881 sed

202 1933 211 1938 -
232 1915 432 1965 paulatim
460 1913 510 1951 ad
537 1925 668 1951 vnum
693 1924 861 1950 summa
886 1923 1026 1949 rerum
1051 1912 1226 1948 attracta
1250 1912 1324 1948 est.
1383 1909 1469 1947 Nec
1494 1910 1664 1947 senatus
1688 1910 1831 1947 tamen

233 1994 305 2018 nec
334 1979 634 2029 imperatorum
664 1977 883 2027 quisquam
909 1976 1037 2015 totius
1062 1975 1175 2014 orbis
1202 1975 1487 2014 monarchiam
1516 1974 1663 2012 tenuit.
1722 1973 1830 2012 Nam

234 2047 520 2095 praeterquam
550 2043 658 2093 quod
687 2043 845 2092 aliquot
869 2044 981 2080 totae
1005 2042 1192 2091 regiones
1220 2053 1437 2090 nunquam
1467 2041 1727 2089 agnouerunt
1754 2039 1831 2077 Ro-

235 2124 407 2149 manum
437 2110 669 2159 imperium,
701 2121 787 2146 non
815 2108 992 2145 minima
1019 2120 1113 2157 pars
1141 2107 1252 2145 orbis
1279 2108 1371 2144 tum
1402 2107 1489 2143 erat
1518 2104 1671 2154 ignota,
1703 2117 1831 2154 quum

236 2176 490 2227 prodigiosae
509 2174 709 2214 vanitatis
727 2174 948 2212 haberetur
965 2172 1212 2222 antipodum
1231 2171 1402 2220 mentio,
1426 2173 1466 2209 et
1485 2171 1592 2208 terra
1615 2170 1673 2208 sic
1700 2170 1831 2207 crede—

237 2245 349 2281 retur
377 2241 564 2280 innatare
599 2240 771 2287 Oceano,
805 2238 1155 2288 quemadmodum
1186 2238 1223 2276 si
1251 2237 1338 2287 pila
1366 2237 1529 2274 innatet
1559 2249 1697 2286 aquae,
1731 2235 1830 2273 colle

238 2308 402 2346 tantum
427 2306 565 2355 aliquo
590 2305 875 2355 prominente:
911 2304 1086 2353 denique
1116 2316 1246 2353 quum
1268 2302 1390 2341 hodie
1413 2301 1674 2352 reperiantur
1701 2303 1832 2339 terrae

239 2371 481 2422 incognitae,
504 2384 679 2421 quarum
698 2370 904 2408 terminos
925 2369 1068 2407 nullus
1090 2369 1224 2406 adhuc
1242 2368 1517 2418 peruestigare
1534 2367 1684 2417 potuit,
1704 2378 1834 2416 quum

240 2441 495 2487 compertum
525 2437 580 2475 sit
607 2450 675 2475 eas
704 2449 791 2474 esse
820 2436 1051 2473 immensae
1072 2433 1288 2472 vastitatis.
1349 2433 1428 2471 Sed
1459 2432 1627 2482 imperii
1655 2430 1835 2470 Romani

241 2504 432 2542 maiestas
446 2503 649 2552 paulatim
669 2501 721 2540 ad
739 2501 1010 2551 Euangelicae
1033 2500 1137 2538 lueis
1159 2499 1374 2549 fulgorem,
1395 2499 1528 2537 veluti
1547 2499 1647 2537 luna
1666 2498 1716 2535 ad
1736 2496 1834 2535 solis

167 2587 224 2619 ¹95
243 2569 512 2619 splendorem,
532 2568 727 2617 elanguit.
761 2567 949 2604 Tandem
962 2566 1230 2604 barbarorum
1242 2564 1588 2603 inundationibus
1603 2563 1835 2602 extinctum

246 2638 317 2673 est.
340 2647 385 2672 ac
404 2634 549 2672 multis
568 2635 661 2683 post
680 2632 828 2670 seculis
847 2632 1027 2670 Romani
1045 2630 1269 2669 Pontifices
1288 2630 1568 2677 restituerunt,
1590 2629 1661 2667 sed
1681 2642 1836 2666 nomen

246 2700 381 2737 verius
402 2712 527 2748 quam
554 2711 654 2737 rem.
715 2698 824 2746 Quid
849 2697 962 2736 enim
985 2697 1097 2735 aliud
1123 2697 1381 2746 potuerunt?
1436 2695 1553 2734 Certe
1573 2694 1753 2744 eligendi
1771 2695 1836 2732 ius

247 2779 269 2803 a
298 2764 569 2802 tumultuario
599 2764 734 2801 milite
762 2764 812 2802 ad
842 2764 975 2801 certos
1003 2762 1212 2811 principes
1240 2763 1347 2799 recte
1376 2760 1624 2799 translatum
1656 2761 1730 2807 est,
1763 2759 1837 2808 qui

296 2859 363 2888 161.
388 2856 440 2886 ὥς
466 2857 734 2896 suspiciendum
750 2857 791 2888 α’.
925 2865 995 2894 171.
1020 2854 1075 2886 11²⁷:
1101 2854 1290 2886 Caesareas
1306 2853 1350 2885 al.
1488 2863 1559 2893 173.
1586 2863 1626 2884 ac
1641 2863 1706 2892 ‘²7²
1730 2854 1766 2883 et
1783 2852 1835 2886 8².

256 2911 323 2938 174.
364 2901 442 2930 Non
466 2901 552 2931 haec
579 2926 586 2932 .
613 2923 622 2931 .
656 2925 662 2932 .
695 2910 768 2931 210.
814 2901 913 2930 abest
939 2902 977 2930 vt
1004 2910 1048 2939 ’γι
1086 2898 1164 2929 Hec
1192 2907 1274 2929 cum
1301 2898 1353 2927 ita
1382 2897 1700 2935 habeant—neque
1731 2896 1833 2926 enim

253 2945 371 2982 negari
402 2945 575 2982 potest—‚
600 2943 692 2974 illud
716 2945 852 2983 oportet
878 2943 1089 2983 expendere,
1119 2951 1208 2972 num
1230 2941 1409 2972 eiusmodi
1432 2941 1481 2971 sit
1508 2940 1610 2971 nobis
1634 2939 1834 2979 optandum

252 2987 451 3025 imperium,
476 2987 505 3015 si
530 2987 601 3017 iam
626 2987 711 3017 olim
736 2988 933 3017 obsoletum
959 2986 1029 3023 (11²2
1062 2986 1262 3016 absoletum
1292 2983 1341 3025 αἶ)
1369 2984 1464 3015 votis
1494 2984 1601 3014 liceat
1631 2983 1831 3014 restituere.

252 3029 350 3068 Quod
367 3031 397 3059 si
414 3039 521 3059 nemo
537 3039 643 3060 sanus
660 3032 846 3070 optaturus
860 3031 917 3070 sit,
936 3031 1071 3069 quanto
1085 3030 1206 3060 minus
1221 3040 1250 3059 α.
