2010 3417
118 162 196 201 550
199 150 216 204 J
443 193 446 196 ,
595 153 666 191 ΤΟ
703 152 853 192 JOHN
891 153 1151 194 HUTTICH
1165 154 1217 204 (5³)
1625 157 1705 196 503

274 283 479 315 ERASMVS
509 284 840 315 ROTERODAMVS
871 284 1032 315 IOANNI
1065 286 1293 316 EVTYCHIO
1324 286 1406 316 SVO
1437 287 1470 319 S.
1499 287 1543 319 D.

173 366 409 414 QVANQVAM
442 366 510 405 hic
545 366 718 405 Luciani
750 366 948 416 dialogus,
982 367 1161 417 Eutychi
1195 367 1441 416 doctissime,
1479 367 1708 419 plurimum

120 430 271 470 habeat
309 431 411 470 artis
449 431 500 470 ob
533 432 726 470 decorum
761 431 864 470 mire
899 434 1108 471 seruatum
1141 432 1185 471 in
1222 432 1409 482 personis
1442 435 1530 472 tam
1563 434 1709 473 multis

119 498 290 546 tamque
309 496 494 544 diuersis,
513 499 654 535 tamen
675 496 831 547 aliquot
846 497 1006 547 repperi
1023 497 1095 548 qui
1114 497 1299 536 dicerent
1318 510 1405 537 esse
1421 499 1705 549 premendum,

119 561 230 611 quod
250 561 422 599 liberius
447 574 491 599 ac
511 562 626 600 velut
654 561 694 605 ἐξ
718 561 859 611 ἁμάξης
886 561 1226 611 philosophorum
1248 575 1371 601 omne
1391 576 1522 613 genus
1542 563 1704 602 laceret.

117 627 179 665 At
199 626 306 664 mihi
325 626 491 666 videtur
509 626 660 666 iustius
684 639 774 665 esse
799 626 1144 665 stomachandum
1169 627 1214 665 in
1240 627 1365 666 huius
1384 627 1537 667 saeculi
1561 641 1705 677 mores,

120 705 202 742 quo
220 691 414 730 videmus
433 691 773 741 philosophorum
793 704 838 729 ac
865 691 1152 741 theologorum
1178 691 1338 731 scholas
1357 693 1490 732 multo
1509 693 1708 743 puerilius

121 756 248 795 etiam
276 756 386 795 inter
413 769 455 794 se
485 756 682 795 dissidere
712 770 787 795 nec
815 756 956 794 minus
985 757 1175 795 atrociter
1203 757 1445 807 digladiari;
1483 760 1575 796 tum
1599 758 1710 798 inter

120 821 335 872 religionis
362 822 610 872 professores
639 821 914 861 nihilominus
943 824 1158 861 cruentam
1185 836 1272 861 esse
1300 836 1484 873 pugnam
1512 837 1638 874 quam
1665 825 1710 862 in

119 900 166 925 eo
200 888 395 926 conuiuio
433 888 559 926 fuisse
597 887 806 926 Lucianus
844 887 912 926 vel
945 887 1068 926 finxit
1101 887 1167 926 vel
1206 888 1359 926 retulit.
1420 888 1544 926 Hunc
1582 889 1711 939 igitur

118 949 321 998 libellum,
356 950 554 1000 quoniam
588 950 695 988 forte
726 950 934 989 ἀδέσποτον
964 950 1124 1000 repperi
1155 951 1196 988 et
1225 952 1365 989 tamen
1397 952 1569 1001 patrono
1601 950 1710 990 vide-

120 1014 243 1052 batur
273 1027 402 1064 egere,
434 1015 642 1065 Eutychio
673 1015 822 1054 dicaui.
879 1015 992 1054 Bene
1022 1015 1113 1054 vale
1145 1016 1204 1053 καὶ
1238 1017 1390 1067 εὐτύχει,
1423 1017 1469 1054 vt
1499 1015 1623 1066 plane
1652 1016 1710 1054 sis

120 1079 230 1129 quod
251 1079 410 1119 diceris.
471 1080 754 1130 Antuuerpiae
774 1092 840 1120 AN.
862 1092 1063 1119 M.1).xvn.

538 1229 632 1267 551.
693 1225 758 1266 To
790 1226 995 1266 ANDREW
1026 1226 1291 1269 Amromcs.

168 1297 328 1344 Farrago
347 1310 384 1344 p.
404 1309 483 1343 229.
1410 1301 1599 1345 Antwerp.

169 1356 207 1392 F.
224 1368 259 1402 p.
278 1358 366 1402 356:
394 1356 485 1393 HN:
513 1356 627 1392 Lond.
646 1355 721 1392 viii.
742 1366 784 1401 37
801 1358 901 1400 (36):
931 1356 1002 1392 LB.
1022 1367 1102 1392 211.
1351 1367 1389 1393 11
1411 1357 1541 1393 March
1563 1358 1661 1404 1512.

279 1437 368 1478 [The
385 1437 467 1469 date
483 1439 589 1478 given
606 1438 645 1468 in
662 1437 698 1468 H
717 1439 746 1468 is
764 1437 960 1469 confirmed
976 1437 1023 1477 by
1040 1437 1103 1469 the
1119 1439 1314 1469 invitation
1333 1440 1367 1469 to
1384 1438 1548 1479 Franca]

560 1530 764 1562 ERASMVS
795 1530 1012 1562 AMMONIO
1043 1531 1125 1562 SVO
1156 1532 1189 1562 S.
1219 1531 1263 1561 D.

171 1611 240 1650 Au
279 1608 428 1647 merito
466 1619 542 1645 nos
581 1607 771 1657 obiurges
808 1607 997 1646 nondum
1036 1606 1177 1658 liquet,
1211 1609 1320 1647 certe
1358 1608 1582 1647 consolaris
1618 1609 1710 1647 tum

117 1675 405 1714 amantissime
424 1675 516 1711 tum
535 1672 823 1711 eruditissime.
881 1672 1052 1723 Alioqui
1071 1673 1140 1712 vel
1163 1672 1267 1712 illud
1293 1676 1482 1724 poteram
1503 1674 1710 1713 occinere:

119 1740 183 1779 Tu
215 1741 252 1779 si
284 1739 353 1778 hic
390 1739 457 1787 sis,
496 1737 616 1776 aliter
648 1738 813 1776 sentias.
873 1738 990 1786 Quod
1024 1738 1060 1776 si
1099 1751 1244 1777 omnes
1282 1739 1339 1777 sic
1378 1739 1629 1778 caecutirent
1665 1740 1710 1777 in

120 1805 293 1845 Erasmo
320 1806 369 1844 vt
399 1805 455 1851 tu,
488 1803 621 1842 multo
654 1803 795 1841 minus
829 1805 937 1842 esset
966 1803 1120 1843 infelix.
1181 1804 1263 1843 Pro
1296 1804 1433 1843 studio
1463 1805 1509 1842 in
1539 1817 1605 1842 me
1637 1806 1711 1843 tuo

118 1869 188 1908 vel
216 1869 368 1920 pietate
396 1869 536 1919 potius
564 1868 700 1918 pudet,
732 1868 791 1907 ita
819 1881 885 1907 me
916 1868 1028 1907 Deus
1055 1870 1177 1918 amet,
1205 1882 1325 1919 agere
1354 1870 1519 1919 gratias.
1577 1869 1710 1908 Maius

120 1935 233 1973 enim
254 1934 361 1972 mihi
378 1934 544 1972 videtur
568 1933 645 1971 hoc
669 1933 916 1972 beneficium
944 1946 1069 1983 quam
1094 1936 1139 1973 vt
1164 1934 1326 1984 vulgari
1355 1947 1468 1973 more
1491 1935 1710 1974 conueniat

119 2000 273 2049 gratias
310 2012 441 2048 agere.
498 1999 552 2037 Et
586 1998 734 2036 referre
767 1999 838 2049 qui
874 1999 1063 2047 possim?
1129 2000 1184 2038 Et
1216 2001 1358 2038 tamen
1391 2000 1639 2049 adnitemur,
1675 2000 1711 2038 si

120 2065 244 2104 modo
273 2065 396 2103 detur
424 2064 575 2103 viuere.
638 2063 699 2102 De
728 2063 889 2103 Sixtino
918 2064 960 2103 id
989 2064 1121 2103 sentis
1150 2065 1258 2115 quod
1288 2078 1361 2116 ego
1391 2078 1553 2116 semper
1582 2065 1706 2105 sensi.

120 2130 212 2170 Hac
240 2130 367 2180 igitur
395 2143 466 2180 spe
497 2142 622 2178 quam
651 2128 756 2167 mihi
784 2129 963 2179 praebes,
996 2130 1186 2169 animum
1215 2130 1387 2169 interim
1415 2131 1599 2171 fulciam.
1657 2130 1710 2169 In

120 2196 252 2235 literis
282 2208 375 2235 sum
404 2196 543 2242 totus;
584 2206 680 2243 paro
713 2194 827 2232 enim
860 2194 1061 2245 quaeda-m
1096 2195 1303 2234 Basileam
1335 2195 1551 2235 mittenda.
1622 2196 1710 2235 Rex

122 2261 279 2302 Galliae
299 2273 367 2299 me
386 2259 538 2298 inuitat
557 2259 602 2297 in
622 2272 739 2298 suam
761 2259 952 2308 Galliam,
976 2260 1178 2310 pollicens
1197 2260 1312 2299 mille
1330 2260 1507 2300 florenos
1526 2273 1709 2300 annuos:

122 2326 188 2365 cui
208 2326 266 2364 sic
292 2325 486 2375 respondi
512 2324 646 2363 literis
669 2326 715 2362 vt
738 2324 847 2362 nihil
870 2326 1012 2363 tamen
1036 2325 1138 2363 certi
1163 2325 1455 2375 responderim.
1514 2325 1711 2375 Theologi

122 2405 235 2431 nunc
255 2390 447 2430 ambiunt
470 2389 595 2428 etiam
621 2391 668 2427 vt
692 2388 924 2428 Louanium
951 2390 1231 2440 commigrem,
1254 2405 1431 2441 quorum
1457 2404 1565 2430 vnus
1590 2391 1710 2430 offert

122 2459 173 2497 de
210 2469 284 2495 suo
322 2458 491 2494 centum
523 2454 709 2493 florenos.
782 2453 847 2492 Ex
879 2454 995 2493 Moro
1033 2457 1164 2494 totam
1202 2456 1309 2494 hanc
1340 2455 1525 2494 fabulam
1562 2455 1711 2494 melius

121 2533 351 2573 cognosces.
415 2520 530 2558 Bene
559 2518 661 2568 vale,
694 2519 755 2557 mi
785 2520 998 2568 Ammoni,
1032 2522 1073 2558 et
1099 2533 1223 2570 perge
1252 2524 1375 2559 σῶσαι
1402 2521 1466 2559 τὸν
1494 2521 1711 2570 τρισάθλιον

115 2588 323 2638 Ἔρασμον.
379 2585 676 2634 Antuuerpiae.
733 2584 887 2633 Quinto
907 2584 968 2623 Id.
991 2584 1110 2624 Mart.

178 2651 383 2692 Nonnihil
408 2650 603 2699 indignor
629 2649 968 2699 occupationibus
994 2651 1090 2698 tuis,
1119 2663 1191 2700 per
1217 2663 1317 2700 quas
1346 2663 1429 2688 non
1458 2650 1553 2688 licet
1581 2649 1711 2688 Musis

528 2749 603 2780 551.
625 2757 674 2787 13.
700 2757 851 2787 quorum
868 2771 876 2779 .
895 2771 903 2780 .
922 2771 930 2779 .
952 2758 1002 2786 14.
1020 2748 1173 2778 florenos
1189 2757 1246 2778 om.
1266 2750 1303 2779 F.

165 2842 241 2873 551.
270 2851 296 2871 1.
325 2836 501 2878 obiurges]
537 2837 604 2868 For
633 2835 885 2876 despondency
951 2836 1013 2866 the
1041 2835 1212 2866 selection
1239 2834 1278 2865 of
1303 2834 1422 2866 Sixtin
1453 2843 1491 2865 as
1517 2843 1537 2864 a
1563 2835 1712 2865 witness

122 2886 229 2917 about
241 2884 304 2915 the
316 2882 429 2914 result
445 2883 482 2912 of
490 2882 553 2913 the
569 2880 692 2920 appeal
703 2882 738 2910 to
752 2879 882 2916 Rome;
950 2881 987 2909 to
1031 2878 1095 2910 the
1140 2878 1402 2918 dispensation;
1449 2877 1493 2908 cf.
1532 2877 1595 2917 Ep.
1635 2886 1708 2918 517.

123 2929 166 2961 cf.
185 2928 273 2968 Ep'p.
290 2936 364 2966 505.
387 2936 401 2956 1
420 2925 492 2956 and
507 2935 581 2965 539.
606 2933 645 2954 10
660 2933 733 2963 seq.
949 2922 1067 2962 83-90.
1250 2964 1259 2967 -
1523 2964 1530 2970 ι

166 2981 197 3010 3.
220 2972 271 3002 Tu
289 2971 320 3001 si
335 2969 412 3010 hic]
436 2969 512 3000 Ter.
531 2970 634 3000 Andr.
653 2976 726 3006 310.
995 2975 1044 2996 10.
1071 2964 1263 3005 quaedam]
1289 2964 1340 2996 cf.
1361 2964 1422 3004 Ep.
1440 2973 1505 3004 550
1521 2963 1657 2997 intrcd.

165 3017 198 3047 8.
224 3012 382 3054 Sixtino]
418 3013 573 3052 Perhaps
596 3021 643 3042 an
668 3010 821 3041 allusion
847 3011 881 3041 to
996 3019 1045 3041 12.
1070 3008 1202 3049 literis]
1228 3008 1289 3048 Ep.
1310 3018 1384 3048 533.

1733 963 1770 984 10

1731 2208 1771 2231 10
