2010 3417
250 204 332 244 540
717 207 966 246 LETTERS
1006 207 1075 245 OF
1114 206 1381 246 ERAsMUs
1723 205 1762 259 [1
1771 219 1792 256 5
1801 218 1845 256 17

190 322 233 354 60
253 318 495 357 commode:
526 329 749 366 eorumque
779 317 853 366 qui
880 317 926 355 in
953 316 1042 355 foro
1070 318 1170 355 sunt
1202 317 1395 365 celebres,
1418 316 1578 355 similes
1605 317 1649 355 in
1676 316 1850 356 dicendo

250 383 383 422 videri
424 381 595 432 cupiunt
636 394 790 420 omnes.
863 381 1034 420 Frustra
1064 381 1194 432 igitur
1223 382 1273 420 ad
1308 381 1628 421 instaurandam
1657 382 1850 422 Latinam

250 449 437 497 linguam
458 446 719 497 diligentiam
734 446 983 495 adhibueris,
1002 448 1172 485 inanem
1189 460 1355 486 omnem
1376 447 1652 497 insumpseris
1670 460 1849 497 operam,

251 513 332 551 nisi
350 512 465 562 prius
485 511 530 550 in
549 511 715 561 templa,
738 511 822 551 nisi
841 512 956 562 prius
974 512 1019 551 in
1039 512 1190 561 forum,
1212 525 1367 562 purum
1387 525 1622 551 sermonem
1643 525 1819 552 reuoces.

305 578 387 616 Vos
405 577 545 626 itaque
567 590 708 616 veram
738 577 871 617 laudis
900 578 1079 627 ingressi
1106 578 1219 617 viam
1246 577 1437 628 primum
1466 578 1565 617 haec
1590 578 1853 628 repurganda

191 648 230 689 65
251 642 428 682 vidistis.
486 642 571 682 Vos
590 642 872 681 immortalem
901 643 1110 682 consecuti
1136 643 1238 682 estis
1265 643 1452 694 gloriam,
1476 657 1579 694 quos
1604 657 1689 682 non
1717 643 1853 693 operis

250 708 434 756 vastitas,
469 721 555 747 non
589 708 808 747 difficultas
844 709 1057 757 moliendi,
1088 722 1173 747 non
1204 708 1454 759 perficiendi
1487 709 1729 759 desperatio,
1765 722 1852 748 non

252 773 523 812 barbarorum
551 773 690 824 copiae
715 787 790 823 pro
817 774 960 813 castris
988 774 1075 813 suis
1098 775 1257 813 stantes
1280 787 1325 813 ac
1345 774 1476 813 veluti
1495 788 1569 824 pro
1588 774 1689 814 focis
1708 776 1750 813 et
1770 775 1852 814 aris

250 838 448 878 dimicare
467 840 647 889 paratae,
667 852 752 877 non
772 852 949 889 magnus
967 839 1086 878 velut
1108 853 1314 890 augurum
1334 853 1537 879 numerus
1556 840 1755 890 religione
1774 853 1851 879 vos

253 905 474 949 deterrens,
497 918 583 943 non
610 905 738 943 fasces
764 906 1088 956 magistratuum
1113 905 1166 944 ab
1192 905 1387 944 instituto
1414 907 1502 944 tam
1530 905 1627 944 vtili
1651 906 1851 944 remorari

192 983 232 1016 70
250 971 487 1020 potuerunt.
550 970 630 1009 Ille
661 984 792 1020 genus
822 984 945 1009 omne
974 971 1233 1021 perlustrans
1267 973 1475 1019 autorum,
1511 971 1674 1021 Adagia
1710 972 1851 1009 vetera

249 1048 353 1084 pene
382 1038 444 1074 tot
473 1037 755 1086 aenigmatum
784 1037 964 1087 speciem
992 1036 1208 1075 reddentia
1235 1038 1276 1074 et
1299 1049 1447 1086 graues
1473 1036 1698 1075 lectoribus
1719 1036 1850 1075 offun-

251 1101 392 1139 dentia
410 1101 601 1140 tenebras
620 1102 828 1140 industria
853 1102 1029 1141 mirifica
1053 1101 1171 1141 velut
1190 1102 1295 1140 alter
1315 1102 1499 1152 Oedipus
1520 1101 1720 1141 studiosis
1740 1114 1852 1141 enar-

252 1166 375 1205 rauit.
433 1167 647 1216 Multaque
663 1167 810 1206 itidem
830 1167 911 1206 alia
931 1168 1094 1218 egregia
1113 1168 1269 1206 aedidit
1289 1181 1410 1217 opera
1431 1169 1472 1206 et
1493 1167 1695 1218 quaedam
1715 1166 1851 1206 titulis

251 1231 495 1280 humilibus,
519 1245 621 1282 quae
641 1246 727 1271 non
746 1234 870 1272 modo
890 1234 941 1272 ad
961 1233 1118 1272 maiora
1137 1233 1407 1272 tendentibus
1428 1233 1668 1272 conducunt
1686 1246 1850 1283 magno-

190 1310 228 1344 75
247 1310 352 1347 pere,
376 1298 447 1336 sed
467 1298 581 1337 velut
600 1298 814 1348 praeludia
829 1299 1030 1349 quaedam
1045 1301 1232 1338 autorem
1252 1299 1392 1349 ipsum
1411 1299 1461 1337 ad
1481 1312 1574 1338 eam
1592 1298 1850 1349 prouinciam

247 1376 390 1412 parem
413 1364 683 1403 reddiderunt
707 1377 833 1415 quam
859 1378 933 1403 suo
959 1365 1047 1403 iure
1073 1365 1152 1403 sibi
1177 1365 1421 1415 desumpsit,
1446 1378 1583 1404 sacras
1607 1363 1848 1404 illustrandi

246 1427 399 1467 literas.
459 1429 522 1468 Tu
543 1443 626 1468 non
647 1430 807 1468 minore
828 1429 1046 1479 diligentia
1066 1432 1224 1469 veteres
1243 1429 1464 1468 excussisti
1484 1443 1627 1469 omnes
1647 1445 1655 1469 :
1686 1431 1726 1468 et
1747 1430 1848 1468 dum

250 1494 385 1532 multa
399 1507 449 1532 ex
469 1495 623 1533 Graeco
644 1508 833 1533 sermone
847 1495 978 1534 vertis
997 1496 1042 1533 in
1057 1494 1270 1543 Latinum,
1287 1508 1428 1545 parem
1449 1495 1493 1533 in
1513 1497 1686 1545 vtraque
1704 1495 1847 1545 lingua

248 1559 484 1598 facundiam
515 1560 700 1610 adeptus,
724 1560 965 1609 Pandectas,
991 1573 1094 1610 opus
1121 1560 1380 1599 immensum
1409 1562 1450 1598 et
1474 1560 1519 1598 in
1545 1573 1626 1610 quo
1649 1573 1735 1598 non
1753 1572 1847 1610 pau·

189 1628 230 1659 80
249 1623 376 1662 ciores
396 1627 513 1663 erant
533 1626 706 1664 mendae
723 1639 846 1676 quam
863 1626 1004 1675 legum
1021 1625 1165 1675 capita,
1181 1626 1562 1664 commentantium
1572 1639 1669 1664 vero
1689 1638 1846 1664 errores

247 1689 396 1728 multis
408 1690 596 1740 partibus
616 1691 769 1740 plures,
787 1690 866 1728 tibi
878 1690 1185 1741 repurgandum
1200 1691 1359 1740 putasti
1374 1706 1382 1730 :
1402 1692 1443 1729 et
1456 1691 1558 1729 dum
1571 1691 1847 1730 Accursianos

249 1768 402 1793 errores
425 1756 566 1805 palam
589 1756 699 1800 facis,
723 1756 905 1806 dumque
935 1769 1077 1795 veram
1097 1756 1260 1795 reducis
1284 1756 1681 1806 interpretationem,
1710 1755 1845 1794 multo

248 1821 340 1870 plus
356 1821 533 1860 hausisti
548 1821 701 1860 laboris
716 1835 841 1872 quam
853 1821 1057 1860 Hercules
1070 1822 1170 1872 ipse,
1190 1822 1289 1860 dum
1307 1823 1466 1874 Αὐγείου
1485 1823 1622 1872 κόπρον
1635 1835 1656 1860 e
1672 1821 1848 1860 stabulis

249 1889 454 1936 repurgat.
506 1887 615 1925 Nam
635 1888 743 1938 quod
759 1889 911 1926 Assem
930 1887 1050 1926 nobis
1068 1889 1286 1938 partesque
1304 1889 1394 1927 eius
1414 1888 1626 1936 enarrasti,
1649 1888 1846 1938 pondera—

188 1956 228 1995 85
249 1964 326 2001 que
346 1953 388 1990 et
407 1965 624 1991 mensuras
643 1954 804 1991 veteres
823 1966 958 1992 nouus
977 1953 1100 1991 nobis
1118 1953 1264 1992 aedilis
1283 1954 1520 2002 restituisti,
1540 1966 1642 2004 opus
1657 1954 1720 1991 est
1738 1952 1846 2003 plus-

249 2030 374 2066 quam
395 2017 650 2057 Herculeum
669 2020 712 2057 et
730 2018 776 2056 in
797 2032 877 2069 quo
898 2018 1027 2057 seculi
1046 2019 1171 2057 huius
1190 2020 1520 2069 expectationem
1542 2019 1666 2069 longe
1685 2031 1848 2069 supera-

247 2083 310 2120 sti.
382 2083 483 2131 Quis
510 2084 623 2122 enim
660 2097 846 2134 vnquam
887 2086 1071 2134 putasset
1104 2098 1192 2123 rem
1231 2085 1539 2135 comploratam,
1582 2084 1742 2132 elatam,
1781 2085 1845 2123 tot

247 2149 398 2187 seculis
410 2149 613 2198 profunda
629 2163 810 2188 mersam
824 2149 1045 2200 obliuione,
1060 2152 1124 2189 tot
1136 2151 1308 2189 eruditis
1322 2151 1424 2190 viris
1435 2152 1559 2201 plane
1574 2151 1842 2200 desperatam,

247 2213 293 2251 in
314 2213 450 2252 lucem
469 2214 691 2264 aliquando
717 2215 943 2254 redituram
956 2217 976 2254 i>
1033 2215 1161 2254 Cuius
1188 2216 1294 2254 illud
1315 2217 1518 2255 tentantis
1538 2230 1624 2255 non
1643 2216 1843 2266 arguisse-

188 2293 229 2325 90
248 2291 342 2317 mus
362 2280 642 2319 temeritatem
655 2282 675 2319 5>
732 2281 865 2330 Quem
885 2281 927 2320 id
947 2281 1215 2331 pollicentem
1231 2295 1316 2321 non
1336 2282 1607 2321 irrisissemus
1620 2282 1640 2320 Ῥ
1695 2283 1767 2320 An
1785 2284 1840 2330 te,

249 2357 410 2394 quaeso,
434 2345 596 2384 tulisset
616 2347 847 2397 quisquam,
872 2346 954 2385 nisi
972 2347 1088 2397 prius
1107 2347 1148 2385 id
1169 2348 1448 2397 praestitisses
1475 2361 1599 2398 quam
1624 2350 1665 2386 te
1689 2347 1844 2397 praedi-

248 2423 358 2448 ceres
383 2410 624 2450 facturum?
680 2411 734 2450 In
763 2413 934 2451 caeteris
962 2412 1099 2463 itaque
1127 2413 1212 2452 tuis
1242 2414 1555 2452 commentariis
1584 2413 1687 2452 alios
1720 2413 1844 2464 longe

251 2475 463 2526 relinquis,
484 2478 529 2514 in
550 2477 622 2514 illo
643 2477 766 2527 plane
784 2477 921 2516 vincis
941 2479 1138 2528 teipsum.

303 2541 383 2579 Sed
414 2542 512 2591 quid
548 2555 622 2592 ego
651 2542 696 2580 in
724 2543 810 2581 tuis
838 2543 889 2581 ad
917 2543 1144 2582 Erasmum
1173 2544 1308 2583 literis
1336 2558 1438 2595 quas
1463 2545 1500 2584 is
1518 2544 1627 2583 mihi
1646 2544 1844 2595 legendas

189 2616 228 2648 95
251 2606 403 2645 obtulit
430 2607 553 2645 vidi?
624 2607 774 2646 Nonne
804 2608 952 2647 scribis
980 2611 1022 2647 te
1050 2610 1245 2659 αὐτομαθῆ
1270 2611 1330 2648 καὶ
1353 2610 1617 2648 αὐτοδίδακτον
1639 2610 1729 2648 sine
1756 2609 1842 2649 vlla

247 2674 556 2722 praeceptorum
580 2673 846 2712 institutione
874 2675 924 2712 ad
951 2676 1076 2713 istam
1110 2675 1355 2714 eruditionis
1383 2675 1622 2725 peruenisse
1651 2675 1840 2725 frugem:

247 2734 288 2772 id
310 2737 428 2785 quod,
453 2739 498 2775 ni
517 2739 604 2776 tam
624 2738 801 2788 simplex
819 2739 984 2778 animus
1005 2753 1174 2779 omnem
1193 2740 1402 2779 mendacii
1421 2741 1698 2791 suspicionem
1718 2741 1841 2790 longe

247 2805 537 2849 summoueret,
578 2803 649 2841 vix
687 2804 885 2842 credibile
922 2804 1144 2843 videretur.
1216 2806 1283 2844 Me
1321 2808 1430 2845 certe
1459 2807 1503 2844 in
1531 2820 1741 2845 summam
1776 2807 1840 2845 tui

247 2864 565 2905 admirationem
592 2881 638 2907 ea
665 2882 729 2907 res
755 2870 987 2918 concitauit,
1013 2870 1114 2908 dum
1134 2873 1250 2909 tuam
1277 2871 1322 2909 in
1342 2872 1586 2911 euoluendis
1610 2874 1672 2911 tot
1693 2872 1840 2911 autori-

169 2939 228 2961 100
248 2926 323 2965 bus
347 2929 607 2981 industriam,
629 2933 783 2984 alioqui
810 2934 881 2973 vix
909 2935 1160 2984 credibilem,
1185 2937 1385 2975 maiorem
1410 2937 1539 2976 fuisse
1562 2937 1695 2987 cogito
1715 2950 1839 2987 quam

873 3010 925 3041 80.
949 3013 978 3040 F
993 3022 1000 3041 :
1023 3020 1142 3041 errore
1159 3014 1196 3041 D.

761 3085 814 3113 94.
840 3075 973 3115 literis]
999 3076 1060 3116 Ep.
1081 3086 1156 3116 493.
1174 3087 1217 3107 20
1232 3086 1302 3116 seq.
