2010 3417
102 147 202 202 337]
236 160 239 161 ’
633 150 702 188 ΤΟ
741 151 966 190 MARTIN
1005 150 1159 190 DORP
1645 148 1697 186 95

99 272 348 311 magnopere
377 259 613 309 probentur.
671 259 750 308 Qui
773 262 871 298 sunt
898 259 969 298 isti
994 262 1081 299 tam
1110 259 1234 309 rigidi
1259 272 1448 300 censores
1467 261 1534 299 vel
1560 261 1697 310 potius

98 324 384 375 Areopagitae,
402 325 472 375 qui
490 324 654 364 homini
667 325 734 363 vel
749 338 876 364 vnam
896 325 1076 375 ineptiae
1095 325 1260 375 culpam
1279 325 1416 364 nolint
1435 326 1666 365 condonare
1678 326 1698 364 ⁴?

100 390 214 438 Quae
246 392 333 429 tam
367 390 547 440 insignis
583 390 801 429 morositas
837 392 884 429 vt
921 391 1043 430 vnico
1075 390 1246 429 ridiculo
1282 391 1429 429 offensi
1462 391 1604 430 libello
1637 392 1699 429 tot

100 455 340 505 vigiliarum
379 456 638 504 superiorum
669 455 801 505 gratia
834 458 1000 505 repente
1037 456 1283 505 scriptorem
1320 456 1534 505 spolient?
1589 456 1700 505 Quot

101 520 278 571 ineptias
316 519 495 559 aliorum
532 521 714 570 proferre
746 533 908 570 possem
947 521 1023 559 hac
1060 521 1207 559 multis
1240 521 1426 570 partibus
1462 521 1696 571 ineptiores,

99 586 228 625 etiam
253 585 299 624 in
325 586 489 635 magnis
518 585 732 635 theologis,
754 586 856 624 dum
881 585 1039 624 rixosas
1065 588 1107 624 et
1133 585 1425 635 frigidissimas
1444 587 1700 637 quaestiones

101 649 337 699 commenti,
360 650 410 688 de
429 650 722 699 nugacissimis
741 650 866 700 nugis
886 651 1056 699 perinde
1078 663 1125 689 ac
1146 664 1219 700 pro
1239 651 1338 689 focis
1358 654 1400 690 et
1419 652 1503 690 aris
1530 652 1638 690 inter
1657 664 1700 690 se

100 715 394 767 digladiantur.
453 715 590 764 Atque
611 714 681 752 isti
700 716 788 753 tam
813 714 1010 754 ridiculas
1036 715 1197 753 fabulas
1222 717 1263 753 et
1282 716 1347 753 vel
1373 716 1473 765 ipsis
1492 716 1702 755 Atellanis

102 780 327 831 ineptiores
356 779 458 818 citra
485 792 704 829 personam
733 781 873 829 agunt.
935 779 1023 830 Ego
1052 782 1161 819 certe
1189 780 1460 819 verecundius
1490 782 1572 830 qui,
1605 794 1700 819 cum
1741 794 1757 825 5

102 845 282 895 ineptior
299 857 388 883 0880
406 843 569 892 vellem,
595 843 811 883 Stulticiae
830 857 1049 894 personam
1069 843 1235 883 obtexui
1251 860 1261 891 ;
1289 847 1330 883 et
1350 846 1700 895 quemadmodum

100 910 212 961 apud
230 910 450 949 Platonem
479 910 666 949 Socrates
694 910 855 949 obtecta
882 910 984 948 facie
1010 910 1151 949 laudes
1176 910 1330 948 amoris
1356 910 1508 958 recitat,
1531 909 1589 948 ita
1614 910 1701 960 ipse

102 975 288 1016 fabulam
307 975 414 1013 hanc
433 977 677 1025 personatus
695 976 770 1024 egi.

158 1040 312 1080 Scribis
331 1040 382 1079 ab
400 1040 491 1079 istis
510 1041 612 1090 ipsis
633 1041 783 1090 quibus
810 1044 1104 1092 argumentum
1131 1040 1331 1090 displicet,
1352 1043 1393 1079 et
1420 1039 1635 1089 ingenium
1662 1042 1702 1078 et

101 1106 384 1146 eruditionem
417 1107 459 1144 et
487 1105 770 1156 eloquentiam
803 1106 976 1156 probari,
1009 1119 1155 1145 verum
1187 1106 1352 1145 eosdem
1386 1105 1542 1144 offendi
1575 1105 1703 1144 nimis

102 1172 234 1212 libera
252 1170 532 1210 mordacitate.
589 1172 649 1210 At
671 1171 742 1210 isti
767 1171 1079 1221 reprehensores
1106 1171 1202 1221 plus
1227 1171 1353 1210 etiam
1378 1171 1571 1210 tribuunt
1597 1170 1704 1209 mihi

106 1249 231 1288 quam
246 1236 385 1275 velim.
434 1236 680 1286 Quanquam
700 1236 807 1275 nihil
827 1249 967 1275 moror
985 1236 1092 1275 hanc
1110 1236 1287 1285 laudem,
1307 1236 1552 1287 praesertim
1572 1236 1623 1274 ab
1638 1236 1705 1274 his

103 1302 331 1354 profectam
351 1301 500 1352 quibus
529 1314 604 1352 ego
633 1315 707 1340 nec
736 1302 957 1352 ingenium
985 1316 1074 1341 esse
1101 1304 1201 1353 puto
1227 1316 1301 1341 nec
1327 1302 1602 1341 eruditionem
1628 1315 1704 1340 nec

101 1366 381 1418 eloquentiam
396 1381 406 1415 ;
435 1366 584 1417 quibus
604 1367 639 1405 si
658 1366 872 1417 pollerent,
890 1367 951 1406 mi
965 1368 1107 1418 Dorpi,
1125 1368 1241 1406 crede
1255 1367 1371 1415 mihi,
1391 1381 1476 1406 non
1492 1369 1706 1417 tantopere

105 1433 205 1472 iocis
233 1432 543 1471 offenderentur
571 1432 824 1471 salutaribus
853 1433 984 1483 magis
1011 1446 1134 1483 quam
1164 1433 1391 1483 ingeniosis
1418 1434 1490 1472 aut
1519 1433 1703 1471 eruditis.

104 1499 282 1539 Obsecro
300 1500 342 1536 te
361 1511 435 1547 per
452 1498 603 1547 Musas,
629 1512 732 1549 quos
751 1498 922 1537 tandem
942 1498 1091 1548 oculos,
1115 1512 1216 1549 quas
1235 1512 1364 1548 aures,
1389 1498 1498 1548 quod
1517 1498 1704 1549 palatum

103 1565 298 1604 adferunt
320 1563 392 1603 isti
411 1577 513 1614 quos
539 1564 714 1603 offendit
739 1564 784 1603 in
812 1577 858 1602 eo
884 1564 1026 1603 libello
1053 1565 1332 1603 mordacitas?
1388 1564 1581 1603 Primum
1601 1577 1704 1614 quae

105 1631 244 1681 potest
268 1629 355 1668 illic
380 1643 466 1668 esse
492 1630 750 1679 mordacitas,
772 1630 844 1668 vbi
872 1630 1030 1669 nullius
1050 1631 1220 1669 omnino
1240 1643 1395 1668 nomen
1414 1630 1706 1680 perstringitur

105 1696 393 1745 praeterquam
411 1696 586 1734 meum?
633 1696 717 1734 Cur
736 1708 822 1734 non
842 1696 956 1733 venit
977 1695 1022 1733 in
1043 1698 1228 1734 mentem
1249 1696 1356 1744 quod
1376 1695 1499 1733 toties
1525 1694 1706 1732 inculcat

107 1759 404 1810 Hieronymus,
433 1759 506 1798 vbi
533 1760 735 1809 generalis
762 1762 824 1798 est
854 1760 903 1799 de
931 1760 1048 1799 vitiis
1077 1760 1313 1810 disputatiO,
1344 1760 1403 1798 ibi
1432 1759 1591 1797 nullius
1618 1771 1705 1797 esse

107 1838 306 1875 personae
335 1824 564 1863 iniuriam?
621 1825 738 1874 Quod
768 1825 803 1863 si
829 1826 1049 1875 quisquam
1079 1825 1314 1874 offenditur,
1338 1838 1424 1863 non
1452 1824 1578 1863 habet
1597 1824 1706 1874 quod

108 1889 340 1940 expostulet
360 1903 455 1927 cum
473 1902 520 1928 eo
540 1891 611 1940 qui
630 1890 793 1939 scripsit
811 1904 820 1937 3
851 1889 938 1940 ipse
963 1890 999 1928 si
1019 1890 1140 1938 volet,
1165 1903 1306 1928 secum
1332 1891 1424 1939 agat
1445 1889 1706 1936 iniuriarum,

108 1956 251 2005 vtpote
266 1955 330 1994 sui
345 1954 542 2005 proditor,
562 1955 633 2004 qui
650 1955 866 1994 declararit
880 1955 956 1994 hoc
972 1956 1023 1994 ad
1037 1968 1082 1994 se
1100 1955 1263 2005 proprie
1282 1955 1502 2005 pertinere,
1519 1954 1627 2004 quod
1647 1953 1707 1992 ita

107 2020 268 2059 dictum
297 2021 359 2059 est
384 2020 435 2058 de
459 2019 655 2059 omnibus
680 2022 728 2059 vt
756 2020 806 2058 de
830 2020 995 2058 nemine
1021 2020 1076 2059 sit
1101 2019 1271 2068 dictum,
1296 2019 1380 2058 nisi
1407 2019 1536 2069 siquis
1563 2019 1708 2058 volens

110 2085 189 2124 sibi
203 2084 404 2123 vendicet.
451 2085 521 2123 An
540 2098 624 2123 non
640 2084 756 2124 vides
776 2098 842 2123 me
861 2087 950 2124 toto
966 2098 1086 2135 opere
1106 2085 1163 2123 sic
1185 2098 1207 2123 a
1226 2084 1468 2123 nominibus
1487 2084 1707 2122 hominum

108 2152 367 2199 temperasse,
396 2151 445 2188 vt
472 2162 547 2188 nec
575 2152 743 2200 gentem
761 2149 892 2189 vllam
921 2151 1055 2188 acrius
1084 2151 1222 2188 taxare
1244 2149 1482 2188 voluerim?
1537 2149 1708 2187 Etenim

109 2215 183 2255 vbi
202 2214 348 2265 cuique
369 2214 527 2254 nationi
546 2215 798 2265 peculiarem
818 2214 1064 2265 philautiam
1085 2227 1286 2263 recenseo,
1310 2215 1510 2265 Hispanis
1529 2213 1708 2253 asscribo

110 2279 285 2318 militiae
305 2279 484 2329 laudem,
504 2280 623 2319 Italis
651 2280 806 2321 litteras
833 2282 873 2319 et
900 2280 1190 2330 eloquentiam,
1213 2279 1366 2330 Anglis
1385 2280 1517 2319 lautas
1544 2292 1710 2318 mensas

109 2346 153 2383 et
180 2345 370 2393 formam,
399 2346 439 2383 et
468 2345 638 2384 caeteris
666 2345 767 2384 item
792 2345 997 2384 eiusmodi
1023 2346 1237 2395 quaedam,
1267 2358 1370 2395 quae
1390 2345 1564 2395 quisque
1593 2344 1638 2382 in
1667 2357 1709 2382 se

112 2409 222 2448 dicta
238 2409 305 2448 vel
323 2412 518 2459 agnoscat
537 2424 622 2449 non
642 2410 854 2449 illibenter
871 2410 937 2449 vel
957 2412 1062 2449 certe
1084 2424 1179 2449 cum
1198 2410 1286 2448 risu
1306 2409 1457 2449 audiat.
1508 2409 1575 2448 Ad
1594 2409 1706 2456 haec,

113 2487 208 2512 cum
227 2474 342 2512 iuxta
360 2475 594 2525 argumenti
617 2477 797 2526 suscepti
822 2476 1025 2514 rationem
1043 2489 1119 2524 per
1138 2475 1277 2514 omnia
1295 2475 1537 2513 mortalium
1562 2486 1711 2523 genera

113 2538 257 2578 voluar
285 2540 325 2576 et
353 2540 399 2577 in
427 2540 620 2579 taxandis
648 2540 909 2591 singulorum
934 2541 1051 2579 vitiis
1073 2553 1220 2588 verser,
1246 2553 1394 2590 quaeso
1414 2539 1510 2590 quid
1535 2551 1710 2588 vsquam

114 2606 186 2643 aut
205 2602 319 2642 dictu
339 2604 505 2643 foedum
524 2605 697 2643 occurrit
717 2607 789 2644 aut
806 2605 1063 2643 virulentum
1076 2606 1096 2643 ?
1127 2604 1210 2643 Vbi
1229 2605 1481 2654 flagitiorum
1501 2603 1710 2642 sentinam

114 2667 251 2719 aperio
264 2667 285 2705 ἱ)
312 2668 383 2707 vbi
402 2670 603 2707 secretam
621 2670 738 2708 illam
752 2670 862 2709 vitae
882 2670 1088 2708 humanae
1107 2683 1252 2708 moueo
1271 2670 1532 2708 Camarinam
1545 2670 1566 2708 ‘?
1608 2669 1710 2719 Quis

116 2733 248 2773 nescit
273 2746 397 2782 quam
425 2733 559 2772 multa
587 2733 670 2772 dici
697 2733 911 2784 potuerint
938 2734 983 2772 in
1013 2733 1145 2773 malos
1173 2734 1399 2784 pontifices,
1425 2734 1469 2772 in
1498 2734 1711 2786 improbos

115 2799 327 2849 episcopos
359 2799 401 2837 et
428 2798 668 2846 sacerdotes,
700 2799 745 2836 in
772 2798 943 2837 vitiosos
981 2798 1201 2848 principes,
1233 2799 1415 2838 breuiter
1447 2799 1491 2838 in
1520 2801 1712 2850 quemuis

117 2863 316 2910 ordinem,
336 2862 369 2900 si
388 2862 439 2900 ad
455 2862 669 2902 quenalis
684 2862 922 2912 exemplum
938 2876 1023 2901 non
1043 2863 1258 2912 puduisset
1273 2877 1320 2902 ea
1333 2865 1530 2903 mandare
1545 2865 1708 2913 litteris,

164 2959 236 2989 159.
253 2949 401 2990 Scribis]
428 2949 491 2989 Ep.
507 2958 583 2988 304.
601 2958 654 2988 54,
673 2958 703 2988 5.
983 2958 1054 2987 177.
1077 2948 1309 2990 philautiam]
1328 2950 1399 2982 LB.
1419 2950 1465 2982 iv.
1484 2952 1548 2990 448
1564 2961 1641 2983 Β-Ε.

165 3003 234 3032 170.
252 2991 514 3034 Hieronymus]
539 2995 598 3029 Ep.
623 3002 692 3031 125.
712 3001 743 3033 5,
763 2992 893 3032 Migne.
985 2993 1055 3031 178.
1076 2992 1217 3033 Anglis]
1244 2993 1295 3024 Cf.
1312 2993 1376 3034 Ep.
1397 3004 1445 3033 77.
1468 3004 1506 3033 14
1519 3005 1556 3027 n.

1724 1113 1784 1144 160

1726 1437 1784 1478 165

1726 1774 1786 1806 170

1730 2099 1788 2133 ¹75

1732 2417 1792 2448 180

1732 2743 1792 2783 185
