2010 3417
139 194 238 249 574]
439 198 592 238 FROM
631 198 1007 240 SAGUNDINUS
1045 200 1116 239 ΤΟ
1155 200 1427 241 MUSURUS
1594 263 1596 265 ‚
1649 201 1727 240 547

138 307 209 336 two
225 306 297 337 and
312 305 368 338 for
382 306 446 338 the
462 307 618 338 division
635 307 674 338 of
684 307 720 342 βι
736 308 809 339 and
823 308 862 343 8²
877 318 933 340 see
955 309 1018 349 Ep.
1035 318 1099 349 559
1115 309 1249 341 inti-od.
1293 309 1367 340 'rho
1390 309 1471 341 date
1486 310 1518 341 is
1534 309 1727 341 confirmed

137 349 184 388 by
201 349 375 382 Musurus’
390 350 610 391 preferment
625 352 662 382 to
677 351 921 384 Monembasia
931 363 941 392 ;
965 353 1007 384 cf.
1026 352 1090 393 Ep.
1107 354 1179 392 556.
1203 354 1241 383 18
1254 363 1288 385 n.

181 393 349 425 Nicholas
377 394 605 434 Sagundinus
629 395 668 435 (†
680 404 713 434 p.
738 395 835 435 Sept.
865 396 964 436 153gl
988 396 1065 428 first
1096 406 1244 437 appears
1275 397 1313 427 in
1346 397 1479 428 Sanuto
1509 406 1546 427 as
1572 396 1729 437 holding

137 445 158 466 a
184 437 304 468 minor
331 437 426 469 office
451 439 487 468 at
515 437 648 469 Venice
674 439 714 469 in
741 447 833 477 1504.
880 439 936 479 By
962 440 1044 471 Dec.
1075 449 1153 479 1511
1181 441 1226 471 he
1251 440 1322 471 had
1346 440 1489 471 become
1515 449 1580 471 one
1605 439 1644 471 of
1665 440 1728 472 the

137 481 345 511 secretaries
366 482 402 512 to
425 481 487 511 the
511 481 685 522 Signoria,
702 482 773 512 and
798 483 837 512 in
860 483 940 514 that
964 484 1124 523 capacity
1139 493 1211 514 was
1235 484 1428 523 appointed
1453 486 1489 515 to
1511 493 1728 524 accompany

138 523 379 555 Giustinian's
395 526 557 564 embassy
572 527 608 556 to
624 524 792 565 England
812 535 959 566 1515-19
976 528 1022 567 (p.
1043 530 1133 569 514).
1182 527 1235 559 On
1252 527 1307 558 his
1323 529 1448 558 return
1465 527 1510 558 he
1532 527 1727 558 continued

137 566 196 597 his
215 567 417 599 secretarial
438 568 537 599 work
559 568 632 599 and
648 569 695 608 by
714 578 797 608 1532
813 569 886 600 had
903 571 992 601 been
1012 571 1206 611 appointed
1233 571 1419 611 Secretary
1435 572 1472 602 to
1492 571 1554 602 the
1577 570 1728 602 Council

138 610 176 640 of
188 611 273 642 Ten.
321 611 378 642 He
399 620 471 641 was
492 621 511 641 a
532 612 720 652 musician,
739 612 811 643 and
828 613 869 644 in
885 613 1021 645 Venice
1037 623 1111 644 was
1128 614 1257 645 named
1273 614 1320 653 by
1336 615 1395 645 his
1411 614 1548 645 friends
1565 617 1572 631 ‘
1588 614 1727 645 Exaudi

137 663 202 684 nos
213 654 231 685 ’.
278 653 342 685 See
370 654 528 686 Rawdon
553 655 714 686 Brown's
738 655 958 696 Despatches
983 657 1021 688 of
1042 657 1227 688 Sebastiam
1256 658 1479 695 Giustinian,
1509 659 1605 697 1854.
1659 657 1729 689 His

135 696 254 728 father
275 707 348 729 was
369 698 490 729 Alvise
515 699 666 739 (Sanuto
691 699 781 730 xliii.
807 699 899 739 541),
926 710 991 732 son
1019 700 1058 731 of
1081 701 1142 732 the
1167 701 1244 733 Nic.
1269 701 1497 741 Sagundinus
1528 702 1566 732 of
1588 701 1728 732 Euboea

135 741 216 772 who
243 741 373 772 settled
400 743 436 772 at
459 742 592 773 Venice
618 743 656 773 in
683 745 753 781 xvc,
779 743 871 774 with
902 753 949 774 an
979 745 1229 784 appointment
1257 745 1296 775 in
1322 745 1385 775 the
1416 745 1632 783 secretariat,
1657 745 1727 776 and

136 783 241 814 made
257 794 353 816 some
374 785 607 816 translations
622 785 714 816 from
732 787 794 817 the
811 787 926 818 Greek
940 798 947 825 ;
972 788 1026 818 for
1041 788 1161 819 whom
1178 798 1235 818 see
1251 788 1356 828 Voigt
1371 788 1443 819 and
1459 787 1649 828 Legrand.]

136 875 410 908 REVERENDO
436 878 485 908 IN
512 878 707 909 CHRISTO
735 878 871 909 PATRI
899 880 940 910 D.
966 880 1120 912 MARCO
1148 881 1343 921 MVSVRO,
1369 881 1728 913 ARCHIEPISCOPO

255 945 595 977 MONOVASIENSI
627 947 907 985 DIGNISSIMO,
934 948 1156 980 NICOLAVS
1187 949 1474 981 SAGVNDINVS
1505 951 1537 980 S.
1566 951 1608 982 D.

190 1022 369 1064 MAXIMO
397 1026 564 1065 tenebar
590 1024 816 1075 desyderio‚
840 1026 987 1065 Presul
1010 1027 1131 1077 longe
1151 1028 1343 1066 omnium
1368 1027 1613 1076 doctissime,
1636 1030 1730 1067 tuas

135 1088 363 1138 accipiendi
402 1090 585 1138 litteras;
627 1090 779 1141 quibus
815 1091 921 1130 meis
959 1093 1115 1142 quarto,
1156 1093 1202 1131 ni
1238 1092 1371 1141 fallor,
1407 1093 1509 1132 Idus
1546 1093 1729 1143 Augusti

131 1154 323 1203 -proxime
351 1155 513 1194 decursi
546 1156 595 1194 ad
628 1158 668 1194 te
698 1158 909 1206 vtcunque
940 1157 1118 1196 exaratis
1148 1160 1189 1195 te
1220 1170 1517 1207 responsurum
1546 1160 1593 1197 vt
1624 1159 1729 1197 mihi

135 1220 436 1268 persuaderem,
458 1219 631 1259 faciebat
660 1221 726 1259 vel
757 1234 949 1260 summus
977 1222 1021 1260 in
1055 1223 1097 1260 te
1130 1235 1248 1261 meus
1277 1236 1392 1261 amor
1424 1224 1729 1273 perpetuusque

134 1284 273 1323 cultus
299 1287 341 1323 et
369 1285 632 1324 obseruantia
659 1286 726 1325 vel
753 1288 825 1326 tua
852 1287 896 1325 in
924 1300 990 1326 me
1017 1288 1171 1338 pariter
1196 1301 1282 1326 non
1308 1289 1526 1327 mediocris
1555 1289 1730 1327 beneuo·
1749 1308 1766 1339 5

135 1350 263 1409 lentia
300 1350 604 1400 singularisque
640 1350 886 1401 benignitas.
965 1352 1126 1400 Quibus
1165 1353 1335 1402 quidem
1365 1353 1449 1391 tuis
1475 1353 1730 1392 'felicissimis

133 1410 286 1454 litteris
305 1428 402 1454 caue
421 1415 559 1454 credas
578 1415 682 1454 mihi
703 1415 770 1453 his
789 1417 1048 1466 temporibus
1066 1418 1289 1456 iucundius
1309 1419 1526 1468 quiequam
1550 1419 1731 1468 optatius

133 1480 404 1519 honestiusue
421 1480 603 1519 accidere
622 1480 817 1530 potuisse.
873 1481 1033 1520 Verum
1058 1482 1159 1521 dum
1181 1496 1318 1521 meam
1338 1496 1405 1521 me
1428 1496 1546 1532 spem
1565 1484 1732 1523 frustra-

133 1548 219 1584 tam
240 1559 327 1584 esse
351 1545 544 1594 dolerem,
567 1546 669 1584 dum
688 1545 824 1585 multa
847 1546 937 1596 ipse
963 1560 1127 1586 mecum
1152 1547 1304 1586 tacitus
1330 1549 1469 1587 animo
1487 1548 1727 1597 volutarem,

133 1623 224 1649 ecce
251 1624 301 1649 ex
329 1610 481 1649 litteris
509 1623 697 1649 meorum
717 1611 906 1650 Venetiis
934 1613 986 1651 ad
1011 1626 1077 1651 me
1106 1613 1213 1651 datis
1235 1613 1369 1652 factus
1394 1627 1487 1652 sum
1515 1614 1663 1653 certior
1690 1617 1730 1653 te
1754 1632 1790 1652 10

135 1676 372 1726 nuperrime
399 1690 423 1714 a
451 1676 712 1714 sanctissimo
741 1676 910 1714 domino
938 1680 1082 1716 nostro
1106 1679 1243 1716 Leone
1272 1679 1392 1717 Pont.
1416 1679 1523 1717 Max.
1545 1680 1732 1718 Venetiis

134 1741 315 1779 Romam
339 1740 758 1779 honorificentissime
782 1742 1025 1780 accersitum
1043 1743 1507 1792 Archiepiscopumque,
1528 1745 1574 1782 vt
1599 1745 1726 1792 aiunt,

135 1807 492 1844 Monouasiensem
524 1805 850 1855 auspicatissime
883 1809 1065 1846 creatum
1099 1807 1432 1858 declaratumque
1464 1821 1561 1847 esse.
1640 1809 1729 1858 Quo

136 1871 290 1909 nuncio
310 1883 391 1920 ,pro
420 1883 467 1908 eo
496 1883 542 1908 ac
573 1870 696 1908 debui
726 1883 951 1921 sanequam
983 1885 1076 1911 sum
1106 1873 1285 1922 gauisus,
1316 1886 1402 1912 non
1432 1876 1519 1912 tam
1550 1875 1659 1924 quod
1689 1878 1730 1913 te

137 1949 247 1975 noua
283 1936 360 1974 ista
397 1935 614 1985 amplaque
645 1935 816 1974 omnino
855 1937 1056 1987 dignitate
1085 1940 1254 1977 auctum
1290 1938 1467 1977 sentiam
1506 1940 1603 1989 (qua
1631 1940 1728 1979 iam·
1751 1952 1788 1984 15

136 2002 306 2051 pridem,
330 2001 590 2039 suauissimis
608 2000 692 2038 tuis
710 2001 906 2049 moribus,
930 2002 1116 2042 doctrina
1134 2005 1207 2041 tua
1226 2002 1499 2053 facundiaque
1518 2005 1729 2044 rarissima

137 2066 418 2116 sapientiaque
450 2066 530 2104 ista
560 2068 642 2113 tua,
676 2065 909 2115 prudentia,
943 2068 1181 2117 integritate
1211 2068 1591 2117 incomparabiliter
1620 2083 1729 2120 prae-

136 2131 260 2177 ditus,
295 2131 447 2169 merito
492 2130 763 2180 dignissimus
807 2131 977 2170 habitus
1021 2132 1306 2182 iudicatusque
1350 2134 1408 2182 es)
1447 2147 1572 2184 quam
1619 2136 1727 2185 quod

136 2196 333 2235 omnibus
353 2196 603 2245 optimarum
617 2195 851 2234 litterarum
869 2197 1065 2235 studiosis
1088 2198 1243 2247 optime
1263 2199 1501 2237 consultum
1517 2199 1726 2250 intelligo;

138 2261 209 2310 qui
229 2261 396 2311 quidem
416 2274 489 2310 per
506 2263 548 2299 te
567 2261 611 2299 in
633 2273 680 2298 eo
704 2260 923 2310 dignitatis
946 2262 1074 2312 gradu
1097 2262 1371 2301 constitutum
1395 2264 1584 2314 apudque
1603 2265 1725 2304 Pont.
1750 2281 1788 2302 20

137 2326 244 2364 Max.
282 2328 356 2364 tuo
396 2326 544 2363 merito
582 2327 811 2375 pollentem
850 2326 1087 2375 camoenas,
1128 2329 1216 2366 tam
1253 2327 1337 2366 alto
1375 2328 1451 2367 hac
1488 2330 1729 2378 tempestate

137 2391 314 2429 deiectas
342 2391 536 2438 culmine⁷
566 2393 653 2430 tam
683 2391 832 2430 misere
863 2391 1112 2440 deturbatas,
1146 2393 1191 2431 in
1221 2405 1340 2431 suam
1368 2393 1588 2443 pristinam
1619 2395 1728 2433 celsi-

136 2455 328 2494 tudinem
381 2455 812 2506 tranquillitatemque
865 2455 1130 2495 subleuatum
1186 2457 1490 2507 deductumque
1543 2459 1595 2496 iri
1645 2473 1728 2498 non

138 2519 398 2559 dubitabunt.
456 2521 546 2569 Quo
569 2521 617 2559 fit
639 2523 686 2559 vt
710 2533 905 2570 magnam
932 2521 976 2558 in
1005 2534 1120 2571 spem
1149 2522 1329 2561 adducar
1346 2525 1393 2561 vt
1418 2523 1581 2561 credam
1604 2522 1728 2575 [futu-

138 2598 243 2632 rum,
267 2582 409 2637 quod],
431 2598 527 2623 cum
547 2585 723 2624 studiosi
751 2597 897 2623 omnes
921 2585 1078 2636 aliquid
1104 2587 1223 2625 bonis
1249 2587 1400 2625 litteris
1424 2588 1616 2626 habitum
1643 2601 1728 2628 esse
1749 2607 1785 2637 25

138 2649 309 2688 honoris
341 2650 694 2700 emolumentique
722 2650 1060 2700 Moecenatesque
1092 2651 1244 2690 alicubi
1275 2652 1444 2701 reperiri
1472 2653 1723 2702 resciuerint,

137 2714 294 2754 multos
321 2713 499 2753 subinde
527 2715 612 2753 fore
640 2714 843 2754 Marones.
915 2715 1082 2754 Gaudeo
1110 2716 1249 2767 itaque
1279 2717 1386 2755 mihi
1414 2730 1459 2756 ac
1487 2731 1582 2756 vere
1609 2721 1650 2757 et
1678 2732 1726 2757 ex

137 2781 277 2819 animo
300 2779 378 2818 tibi
402 2778 594 2829 gratulor,
623 2781 800 2830 optoque
829 2793 984 2819 munus
1009 2780 1122 2819 istud
1149 2782 1221 2820 tali
1245 2781 1427 2831 auspicio
1456 2782 1531 2821 tibi
1555 2783 1728 2822 feliciter

179 2868 243 2890 rrr.
268 2859 314 2892 B:
337 2860 566 2890 monouAsmfi.
584 2869 615 2891 α.
681 2870 712 2897 4.
735 2859 986 2899 persuaderem
1001 2863 1131 2898 scripsi:
1155 2861 1382 2907 persuaderet
1397 2863 1450 2896 αβ.
1525 2864 1557 2896 6.
1581 2864 1727 2904 quidem

138 2911 160 2944 β
174 2920 182 2940 :
206 2909 294 2949 quid
309 2921 339 2940 α.
475 2919 504 2949 7.
529 2910 622 2940 mihi
638 2911 661 2944 β
675 2920 682 2939 :
708 2911 746 2940 in
763 2921 793 2950 α,
810 2913 877 2942 sine
893 2913 986 2942 dubio
1000 2922 1161 2949 perperam
1176 2923 1230 2949 pro
1246 2910 1292 2944 ih.
1425 2924 1455 2953 9.
1481 2914 1637 2946 dolerem
1652 2919 1706 2947 LB
1721 2929 1727 2947 :

138 2953 299 2984 dolerent
313 2954 368 2987 αβ.
510 2963 558 2991 13.
585 2953 896 2985 Mononasiensem
911 2956 946 2988 β.
1034 2957 1057 2990 β
1073 2967 1080 2986 :
1102 2958 1241 2987 eratum
1255 2968 1286 2987 α.
1432 2967 1481 2996 17.
1506 2958 1727 2999 incompara-

139 2997 246 3027 bilem
263 2998 296 3030 β.
429 3006 480 3028 20.
506 2997 569 3035 qui
585 2995 730 3036 quidem
747 2998 770 3031 β
785 3007 793 3027 :
815 2998 987 3037 quicquid
1002 3009 1034 3030 α.
1121 2998 1196 3033 αβ’·’;
1221 3001 1379 3039 aputque
1391 3000 1438 3034 13¹.
1571 3012 1623 3034 21.
1647 3003 1705 3038 αβ2
1722 3016 1728 3034 :

138 3039 296 3079 pollente
312 3037 358 3072 θ’.
491 3049 543 3079 23.
568 3041 611 3074 B:
636 3040 942 3080 tranquillitatem
957 3053 989 3074 α.
1121 3052 1174 3081 27.
1196 3042 1257 3077 (18²
1273 3054 1279 3073 :
1304 3044 1438 3076 Suadeo
1453 3043 1500 3079 βῙ.

873 3109 993 3135 ΝΠ2
