2010 3417
127 200 225 255 571]
476 201 628 241 FROM
667 201 965 241 TUNSTALL
1003 201 1072 239 TO
1112 199 1383 239 BUDAEUs
1639 198 1715 237 541

124 317 170 354 vt
189 313 374 353 hominis
389 313 523 352 videri
542 312 674 362 possit
691 327 699 360 ;
727 325 822 350 cum
843 311 920 350 sub
940 310 1235 350 eruditissimis
1253 309 1470 349 institutos
1490 312 1718 360 praecepto-

125 380 253 428 ribus,
279 381 404 430 atque
431 391 500 416 eos
524 378 636 428 ipsos
659 390 848 416 summae
871 376 1111 426 diligentiae
1136 376 1256 424 viros,
1282 374 1492 425 αὐτομαθὴς
1516 375 1604 424 ipse
1629 373 1718 412 reli-

124 445 261 496 queris
280 446 367 483 tam
390 444 529 493 longe.
587 441 749 481 Deinde
778 455 874 480 cum
902 455 1066 480 mecum
1087 443 1232 490 reputo
1256 453 1358 490 quas
1383 439 1522 479 vicisti
1548 438 1717 478 difficul-

122 512 241 557 tates,
272 509 387 549 subit
421 508 565 547 diuina
601 508 779 558 quadam
813 507 1074 557 prouidentia
1106 506 1262 544 factum
1299 507 1346 544 vt
1383 504 1718 555 praeceptoribus

123 576 311 614 carueris.
372 574 584 622 Quantum
616 573 729 612 enim
766 573 843 611 sub
874 572 960 611 illis
998 571 1235 622 diligentiae
1265 573 1430 610 nostrae
1461 571 1579 621 perit,
1616 570 1716 609 dum

122 640 426 690 praelegenteis
450 639 585 678 securi
611 641 735 688 atque
765 637 988 676 oscitantes
1013 637 1234 675 audimus!
1264 649 1407 674 eorum
1427 637 1556 674 secuti
1576 635 1712 683 fidem,

123 706 196 755 qui
215 719 268 744 ne
288 704 386 756 quid
407 704 529 743 nobis
549 704 737 754 ignorare
751 702 984 751 videantur,
1003 701 1242 740 ostentandi
1261 714 1305 740 se
1323 701 1454 751 gratia
1473 715 1592 751 saepe
1612 701 1715 740 falsa

122 784 196 820 pro
221 771 341 818 veris,
363 769 487 808 dubia
512 782 588 819 pro
616 769 740 807 certis
769 768 927 806 docent.
987 767 1075 815 Quo
1095 766 1142 805 fit
1166 769 1213 806 vt
1232 779 1392 805 errores
1411 767 1562 806 teneris
1581 766 1714 805 adhuc

121 836 274 875 animis
295 835 441 874 inserti
460 835 678 874 nobiscum
701 833 946 882 adolescant,
978 845 1093 884 quos,
1115 832 1188 872 vbi
1213 832 1338 871 altius
1367 832 1522 871 radices
1542 832 1711 883 egerint,

121 902 277 940 frustra
305 902 439 940 tentes
468 899 686 939 reuellere:
725 899 824 938 adeo
854 911 930 937 nos
958 899 1084 948 pudet
1114 911 1216 948 quae
1244 897 1451 936 imberbes
1480 898 1712 946 didicimus,

122 979 240 1006 senes
267 966 476 1017 perdenda
500 965 630 1014 fateri,
655 966 760 1004 teste
786 964 971 1003 Horatio.
1031 964 1091 1002 At
1116 965 1157 1001 te
1177 962 1362 1001 discendi
1386 963 1583 1012 cupidum
1602 977 1715 1013 prae-

122 1034 334 1082 ceptorum
372 1032 512 1081 inopia
549 1030 715 1081 singula
752 1032 904 1078 notare,
940 1028 1047 1067 nihil
1078 1041 1152 1079 pro
1190 1030 1300 1067 certo
1336 1028 1419 1067 nisi
1456 1030 1714 1078 compertum

122 1099 282 1146 ducere,
307 1096 416 1135 nihil
436 1095 516 1135 tibi
539 1098 694 1134 temere
716 1095 906 1142 credere3
936 1108 1039 1145 quae
1063 1093 1212 1133 caeteri
1230 1093 1365 1133 securi
1384 1093 1643 1142 transiliunt,
1664 1094 1713 1132 ad

121 1162 193 1201 illa
221 1162 457 1209 subsistere,
480 1174 554 1199 nec
584 1161 667 1199 nisi
695 1161 941 1207 examinata,
967 1172 1175 1209 perpensa,
1205 1158 1374 1209 propius
1401 1158 1596 1209 inspecta,
1619 1172 1714 1198 cum

122 1227 334 1266 similibus
363 1227 512 1266 collata
539 1225 761 1276 praeterire
790 1225 961 1275 subegit.
1021 1224 1172 1274 Magno
1201 1224 1255 1273 id,
1284 1224 1435 1274 inquis,
1463 1226 1536 1263 tuo
1559 1224 1714 1263 incom-

122 1293 245 1332 modo
273 1292 352 1330 tibi
380 1291 584 1340 contigit;
613 1293 655 1330 at
684 1291 858 1329 aliorum
887 1289 1123 1329 incredibili
1150 1290 1341 1328 futurum
1369 1291 1455 1327 erat
1483 1291 1709 1329 commodo.

120 1358 278 1409 Ingens
306 1357 412 1396 illud
440 1357 603 1396 tedium
631 1356 703 1395 vix
731 1356 900 1395 tandem
934 1354 1151 1403 deuorasti‚
1184 1357 1225 1393 at
1253 1354 1532 1393 immortalem
1559 1368 1610 1394 ex
1637 1355 1715 1394 hoc

121 1424 349 1476 deportasti
368 1422 573 1474 gloriam;
603 1435 706 1472 quae
732 1420 815 1460 nisi
841 1434 991 1471 magno
1017 1421 1165 1459 sudore
1188 1433 1275 1459 non
1299 1422 1478 1470 paratur.
1539 1420 1633 1459 Tibi
1652 1421 1715 1459 de-

120 1489 235 1528 bebit
254 1488 478 1540 posteritas
504 1488 642 1526 forum
667 1489 947 1538 repurgatum,
968 1486 1209 1525 restitutum
1233 1487 1384 1524 Assem
1403 1485 1482 1524 tibi
1501 1488 1715 1536 acceptum

120 1556 239 1594 feret.
295 1554 360 1593 Tu
390 1567 526 1593 nouus
556 1552 676 1592 nobis
706 1553 876 1592 Seruius
910 1551 1118 1601 Sulpicius
1151 1550 1339 1590 exoriens
1367 1551 1433 1589 ius
1468 1550 1591 1589 ciuile
1619 1564 1713 1590 cum

121 1620 323 1669 facundia,
348 1632 443 1659 cum
472 1632 550 1670 qua
579 1618 665 1657 iam
692 1617 839 1656 multis
866 1617 1013 1656 seculis
1041 1617 1190 1656 fecerat
1220 1616 1453 1665 dissidium,
1480 1616 1640 1655 reducis
1671 1617 1714 1654 in

121 1683 310 1734 gratiam.

178 1748 295 1797 Quod
319 1761 417 1787 vero
445 1747 491 1785 in
519 1746 628 1785 calce
655 1745 870 1784 literarum
895 1747 1063 1784 tuarum
1089 1744 1297 1783 adiectum
1323 1745 1420 1792 erat,
1446 1746 1486 1782 te
1514 1756 1643 1783 nouas
1669 1743 1714 1781 in

122 1813 355 1852 Pandectas
382 1811 672 1850 annotationes
697 1823 851 1860 parare,
880 1809 1038 1849 laetitia
1063 1809 1239 1859 quadam
1269 1808 1503 1847 incredibili
1531 1822 1599 1847 me
1627 1822 1715 1858 per-

122 1879 242 1918 fudit.
311 1877 493 1916 Mirabar
530 1889 695 1927 nanque
734 1888 806 1914 cur
833 1875 936 1914 flatu
972 1876 1059 1914 tam
1091 1874 1271 1913 secundo
1300 1874 1460 1913 delatus
1488 1874 1533 1912 in
1565 1874 1712 1923 altum,

123 1956 314 1983 ancoram
334 1943 379 1981 in
392 1941 527 1980 medio
546 1941 883 1980 lucubrationum
902 1941 989 1979 tam
1008 1939 1178 1979 vtilium
1197 1952 1318 1978 cursu
1338 1939 1500 1978 iecisses
1519 1953 1528 1987 ;
1557 1941 1599 1977 et
1617 1952 1713 1978 cum

123 2022 191 2048 me
222 2009 267 2047 in
303 2007 532 2046 amicitiam
566 2008 683 2045 tuam
712 2005 925 2044 insinuare
958 2018 1159 2055 cuperem,
1192 2004 1397 2043 scribendi
1424 2007 1713 2054 argumentum

125 2074 232 2113 mihi
251 2085 415 2112 sumere
445 2073 720 2119 decreueram,
742 2073 787 2109 vt
810 2070 861 2109 ad
884 2070 926 2108 id
946 2070 1053 2120 quod
1080 2081 1198 2109 orsus
1217 2082 1326 2109 esses
1351 2070 1653 2109 absoluendum
1671 2072 1712 2109 te

126 2140 323 2178 hortarer.
386 2138 504 2186 Quod
542 2136 626 2175 iam
660 2138 955 2185 argumentum
991 2135 1099 2173 mihi
1135 2137 1394 2185 praereptum
1432 2148 1520 2174 esse
1556 2136 1713 2185 gaudeo

125 2217 383 2255 magnopere.
443 2201 623 2241 Facilius
641 2202 754 2240 enim
777 2203 849 2239 tua
875 2203 1022 2251 sponte
1042 2202 1252 2250 resumpto
1271 2213 1403 2248 cursu,
1427 2214 1477 2239 ex
1496 2201 1713 2240 immensis

125 2269 418 2309 difficultatum
439 2267 635 2306 fluctibus
654 2268 822 2316 portum
851 2266 1010 2304 tenebis
1030 2267 1228 2316 optatum.
1289 2266 1419 2304 Porro
1438 2266 1505 2305 his
1525 2266 1713 2305 Minerua

126 2348 230 2385 quae
250 2335 385 2373 libens
405 2334 558 2371 tractat
577 2332 779 2370 maiorem
799 2331 912 2370 addit
932 2332 1016 2369 fere
1031 2331 1217 2381 gratiam.
1275 2331 1488 2379 Quantum
1508 2331 1603 2370 illae
1618 2334 1712 2370 tuae

126 2400 234 2439 mihi
261 2399 448 2450 placeant
477 2397 849 2436 commentationes
876 2396 943 2435 vel
975 2409 1025 2434 ex
1053 2396 1130 2434 hoc
1163 2396 1362 2434 coniicere
1390 2395 1555 2445 poteris,
1586 2396 1709 2446 quod,

126 2478 221 2504 cum
258 2465 302 2502 in
345 2463 620 2502 adolescentia
662 2461 915 2511 primoribus
956 2461 1084 2499 labris
1126 2461 1394 2500 humaniores
1431 2460 1713 2510 degustassem

126 2530 266 2568 literas
302 2541 349 2568 ae
378 2528 526 2567 deinde
556 2528 606 2565 ad
635 2526 737 2565 iuris
766 2525 900 2565 ciuilis
932 2525 1117 2564 studium
1145 2526 1260 2565 velut
1288 2525 1338 2564 ad
1368 2537 1455 2563 rem
1483 2525 1713 2574 augendam

127 2593 476 2633 accommodatius
495 2592 723 2631 amicorum
742 2604 865 2630 suasu
884 2591 1056 2630 fuissem
1076 2591 1276 2638 detrusus,
1291 2591 1572 2640 praeceptores
1586 2602 1711 2638 meos,

127 2659 238 2698 viros
258 2659 303 2697 in
330 2658 453 2696 Italia
478 2670 523 2695 ea
552 2658 798 2706 tempestate
825 2656 1120 2702 celeberrimos,
1142 2668 1278 2694 meros
1297 2654 1511 2695 Scaeuolas
1530 2656 1572 2693 et
1591 2654 1712 2704 Papi-

128 2725 276 2763 nianos
307 2723 468 2762 cunctis
497 2723 622 2771 visos,
654 2721 806 2772 agitare
835 2722 1045 2760 interdum
1071 2721 1264 2768 solebam,
1297 2734 1391 2759 cum
1413 2720 1465 2758 ab
1491 2720 1557 2758 his
1580 2719 1714 2769 legem

127 2789 308 2839 aliquam
336 2789 381 2826 in
409 2801 526 2826 suam
553 2787 805 2826 sententiam
831 2787 991 2825 obtorto
1020 2786 1124 2825 collo
1154 2786 1349 2824 miseram
1377 2785 1486 2824 trahi
1514 2785 1710 2831 viderem,

129 2855 251 2904 longe
280 2853 405 2901 aliud,
438 2853 474 2891 si
501 2865 573 2902 per
601 2852 690 2890 vim
718 2852 916 2897 licuisset,
947 2852 1219 2890 sentientem:
1258 2849 1532 2900 gloriantibus
1559 2849 1715 2888 interea

565 2937 636 2966 113.
665 2937 785 2958 secure
802 2929 844 2959 H.
1024 2936 1096 2965 132.
1121 2926 1228 2958 addet
1244 2929 1279 2959 F.

177 3029 247 3050 111.
275 3018 442 3060 Horatio]
468 3019 520 3050 cf.
538 3021 598 3056 Ep.
615 3028 646 3050 2.
665 3028 692 3049 1.
712 3020 763 3057 85.
1000 3027 1068 3057 139.
1095 3018 1234 3049 obtorto
1256 3017 1363 3058 collo]
1412 3017 1462 3049 Of.
1486 3017 1600 3049 Plaut.
1623 3019 1711 3049 Poen.

178 3072 247 3103 123.
273 3064 311 3094 in
329 3062 438 3104 calce]
458 3063 522 3102 Ep.
540 3072 613 3102 493.
634 3071 698 3101 514
715 3071 788 3101 seq.
954 3071 1016 3101 790
1032 3061 1103 3093 and
1119 3064 1203 3094 Rud.
1220 3062 1293 3101 853.

1741 582 1798 614 105

1738 911 1796 932 110

1737 1236 1793 1267 115

1738 1562 1796 1584 120

1737 1888 1796 1920 125

1735 2211 1796 2242 130

1736 2537 1794 2570 135

1738 2862 1797 2894 ¹40
