2073 3464
378 181 431 219 24
846 179 1096 218 LETTERS
1137 177 1206 216 OF
1245 176 1508 216 ERASMUS

1847 173 1972 228 [1514

376 290 524 340 quibus
556 289 675 327 facile
714 288 887 326 coniicio
927 286 1036 325 nihil
1075 285 1191 324 aliud
1232 297 1320 323 esse
1362 297 1487 334 quam
1520 285 1653 323 amica
1690 285 1890 334 quaedam
1922 286 1973 324 de

377 357 553 394 Erasmo
591 353 804 392 mendacia
839 352 949 400 (vide
987 363 1113 401 quam
1147 350 1227 388 sim
1261 348 1548 397 ambitiosus);
1596 351 1639 388 at
1672 350 1855 399 primum
1889 363 1973 388 non

297 432 360 464 240
377 420 516 458 aderat
535 419 580 456 in
598 418 674 456 hac
693 417 805 456 vrbe.
866 416 987 454 Nunc
1007 427 1175 454 omnem
1195 414 1310 464 fugio
1330 414 1585 452 occasionem
1605 427 1708 463 quae
1728 427 1794 452 me
1813 426 1837 452 a
1855 413 1976 452 libris

376 485 529 522 auocet.
588 483 660 521 An
679 484 726 520 tu
755 494 840 519 non
866 480 1138 530 gratulaberis
1163 480 1336 518 Erasmo
1361 481 1444 528 tuo,
1467 479 1538 529 qui
1555 479 1737 530 propicia
1756 479 1917 518 Iunone
1935 481 1977 518 et

378 547 524 586 Ilithia
542 547 742 586 foeliciter
761 546 910 584 enixus
929 548 991 584 est
1003 547 1023 585 ‘?
1078 545 1214 584 Audis
1233 544 1531 583 fecunditatem
1551 557 1697 592 meam,
1720 544 1790 594 qui
1814 545 1977 594 saepius

376 613 537 663 pariam
566 625 689 662 quam
719 612 800 661 ipsi
829 611 1034 650 cuniculi:
1067 624 1230 661 quoque
1258 610 1392 660 magis
1419 610 1650 660 gratuleris,
1680 609 1789 648 edidi
1818 609 1977 648 foetum

377 691 561 726 saxeum,
588 690 674 716 non
703 677 794 715 sine
821 676 1158 715 laboriosissimis
1186 675 1365 714 nixibus.
1427 675 1493 714 Ita
1521 675 1626 713 mihi
1655 688 1815 725 semper
1843 675 1981 714 faueat

302 758 360 790 245
379 742 550 791 Lucina,
578 742 639 780 mi
658 741 984 791 Wimphelinge.
1046 741 1187 789 Ludis,
1220 741 1391 791 inquies,
1423 741 1469 779 in
1498 754 1541 779 re
1569 743 1658 779 tam
1686 740 1868 779 misera?
1906 739 1980 791 qui

380 807 522 847 minus
542 820 618 857 ego
645 820 770 857 quam
794 807 992 854 Socrates,
1018 806 1089 857 qui
1109 806 1250 845 iocans
1276 805 1383 844 bibit
1408 805 1599 855 cicutam,
1622 805 1762 844 iocans
1786 807 1980 844 mortuus

381 875 476 912 est?

434 938 810 978 Absolutissimum
825 937 964 976 virum
981 936 1199 976 dominum
1219 937 1423 975 Ioannem
1439 936 1728 982 Reuchlinum,
1746 937 1809 975 tot
1831 936 1976 983 literis,

380 1008 444 1045 tot
462 1005 619 1054 linguis
638 1003 872 1053 praeditum
897 1005 943 1041 vt
967 1002 1087 1051 plura
1111 1002 1233 1040 corda
1255 1014 1380 1051 quam
1416 1001 1579 1040 Ennius
1603 1001 1753 1039 habere
1776 1001 1975 1050 videatur,

302 1085 364 1117 250
381 1070 552 1109 vnicum
572 1082 663 1107 mea
677 1068 881 1107 sententia
895 1068 1025 1106 totius
1041 1066 1283 1106 Germaniae
1303 1067 1440 1111 decus,
1455 1066 1601 1105 lumen
1616 1069 1657 1104 et
1671 1067 1974 1113 ornamentum,

381 1139 469 1175 tam
495 1135 638 1184 procul
664 1134 762 1172 hinc
785 1133 926 1172 abesse
955 1133 1084 1181 doleo,
1106 1134 1153 1171 vt
1178 1145 1295 1182 aegre
1324 1132 1458 1170 literis
1485 1133 1610 1171 etiam
1638 1131 1816 1182 colloqui
1843 1131 1976 1170 liceat.

382 1201 585 1239 Ioannem
605 1199 815 1249 Sapidum,
839 1211 935 1236 cum
961 1198 1145 1237 viderem
1166 1210 1190 1236 a
1215 1197 1336 1236 nobis
1354 1198 1426 1236 vix
1444 1197 1569 1236 auelli
1587 1210 1717 1247 posse,
1739 1196 1981 1236 tetrasticho

383 1279 477 1305 sum
506 1264 750 1304 consolatus.
810 1264 865 1302 Et
889 1277 969 1314 quo
990 1264 1143 1314 pignus
1172 1265 1280 1302 esset
1304 1263 1470 1302 charius
1490 1263 1657 1311 amanti,
1679 1263 1747 1302 vel
1773 1263 1983 1302 deamanti

383 1344 428 1370 ac
457 1330 701 1380 depereunti
727 1329 871 1380 magis,
895 1329 1000 1367 meis
1025 1328 1166 1378 digitis
1189 1328 1362 1378 scripsi3
1394 1329 1436 1367 id
1460 1329 1510 1367 ad
1536 1331 1577 1367 te
1603 1329 1738 1367 mitto.
1798 1328 1921 1367 Mitto
1940 1331 1982 1367 et

306 1408 365 1440 255
383 1396 462 1434 hoc
476 1395 584 1445 quod
605 1407 655 1433 ex
673 1394 821 1433 itinere
836 1395 1079 1444 scripseram
1094 1394 1145 1432 ad
1160 1394 1523 1444 incomparabilem
1538 1394 1676 1432 virum
1691 1393 1982 1433 Sebastianum

384 1461 542 1507 Brant3
582 1473 682 1498 nam
711 1459 756 1498 in
787 1472 834 1498 eo
861 1459 1029 1498 voculas
1057 1458 1216 1509 aliquot
1245 1459 1418 1498 mutaui.
1468 1459 1746 1513 Adiecibquod
1771 1460 1821 1498 ad
1844 1460 1984 1497 Aucu—

385 1525 549 1576 parium
579 1538 664 1563 non
698 1524 943 1574 scripseram
972 1524 1044 1562 sed
1073 1524 1315 1563 effutieram.
1389 1524 1518 1563 Porro
1551 1527 1716 1575 tempus
1749 1526 1790 1563 et
1819 1537 1884 1563 res
1911 1523 1982 1563 ali·

387 1591 553 1641 quando
572 1590 851 1640 suppeditabit
875 1589 1132 1628 occasionem
1150 1590 1343 1628 idoneam
1363 1589 1611 1628 testificandi
1631 1589 1821 1628 animum
1841 1602 1983 1628 meum

387 1670 483 1707 erga
523 1668 708 1707 proceres
739 1655 855 1694 vrbis
888 1656 1223 1705 Argentinensis.
1284 1655 1425 1694 Saluta
1457 1654 1735 1694 venerabilem
1763 1654 1984 1693 dominum

309 1724 370 1757 260
388 1723 577 1761 Priorem
608 1720 858 1769 Ioannitam,
899 1720 1080 1759 amicum
1118 1722 1239 1758 tuum
1272 1723 1314 1759 et
1351 1733 1502 1759 meum.
1564 1721 1679 1759 Bene
1715 1719 1816 1768 vale,
1858 1720 1986 1759 frater

388 1787 628 1827 honorande
647 1788 687 1825 et
706 1786 835 1824 amice
854 1785 1142 1824 sincerissime.

443 1852 616 1899 Basilee‚
646 1863 703 1889 11.
727 1850 928 1890 Calendas
948 1850 1151 1898 Octobris,
1181 1861 1294 1897 1514.

809 1984 946 2038 306307

438 2132 511 2168 LB.
530 2133 627 2178 App.
651 2142 702 2168 10.

1008 1983 1141 2024 FROM
1174 1983 1361 2024 ULRICH
1393 1982 1568 2024 ZAsms.

437 2075 623 2111 Deventer
639 2072 716 2109 MS.
737 2084 792 2118 91,
811 2073 848 2108 ff.
872 2076 935 2119 138
955 2078 1006 2108 νο.
1028 2073 1076 2118 (a)
1098 2074 1171 2108 and
1190 2083 1253 2108 201
1278 2073 1348 2118 (β).

1636 2072 1826 2118 Freiburg.

1537 2141 1577 2166 21
1600 2131 1819 2175 September
1840 2140 1939 2177 1514.

436 2214 538 2256 [This
561 2214 668 2245 letter
684 2214 714 2244 is
731 2214 853 2253 copied
877 2214 980 2244 twice
999 2213 1037 2243 in
1062 2213 1122 2244 the
1147 2213 1325 2244 Deventer
1342 2213 1454 2251 book;
1483 2213 1530 2252 by
1553 2211 1661 2243 Hand
1680 2213 1707 2243 A
1727 2213 1766 2243 in
1783 2213 1870 2244 each
1894 2222 1983 2244 case.

389 2260 446 2290 On
470 2259 529 2289 the
553 2257 682 2289 second
706 2258 867 2288 occasion
892 2258 921 2288 it
945 2258 974 2288 is·
999 2257 1147 2287 marked
1171 2259 1207 2287 to
1231 2257 1353 2287 follow
1378 2256 1441 2296 Ep.
1461 2266 1546 2295 3033
1573 2258 1610 2287 to
1634 2256 1755 2287 which
1778 2266 1824 2287 no
1847 2266 1987 2288 answer

394 2302 466 2333 had
482 2303 542 2342 yet
559 2302 647 2332 been
665 2300 854 2341 received]

436 2393 510 2422 241.
547 2383 607 2414 An
634 2385 673 2414 tu
702 2392 774 2414 non
802 2394 845 2412 a:
878 2383 927 2413 At
955 2392 1028 2413 non
1056 2384 1095 2413 tu
1120 2384 1154 2416 β.

395 2426 573 2458 Reuchlin
589 2428 622 2460 β.
761 2436 836 2464 252.
862 2427 1036 2457 Ioannem
1053 2437 1112 2457 om.
1131 2427 1164 2460 β.

396 2481 515 2501 meum
532 2481 591 2502 om.
609 2471 643 2504 β.

439 2549 513 2586 248.
540 2545 799 2586 Reuchlinum]
825 2546 881 2577 He
910 2556 983 2577 was
1013 2557 1095 2578 now
1119 2549 1159 2578 in

395 2592 572 2631 Stuttgart
589 2602 596 2629 ;
620 2590 663 2622 cf.
682 2590 754 2622 RE.

441 2645 514 2674 249.
539 2635 642 2674 plura
665 2632 785 2674 corda]
821 2635 829 2651 ‘
845 2634 998 2674 Quintus
1022 2634 1162 2665 Ennius

397 2680 468 2709 tria
494 2678 598 2709 corda
629 2678 761 2709 habere
788 2686 862 2708 sese
892 2677 1041 2717 dicebat,
1068 2678 1162 2716 quod

397 2723 497 2761 loqui
521 2722 651 2752 Graece
667 2723 703 2752 et
725 2722 809 2753 Osce
825 2723 861 2752 et
884 2721 1012 2752 Latine
1030 2722 1161 2752 sciret.’

399 2765 490 2796 Gell.
513 2775 562 2803 17.
585 2775 633 2804 17.

443 2818 517 2847 252.
533 2806 760 2848 tetrasticho]
777 2810 831 2838 Ad
847 2810 998 2839 Ioannem
1011 2811 1166 2845 Sapidum

396 2861 492 2882 suum
510 2854 544 2882 in
561 2855 693 2882 discessu
707 2864 714 2892 ;
733 2851 879 2891 printed
895 2852 934 2882 in
950 2851 1076 2886 Baster
1092 2852 1166 2883 this

400 2895 515 2925 letter.

445 2947 519 2976 255.
549 2937 632 2978 hoc]
672 2938 759 2969 Also
791 2938 937 2978 printed
970 2939 1062 2970 after
1091 2938 1167 2969 this

401 2982 509 3012 letter
530 2982 570 3011 in
595 2983 626 3015 β.

445 3026 519 3064 256.
543 3024 588 3055 ad
606 3024 868 3065 Aucuparium]
895 3024 946 3056 Cf.
964 3025 987 3056 1.
1009 3026 1070 3064 136
1082 3034 1116 3056 n.

1329 2383 1402 2421 246.
1436 2392 1498 2421 ego
1525 2392 1583 2413 om.
1617 2383 1650 2416 B.

1298 2436 1371 2465 254.
1398 2427 1441 2458 fi:
1466 2426 1665 2465 deperienti
1680 2436 1710 2456 α.

1817 2382 1893 2420 248.
1926 2383 1988 2413 αδε

1851 2427 1927 2458 260.
1951 2428 1988 2458 et

776 2471 851 2501 261.
877 2470 1116 2501 sincerissime
1133 2482 1152 2499 α
1168 2481 1174 2500 :
1198 2470 1488 2510 incomparabilis
1505 2471 1538 2503 β.

1268 2549 1341 2579 260.
1367 2546 1544 2587 Priorem]
1568 2547 1614 2578 In
1637 2547 1700 2577 the
1724 2546 1786 2577 list
1810 2546 1848 2576 of
1867 2546 1989 2578 Priors

1223 2591 1328 2631 given
1340 2591 1379 2621 in
1392 2591 1550 2631 Ingold’s
1562 2590 1700 2621 edition
1711 2590 1749 2620 of
1757 2589 1985 2630 Grandidier‚

1223 2635 1292 2665 vol.
1305 2645 1337 2664 v.
1353 2644 1385 2674 p.
1399 2645 1450 2673 44,
1469 2634 1619 2673 Colmar,
1642 2643 1736 2672 1900,
1755 2633 1857 2664 Thos.
1876 2633 1988 2675 Erber

1225 2679 1254 2709 is
1271 2678 1396 2709 shown
1417 2687 1454 2708 as
1477 2678 1582 2708 Prior
1599 2686 1814 2716 1492—15393
1837 2677 1903 2707 but
1926 2676 1989 2707 the

1225 2721 1349 2761 length
1376 2722 1414 2752 of
1435 2721 1511 2752 this
1536 2721 1659 2761 period
1682 2722 1841 2761 suggests
1863 2729 1884 2751 a
1909 2729 1988 2759 gap.

1225 2765 1299 2796 The
1315 2765 1425 2796 house
1442 2766 1478 2795 of
1498 2764 1561 2795 the
1578 2765 1766 2804 Strasburg
1782 2763 1941 2803 Knights
1955 2764 1994 2793 of

1227 2809 1277 2840 St.
1301 2808 1409 2847 John,
1432 2818 1452 2839 a
1475 2807 1651 2839 favourite
1677 2809 1791 2838 resort
1817 2806 1856 2837 of
1879 2806 1990 2837 Maxi-

1228 2851 1367 2891 milian,
1406 2861 1478 2882 was
1517 2861 1563 2882 on
1600 2851 1664 2882 the
1703 2851 1824 2882 Griine
1861 2849 1990 2880 Worth

1229 2895 1372 2935 (viridis
1410 2894 1556 2934 insula),
1595 2904 1676 2925 now
1706 2894 1768 2924 the
1807 2892 1989 2924 Schlacht-

1229 2939 1435 2978 hausplatz:
1459 2938 1502 2969 cf.
1521 2941 1702 2975 Strassburq
1716 2947 1748 2967 υ.
1763 2939 1844 2967 scine
1855 2938 1989 2976 Bauten,

1232 2983 1325 3022 1894,
1343 2992 1399 3022 pp.
1414 2992 1479 3021 299
1494 2981 1567 3013 and
1582 2991 1656 3020 301,
1670 2980 1741 3011 and
1758 2981 1799 3011 A.
1819 2979 1989 3020 Seyboth‚

1228 3028 1293 3057 Das
1307 3028 1366 3057 alte
1382 3028 1575 3065 strassbury,
1595 3035 1628 3064 p.
1645 3025 1719 3054 282.
