2073 3464
119 179 216 234 304]
533 183 686 223 FROM
724 184 947 224 MARTIN
984 187 1104 226 VAN
1143 187 1294 227 DORP
1656 192 1706 230 15

118 292 378 341 aeditionem‚
403 293 567 343 quocies
585 294 634 333 de
661 294 742 333 fide
762 295 895 334 nodus
915 296 1125 336 incideret.
1185 299 1272 336 Aut
1291 311 1388 348 ergo
1408 299 1623 339 fatendum
1642 303 1706 340 est

118 360 272 397 temere
298 358 440 398 fecisse
477 361 612 409 patres
645 361 880 410 temereque
909 361 1100 410 facturos,
1131 362 1167 400 si
1195 363 1302 402 hanc
1330 364 1556 403 edicionem
1584 364 1707 404 inter-

118 423 477 475 pretacionemque
501 426 736 475 sequantur,
760 428 831 464 aut
861 439 951 465 eam
971 440 1113 466 veram
1142 430 1182 466 et
1210 429 1416 479 integram
1445 442 1542 468 esse.
1599 430 1706 478 Quid

117 490 257 527 autem
270 491 291 529 ’Β
335 491 406 528 An
426 489 553 529 libros
579 490 753 529 Graecos
772 491 902 530 credis
922 504 1008 530 esse
1030 492 1190 531 Latinis
1209 494 1547 534 emendaciores‘?
1593 495 1707 534 Nun-

120 554 215 604 quid
254 555 386 594 maior
421 554 507 593 illis
543 555 624 593 fuit
662 568 786 604 quam
824 556 986 595 Latinis
1026 570 1124 595 cura
1161 559 1319 608 integre
1352 560 1546 599 seruandi
1579 560 1708 599 libros

119 632 265 668 sacros,
311 620 418 670 apud
457 632 559 669 quos
597 618 742 668 religio
781 620 1015 660 Christiana
1053 635 1322 672 sepenumero
1361 625 1416 663 sit
1453 624 1704 673 labefactata,

118 685 269 735 quique
296 686 456 735 praeter
474 697 607 723 vnum
637 683 837 724 Iohannis
868 685 1144 735 Euangelium
1173 690 1305 727 cetera
1333 690 1472 728 omnia
1500 690 1706 729 affirment

118 750 312 789 nonnihil
330 749 480 788 erroris
498 749 723 798 continere,
746 751 794 788 vt
812 749 892 788 alia
911 751 1082 788 interim
1101 754 1266 800 taceam,
1286 767 1386 802 qum
1406 755 1511 803 apud
1535 755 1707 794 Latinos

119 827 282 864 semper
306 814 506 853 inuiolata
531 815 858 864 perseuerauerit
884 828 1034 865 sponsa
1060 816 1217 855 Christi
1242 818 1442 857 ecclesia?
1498 820 1590 858 Iam
1609 834 1706 859 vero

117 879 286 930 quinam
319 879 423 918 scias
454 881 497 918 te
523 879 569 917 in
596 880 802 930 castigata,
824 880 860 919 si
888 881 1012 919 modo
1040 881 1228 930 pluscula
1257 883 1314 921 sis
1334 886 1490 932 nactus,
1513 884 1707 924 incidisse

115 945 374 995 exemplaria,
396 946 443 984 vt
462 945 530 984 vel
548 946 729 983 maxime
750 946 901 984 donem
920 945 1057 996 aliqua
1076 960 1164 985 esse
1183 947 1349 987 Graecis
1369 948 1568 999 castigata
1580 950 1600 988 ‘?

170 1010 253 1049 His
272 1010 505 1050 racionibus
534 1010 726 1059 adducor,
747 1011 807 1048 mi
833 1011 1014 1059 Erasme,
1036 1014 1083 1051 vt
1109 1012 1325 1052 Laurentii
1346 1013 1545 1064 Fabrique
1566 1028 1708 1064 operas

117 1089 201 1115 non
233 1076 291 1115 ita
323 1075 639 1126 magnifaciam;
681 1088 781 1114 nam
811 1078 1075 1115 contemnere
1113 1078 1221 1116 nihil
1252 1078 1379 1118 velim
1413 1092 1498 1117 non
1537 1080 1707 1119 omnino

116 1141 286 1180 malum.
347 1141 489 1191 Neque
525 1140 645 1180 video
676 1141 775 1191 quid
811 1141 878 1179 illi
910 1143 1028 1181 tanto
1066 1143 1283 1182 molimine
1323 1144 1585 1193 contulerint,
1626 1145 1707 1184 nisi

118 1207 282 1257 quocies
305 1205 620 1257 significantius,
642 1208 688 1245 vt
714 1206 812 1255 dixi,
840 1207 996 1257 aliquid
1023 1208 1129 1247 verti
1158 1209 1340 1258 potuisse
1368 1210 1605 1259 admonent,
1629 1210 1706 1249 hoc

117 1272 252 1311 libens
285 1272 447 1322 recipio,
468 1271 599 1311 eciam
625 1271 661 1309 si
684 1273 847 1322 quando
877 1273 1140 1323 graecissasse
1170 1274 1446 1324 interpretem,
1478 1275 1513 1314 si
1542 1276 1706 1326 quando

117 1338 287 1377 barbare
306 1338 478 1376 vertisse
503 1339 661 1376 notent.
723 1337 831 1376 Nam
856 1337 1087 1388 elegantius
1112 1339 1246 1378 multo
1271 1340 1379 1380 verti
1406 1341 1588 1390 potuisse
1613 1341 1706 1391 quis

119 1403 284 1443 nescit?
338 1403 454 1452 Quod
474 1403 511 1442 si
534 1402 789 1442 sentenciam
808 1416 831 1442 a
856 1403 1005 1442 Latino
1034 1404 1261 1454 interprete
1281 1405 1488 1445 redditam
1507 1419 1531 1445 a
1551 1407 1707 1446 Graeco

119 1469 255 1508 codice
283 1469 327 1508 in
355 1469 528 1508 veritate
557 1468 786 1519 discrepare
813 1470 1078 1518 contendunt,
1111 1470 1171 1508 ibi
1205 1470 1422 1510 valedictis
1460 1471 1603 1510 Grecis
1641 1472 1706 1511 ad·

118 1535 241 1573 hereo
260 1533 431 1582 Latinis,
456 1533 563 1584 quod
593 1534 782 1573 animum
808 1534 1002 1573 inducere
1022 1549 1107 1574 non
1133 1535 1290 1585 possim
1310 1536 1472 1575 Latinis
1497 1536 1707 1575 codicibus

118 1600 294 1639 Graecos
312 1612 401 1639 esse
419 1599 675 1649 integriores.
722 1600 854 1650 Atqui
874 1601 1135 1650 Augustinus
1155 1601 1271 1640 iubet
1290 1601 1460 1640 Latinos
1478 1601 1637 1641 riuulos
1656 1615 1705 1640 ex

119 1665 378 1705 Graecanicis
395 1665 580 1704 fontibus
608 1664 784 1715 irrigari.
840 1666 908 1704 Ita
932 1679 1029 1705 sane
1055 1667 1188 1717 ipsius
1215 1668 1362 1715 seculo,
1388 1681 1467 1718 quo
1494 1681 1628 1717 neque
1648 1668 1706 1706 ita

117 1733 202 1770 erat
221 1730 272 1770 ab
290 1730 458 1769 ecclesia
475 1732 636 1780 recepta
653 1743 736 1769 vna
760 1730 896 1781 aliqua
923 1731 1075 1770 aeditio
1102 1732 1259 1781 Latina,
1284 1746 1416 1783 neque
1442 1733 1500 1771 ita
1527 1734 1705 1782 corrupti

119 1796 237 1835 Greci
255 1797 406 1844 fontes,
424 1797 471 1834 vt
490 1808 601 1834 nunc
619 1809 707 1835 esse
726 1795 951 1835 verisimile
972 1799 1045 1835 est.
1105 1796 1185 1835 Sed
1213 1798 1347 1836 dices:
1383 1797 1549 1835 ‘Nolim
1569 1798 1614 1836 in
1633 1801 1705 1837 tuo

117 1861 252 1900 codice
282 1861 503 1912 quicquam
531 1860 739 1909 immutes,
762 1874 895 1910 neque
924 1861 1063 1900 credas
1091 1861 1237 1901 falsam
1266 1874 1354 1901 esse
1383 1862 1577 1901 Latinam
1602 1864 1705 1902 aedi-

116 1927 276 1966 tionem
294 1941 303 1974 ς
332 1927 468 1966 solum
487 1926 658 1965 ostendo
680 1925 777 1976 quid
798 1925 843 1964 in
864 1927 1029 1965 Graecis
1044 1926 1330 1966 voluminibus
1350 1927 1702 1978 deprehenderim,

115 1993 224 2042 quod
245 1992 446 2041 discrepet
473 2004 497 2030 a
524 1991 714 2039 Latinis;
748 1993 789 2029 et
817 1991 895 2030 hoc
924 1992 1021 2041 quid
1051 1992 1254 2031 officiet?'
1311 1992 1469 2031 Officiet
1486 1993 1705 2039 mehercle,

118 2054 299 2094 Erasme.
372 2054 479 2092 Nam
530 2053 580 2091 de
626 2065 833 2091 sacrarum
876 2053 1109 2093 litterarum
1154 2055 1391 2104 integritate
1435 2055 1705 2105 disputabunt

116 2121 296 2171 plurimi,
319 2120 532 2171 ambigent
558 2119 692 2167 multi,
716 2119 751 2157 si
769 2118 835 2158 vel
863 2119 1079 2158 tantillum
1107 2120 1151 2158 in
1179 2120 1232 2158 iis
1259 2134 1347 2159 esse
1374 2120 1479 2169 falsi,
1502 2135 1587 2160 non
1613 2123 1704 2162 dico

117 2199 168 2225 ex
199 2189 270 2227 tua
301 2199 424 2236 opera
457 2184 684 2233 didicerint,
708 2185 779 2223 sed
813 2187 1050 2224 narrantem
1080 2186 1283 2225 duntaxat
1311 2187 1549 2237 quempiam
1569 2188 1704 2227 audie-

120 2253 230 2301 rint;
276 2254 316 2291 et
353 2251 426 2290 fiet
463 2251 572 2301 quod
609 2250 660 2289 ad
704 2249 1001 2289 Hieronimum
1045 2251 1188 2290 scribit
1235 2252 1524 2302 Augustinus:
1568 2253 1614 2292 Si
1652 2254 1703 2293 ad

116 2318 338 2368 scripturas
364 2329 497 2355 sacras
524 2316 706 2355 admissa
733 2315 890 2354 fuerint
909 2316 977 2355 vel
1006 2316 1184 2356 officiosa
1209 2317 1431 2366 mendacia,
1455 2318 1553 2368 quid
1581 2319 1626 2357 in
1646 2319 1704 2358 eis

116 2382 341 2422 remanebit
361 2381 594 2421 autoritatis
609 2382 631 2420 t>

168 2449 258 2487 Hec
276 2448 416 2487 omnia
443 2461 510 2486 me
537 2447 805 2494 induxerunt,
834 2447 1005 2485 Erasme
1034 2447 1286 2496 charissime,
1309 2450 1356 2487 vt
1385 2461 1498 2486 orem
1525 2450 1565 2486 te
1594 2449 1704 2487 obse·

121 2526 312 2563 cremque
339 2526 412 2563 per
440 2513 663 2552 amicitiam
690 2512 800 2550 inter
829 2525 904 2551 nos
931 2513 1134 2561 mutuam,
1158 2526 1282 2562 quam
1310 2515 1357 2551 tu
1386 2514 1533 2552 absens
1561 2514 1700 2562 tueris,

117 2591 269 2628 perque
295 2579 481 2617 natiuam
506 2577 811 2617 humanitatem
837 2579 1138 2628 candoremque
1162 2581 1295 2626 tuum,
1319 2580 1364 2617 vt
1382 2579 1448 2618 vel
1474 2578 1582 2617 solos
1608 2579 1704 2618 illos

117 2643 225 2682 Noui
244 2642 501 2681 Testamenti
519 2643 629 2681 locos
649 2644 850 2692 emendes,
869 2644 940 2681 vbi
959 2645 1154 2682 manente
1173 2643 1384 2683 sentencia
1402 2643 1704 2692 significantius

122 2708 277 2758 aliquid
297 2707 547 2746 substituere
566 2709 682 2757 potes
702 2722 712 2755 3
741 2708 807 2747 vel
828 2709 863 2746 si
891 2709 1061 2747 omnino
1081 2709 1322 2747 mutandam
1343 2721 1428 2746 esse
1448 2710 1701 2748 sentenciam

121 2772 348 2820 annotabis,
372 2773 425 2810 iis
445 2772 677 2811 racionibus
697 2773 742 2810 in
763 2773 934 2822 epistola
953 2772 1136 2811 liminari
1156 2773 1414 2822 respondeas.

163 2881 234 2902 110.
260 2871 505 2910 integramque
521 2871 577 2909 ΒὙ.
686 2879 756 2900 111.
785 2869 907 2900 credas
923 2871 979 2908 βγ.
1089 2879 1160 2908 125.
1185 2871 1228 2903 αβ
1241 2880 1247 2900 :
1273 2869 1407 2900 nesciat
1423 2881 1455 2910 γ.
1563 2872 1635 2902 126.
1662 2872 1701 2902 in

118 2925 176 2946 om.
194 2916 251 2955 β’γ.
345 2913 395 2944 ibi
413 2925 431 2943 α
447 2924 454 2943 :
477 2913 527 2943 ibi
543 2923 627 2944 vero
643 2914 699 2953 β’γ.
836 2922 905 2952 131.
930 2913 998 2944 Sed
1014 2925 1033 2942 α
1049 2924 1056 2943 :
1078 2914 1128 2943 At
1145 2914 1241 2943 enim
1257 2914 1312 2952 ΒὙ.
1451 2923 1521 2952 134.
1546 2914 1675 2946 officiat
1686 2918 1702 2946 ⁶?

117 2959 175 2989 Ita
190 2956 369 2989 mehercle
385 2956 511 2988 officiet
526 2957 583 2995 βγ.
719 2957 790 2994 136.
814 2956 860 2987 iis
877 2957 920 2990 αβ
936 2967 942 2986 :
966 2957 1023 2987 his
1039 2967 1070 2995 γ.
1207 2958 1279 2994 146.
1303 2956 1375 2987 hiis
1389 2956 1425 2991 13¹
1440 2968 1446 2987 ε
1471 2957 1528 2989 his
1544 2958 1615 2999 6²7.

485 3038 554 3078 138.
580 3037 820 3078 Augustinus]
838 3040 895 3075 Ep.
915 3038 966 3068 28.
987 3047 1059 3077 cap.
1079 3047 1099 3076 3
1118 3038 1187 3079 (ed.
1208 3038 1357 3079 Migne).

1728 443 1788 466 110

1730 773 1787 805 115

1730 1100 1789 1122 120

1729 1427 1787 1458 125

1727 1747 1787 1778 130

1727 2072 1785 2105 135

1727 2400 1786 2432 140

1724 2727 1782 2759 145
