2010 3417
182 278 243 309 160

179 603 237 644 165

261 166 342 204 338
720 162 974 201 LETTERS
1013 163 1083 201 OF
1121 162 1387 202 ERASMUS
1729 161 1856 216 [1516

262 273 505 312 conuincam
535 273 724 310 nostram
757 271 986 310 amicitiam
1019 271 1320 322 suggillantes3
1359 284 1510 322 nempe
1532 271 1776 311 testimonio
1804 273 1858 310 fa-

261 337 436 376 miliaris
454 336 659 387 epistolae.
720 337 924 387 Comparo
943 336 1051 376 mihi
1071 336 1400 386 suppellectilem
1421 336 1595 376 Latinae
1620 336 1791 386 linguae
1809 350 1860 375 ex

261 403 345 440 tuis
369 402 636 451 potissimum
665 402 870 452 operibus,
892 403 1056 441 vtinam
1081 402 1180 440 satis
1211 402 1414 441 mundam
1442 404 1484 440 et
1512 402 1747 452 copiosam!
1776 401 1859 440 edi-

261 470 379 506 turus
409 466 630 516 aliquando
654 467 835 507 Lexicon
855 468 1096 507 Hebraeum
1115 470 1156 506 et
1175 467 1291 506 illius
1309 468 1472 517 generis
1489 481 1634 518 nugas.
1678 468 1862 507 Gestien-

261 535 348 571 tem
377 533 570 583 reprimit
602 533 752 583 inopia,
791 534 863 583 qui
895 533 1087 573 nouerim
1127 546 1251 583 quam
1280 533 1388 572 nihil
1418 535 1512 583 agat
1540 533 1584 571 in
1612 534 1699 573 tam
1728 533 1858 572 sterili

260 597 348 637 solo
366 598 482 636 rudis
500 598 716 647 industria,
741 599 900 639 diuitiis
920 599 1006 638 illis
1026 599 1236 637 destituta.
1296 599 1414 648 Quod
1442 599 1478 637 si
1498 598 1606 638 mihi
1629 598 1862 649 proprietas

259 664 365 702 foret
385 665 425 702 et
444 663 646 713 elegantia
665 664 898 712 verborum,
923 678 990 703 me
1010 663 1261 703 confiderem
1282 664 1327 702 in
1346 663 1535 703 Hebraeo
1564 664 1860 714 praestiturum

261 728 368 779 quod
390 741 475 767 non
492 729 609 768 facile
626 732 766 779 posset
785 730 853 768 vel
873 730 1140 769 doctissimus
1158 730 1397 768 Iudeorum.
1458 729 1644 780 Ineptiae
1663 742 1777 768 meae
1801 729 1861 767 in-

259 794 495 844 eptissimae
514 808 566 833 ne
584 794 662 833 tibi
681 795 770 834 sint
789 795 989 834 molestae
1008 796 1173 834 obsecro
1193 808 1326 846 neque
1354 808 1550 834 onerosae
1568 809 1578 844 ;
1606 808 1705 834 nam
1723 794 1862 834 subita

261 859 436 898 lectione
455 860 672 899 deuorabis
690 860 769 900 hoc
787 861 957 900 tedium.
1019 861 1073 899 Et
1092 861 1155 899 fac
1175 861 1377 899 Rhenano
1397 863 1538 900 nostro
1557 861 1699 900 videar
1717 861 1768 900 de
1786 862 1861 899 tua

203 939 217 971 ς
260 925 429 964 familia.

316 1004 339 1036 4
360 991 501 1029 Nonas
520 991 727 1041 Septemb.
756 993 869 1040 1516.

315 1055 602 1106 Vuolfgangus
623 1057 755 1096 Faber
774 1071 991 1107 nuncupor
1002 1058 1138 1108 vulgo,
1155 1057 1328 1096 barbaro
1348 1057 1513 1108 quidem
1533 1057 1733 1096 vocabulo
1745 1058 1863 1096 iuxta

260 1121 418 1171 ingenii
438 1121 521 1160 mei
535 1122 709 1161 minime
728 1123 837 1161 fabri
857 1124 1150 1163 conditionem.
1194 1123 1256 1162 Tu
1272 1123 1401 1161 velim
1431 1122 1597 1161 mollias
1617 1122 1663 1161 in
1682 1122 1862 1173 appella-

263 1186 374 1225 tione
394 1187 646 1237 Vuolfgangi
665 1188 898 1227 litterarum
921 1189 1130 1237 duritiem,
1152 1191 1194 1227 et
1224 1201 1348 1238 quem
1377 1202 1445 1227 me
1477 1188 1688 1238 scripseris
1710 1188 1862 1227 lubens

206 1267 220 1298 7
262 1252 448 1299 vocabor,
470 1253 558 1291 siue
577 1253 906 1304 Vuolphangum
927 1254 1111 1293 Fabrum
1135 1254 1224 1292 siue
1250 1254 1430 1293 alterum
1458 1254 1705 1304 quempiam.
1766 1254 1863 1303 Epi—

261 1331 407 1367 scopus
426 1320 566 1357 noster
584 1319 842 1358 mentionem
862 1319 926 1358 tui
945 1321 1045 1358 facit
1064 1320 1291 1370 sepissime,
1315 1319 1468 1369 iugiter
1487 1319 1711 1368 impatiens
1731 1319 1864 1358 animi

262 1383 524 1433 desyderium
543 1384 716 1423 Erasmo
738 1398 813 1423 suo
833 1385 1082 1436 exprimens.
1155 1385 1334 1424 Odorem
1361 1384 1500 1423 nescio
1524 1397 1649 1434 quem
1669 1385 1862 1423 humani-

262 1448 362 1486 tatis
386 1450 479 1487 tuae
498 1450 539 1487 et
568 1452 879 1489 consummatae
908 1451 1168 1489 litteraturae
1187 1450 1405 1488 nobiscum
1436 1449 1651 1500 reliquisti,
1677 1464 1756 1501 quo
1785 1451 1860 1489 tibi

261 1513 408 1564 alligas
438 1515 636 1564 consules,
660 1515 830 1565 nobiles,
853 1517 894 1554 et
913 1516 1117 1566 praelatos
1137 1518 1178 1554 et
1203 1515 1377 1565 plebem.
1437 1515 1551 1553 Vale.

656 1679 753 1719 460.
818 1678 949 1719 FROM
983 1678 1167 1719 errs
1198 1677 1466 1719 RHENANUS.

307 1777 494 1813 Deventer
512 1777 588 1812 Ms.
607 1788 664 1823 91,
686 1779 712 1814 f.
732 1788 809 1824 115.
1133 1761 1138 1765 ²
1559 1778 1682 1815 Basle.

310 1835 381 1871 LB.
399 1836 496 1882 App.
517 1836 571 1879 76.
1432 1848 1451 1882 3
1472 1837 1696 1882 September
1716 1838 1816 1883 1516.

280 1928 394 2012 1[Τ>Ιιθ
426 1929 652 2013 }11}nuscri1)]t
680 1928 761 1959 date
793 1930 823 1960 is
849 1929 1046 1960 confirmed
1072 1929 1118 1969 by
1145 1929 1207 1960 the
1240 1930 1404 1960 mention
1437 1930 1476 1961 of
1498 1929 1678 1962 Erasmus'
1707 1930 1863 1961 benefice

268 1981 341 2011 04
374 1982 449 2011 3c.
498 1976 622 2012 p.436.

499 2082 669 2111 BEATVS
700 2082 945 2112 RHENANVS
978 2083 1157 2113 ERASMO
1190 2083 1497 2114 ROTERODAMO
1529 2083 1560 2114 S.
1587 2084 1629 2113 D.

318 2174 443 2223 QVAM
474 2174 588 2212 doleo
617 2174 695 2213 tibi
729 2174 886 2213 isthinc
919 2175 1029 2213 abire
1063 2188 1147 2214 non
1181 2175 1312 2224 licere,
1343 2177 1431 2214 tam
1466 2176 1622 2226 gaudeo
1649 2175 1756 2213 bene
1783 2175 1864 2214 tibi

264 2239 369 2278 velle
408 2252 607 2290 magnum
641 2239 862 2278 Flandriae
895 2240 1208 2288 Cancellarium,
1245 2241 1362 2279 cuius
1400 2241 1444 2278 in
1475 2242 1516 2278 te
1547 2239 1864 2279 beneuolentiae

263 2305 492 2344 certissimo
520 2305 647 2343 fuerit
675 2308 919 2356 argumento
948 2319 1080 2355 nuper
1108 2306 1379 2357 magnificum
1416 2306 1523 2344 illud
1552 2305 1630 2344 tibi
1661 2306 1863 2344 donatum

263 2371 539 2409 sacerdotium
557 2384 568 2418 3
616 2370 725 2420 quod
762 2370 954 2421 (ingenue
998 2371 1148 2421 dicam)
1185 2373 1395 2421 vtcunque
1440 2371 1494 2409 sit
1534 2371 1780 2421 opulentum
1823 2373 1864 2409 et

263 2436 538 2486 splendidum,
570 2436 606 2474 si
635 2436 727 2486 quis
754 2436 932 2475 virtutes
959 2438 1053 2475 tuas
1083 2438 1124 2475 et
1154 2437 1402 2476 altissimam
1431 2436 1554 2475 istam
1584 2436 1864 2475 eruditionem

265 2515 345 2551 qua
371 2501 522 2539 abhinc
550 2514 681 2540 annos
710 2501 826 2540 mille
855 2502 1014 2540 nemini
1038 2502 1168 2541 maior
1189 2502 1375 2552 contigit,
1399 2502 1623 2552 diligenter
1645 2503 1863 2553 expendat,

264 2566 350 2604 tuis
379 2566 536 2604 meritis
565 2566 738 2604 inferius
766 2567 900 2606 multo
930 2569 1402 2617 comperieturz'nempe
1422 2567 1574 2617 quibus
1602 2555 1868 2606 summa—de?

263 2630 426 2680 bentur,
449 2633 497 2670 vt
516 2632 864 2682 quemadmodum
890 2633 999 2671 inter
1017 2632 1223 2671 litteratos
1243 2633 1352 2671 viros
1371 2632 1604 2683 principem
1623 2631 1722 2682 agis,
1745 2632 1804 2671 ita
1823 2633 1865 2670 et

264 2697 396 2735 officio
425 2697 612 2747 digniori,
645 2698 915 2747 respondente
945 2698 1106 2737 meritis
1133 2698 1309 2742 fortuna,
1337 2699 1518 2736 caeteros
1546 2697 1793 2745 antecellas;
1821 2696 1865 2735 id

210 2774 247 2797 10
266 2764 374 2813 quod
394 2765 493 2802 tunc
512 2764 594 2813 fiet,
619 2777 712 2802 cum
733 2764 954 2814 aliquando
974 2767 1014 2803 te
1033 2765 1190 2803 factum
1210 2764 1448 2815 episcopum
1468 2764 1695 2803 audiemus.

310 2872 384 2901 459.
414 2873 485 2910 164.
512 2872 658 2912 repimit
673 2875 763 2903 Ma:
790 2883 864 2904 corr.
883 2875 946 2903 LB.
1096 2874 1167 2912 169.
1195 2873 1367 2904 Rhenano
1383 2874 1456 2903 LB:
1481 2872 1607 2903 Rheno
1623 2875 1693 2903 ΜΞ.
1742 2874 1784 2909 Cf.
1801 2874 1860 2909 Ep.

269 2924 342 2952 473.
363 2925 414 2945 20.

580 3021 655 3051 459.
686 3030 755 3059 175.
783 3019 993 3061 Episcopus]
1019 3020 1253 3061 Christopher
1265 3020 1303 3051 of
1312 3020 1524 3053 Utenheim.
