2010 3464
605 184 676 223 ΤΟ
714 183 987 224 GREGORY
1025 183 1232 224 REISGH
1665 186 1716 223 29

124 182 219 236 308]

121 293 304 342 initium,
337 294 450 334 Nihil
483 294 706 335 Christiano
738 298 820 343 etc„
854 297 1019 345 torquet
1050 307 1127 334 nos
1159 294 1272 334 locus
1306 295 1355 333 de
1386 294 1484 333 filiis
1519 294 1712 340 Ionadab,

122 372 226 409 quos
252 359 311 398 ait
337 359 382 398 in
411 359 580 400 Psalmo
609 359 796 410 scriptos,
830 360 941 411 quod
969 360 1093 410 primi
1122 359 1396 399 sustinuerint
1424 359 1716 410 captiuitatem.

122 424 183 463 De
209 424 277 464 his
305 424 396 475 lego
424 425 532 475 apud
562 424 845 473 Hieremiam;
888 426 995 476 apud
1026 425 1402 476 Psalmographum
1431 439 1515 464 non
1545 426 1719 464 memini

122 490 343 541 quicquam
368 503 466 529 esse.
526 490 580 529 In
605 490 778 541 epistola
804 491 855 530 ad
884 490 1165 541 Nepotianum
1189 505 1267 541 que
1293 490 1454 541 incipit,
1475 491 1583 530 Petis
1601 503 1627 530 α
1645 503 1714 538 me,

121 557 285 606 torquet
321 569 398 595 nos
436 555 561 603 locus,
604 556 832 595 Testudinco
872 557 1082 596 Grunnius
1118 558 1316 595 incedebat
1352 556 1490 605 qradu,
1530 555 1718 594 versibus
1736 564 1778 596 40

120 622 279 673 aliquot
309 622 491 661 maxime
513 621 583 670 ibi,
603 623 684 660 Hic
709 623 798 661 bene
822 625 1050 661 nummatus
1069 625 1134 661 etc.
1192 622 1246 661 In
1266 621 1441 671 epistola
1467 621 1517 660 ad
1538 621 1717 660 Letham

121 687 293 726 offendit
311 687 436 735 locus,
462 688 609 736 Quibus
627 699 749 735 corax,
766 688 919 735 niphus,
944 688 1064 726 miles.
1107 687 1240 725 Multa
1259 687 1556 734 diuinauimus,
1579 687 1719 725 omnia

121 765 205 791 non
224 764 455 803 possumus.
515 752 700 790 Rursum
719 751 763 790 in
789 753 945 799 eadem,
971 752 1088 791 Cibus
1114 753 1196 791 eius
1221 753 1434 791 olusculum
1454 754 1505 790 sit
1525 756 1559 790 et
1575 754 1714 798 simila,

120 829 279 866 caroque
306 820 343 856 et
361 818 554 865 pisciculi,
582 816 726 856 diuino
756 817 839 866 legi
867 817 1025 865 debere,
1056 818 1174 857 Cibus
1203 819 1284 856 eius
1312 818 1527 857 olusculum
1552 817 1656 867 (sit)
1683 821 1718 856 et

121 895 139 922 e
156 883 288 922 simila
304 895 470 932 garoque
481 883 677 931 pisciculi.

174 947 283 986 Sunt
304 950 344 986 et
364 947 467 996 alia;
497 948 598 998 quid
617 948 731 987 enim
751 947 812 986 ibi
832 960 917 986 non
933 948 1204 998 deprauatum
1218 948 1238 985 ⁴?
1295 947 1374 985 Sed
1395 960 1479 985 non
1500 950 1561 986 est
1583 947 1717 986 ocium

121 1013 170 1051 de
189 1012 368 1063 singulis
388 1013 574 1053 scribere.
634 1014 749 1052 Bene
767 1013 870 1061 vale,
893 1015 1007 1064 pater
1029 1012 1196 1063 optime.

1001 1078 1202 1117 Erasmus
1220 1081 1320 1117 tuus
1338 1091 1411 1127 per
1430 1078 1580 1116 omnia.

1341 1143 1606 1194 Frib(urgi>.

1736 891 1776 923 45

175 1143 412 1183 Venerabili
430 1143 538 1194 patri
557 1157 603 1184 ac
623 1144 794 1183 domino
815 1144 864 1183 D.

501 1277 655 1319 308309,
719 1277 853 1319 FROM
886 1277 1108 1320 GREGORY
1138 1277 1326 1319 Rmscn.

1416 1367 1608 1413 Freiburg.

1349 1437 1370 1470 4
1390 1425 1549 1462 October
1571 1434 1669 1471 1514.

165 1369 352 1405 Deventer
369 1368 446 1403 MS.
467 1379 522 1413 91,
541 1368 565 1403 f.
589 1378 650 1412 171
672 1373 722 1404 v0.

166 1427 237 1462 LB.
252 1427 350 1472 App.
374 1436 425 1461 12.

174 1519 211 1549 F.
243 1518 510 1556 GREGORIVS,
542 1518 680 1548 PRIOR
711 1518 983 1558 GARTVSIAE,
1016 1519 1196 1549 DOMINO
1228 1518 1408 1549 ERASMO
1440 1517 1662 1547 ETERNAM

533 1587 583 1617 IN
614 1586 798 1618 DOMINO
829 1587 1051 1627 CONSEQVI
1084 1587 1306 1619 SALVTEM.

172 1668 477 1708 vamssum
493 1681 538 1707 ac
553 1668 790 1707 doctissime
808 1669 990 1716 Erasme,
1008 1669 1165 1719 gaudeo
1184 1667 1414 1718 plurimum
1429 1665 1719 1717 peruulgatam

117 1735 235 1772 tuam
252 1733 538 1772 auctoritatem
558 1733 818 1784 Hieronymo
842 1736 985 1773 nostro
1011 1733 1250 1780 accessisse;
1284 1732 1402 1771 credo
1429 1732 1634 1771 diuinitus
1661 1733 1718 1770 ita

117 1799 363 1847 factitatum,
392 1800 439 1838 vt
464 1801 786 1849 praeconceptus
813 1798 928 1838 labor
954 1812 1038 1837 non
1065 1799 1180 1849 prius
1210 1799 1254 1836 in
1279 1797 1493 1847 publicum
1522 1797 1714 1847 prodiret,

120 1864 249 1902 donec
284 1863 678 1902 exercitatissimum
717 1864 933 1913 ingenium
975 1866 1095 1902 tuum
1135 1876 1181 1902 ea
1223 1875 1324 1912 quae
1364 1861 1431 1901 vel
1468 1875 1614 1901 manca
1650 1863 1716 1900 vel

120 1929 360 1968 detruncata
391 1930 432 1967 et
464 1928 673 1967 erroribus
705 1928 917 1968 obfuscata
949 1928 1060 1967 haud
1091 1928 1264 1968 dubium
1295 1940 1457 1977 semper
1489 1929 1714 1975 manerent,
1736 1943 1752 1973 5

119 1993 401 2043 castigationis
419 1993 520 2032 lima
537 1993 764 2033 illustraret
783 2006 828 2032 ac
851 1994 1095 2033 restitueret.
1155 1993 1298 2032 Placet
1318 2005 1442 2043 quam
1468 1992 1650 2031 maxime
1672 1994 1717 2030 vt

120 2071 224 2107 quae
254 2057 359 2097 falso
390 2058 650 2109 Hieronymo
683 2058 936 2107 tribuuntur,
972 2059 1165 2098 similiter
1195 2061 1237 2097 et
1269 2057 1509 2106 adulterina,
1542 2057 1592 2096 ab
1626 2057 1716 2096 aliis

119 2136 222 2173 quae
260 2136 356 2162 vere
394 2123 510 2162 illius
551 2126 651 2163 sunt
691 2126 967 2174 segregentur.
1044 2124 1243 2163 Ordinem
1287 2136 1440 2172 meum,
1485 2122 1717 2173 quinimmo

118 2188 432 2227 Ammerbachii
451 2189 624 2227 senioris
642 2189 815 2228 feliciter
841 2190 1035 2238 defuncti,
1059 2189 1094 2228 si
1116 2189 1418 2237 immutaueris,
1442 2188 1594 2227 iudicio
1614 2188 1717 2227 mul=

117 2257 257 2293 torum
282 2254 483 2293 iacturam
506 2267 591 2293 non
616 2267 790 2304 paruam
808 2255 1088 2294 vendentibus
1113 2255 1245 2302 facies,
1270 2255 1375 2292 forte
1400 2267 1485 2292 non
1511 2253 1716 2292 minorem
1738 2268 1776 2289 10

119 2318 376 2368 legentibus;
408 2331 506 2357 nam
539 2320 706 2358 confuse
739 2319 859 2358 valde
892 2320 1089 2370 epistolae
1123 2334 1218 2359 cum
1250 2319 1369 2358 libris
1400 2321 1441 2358 et
1474 2318 1716 2357 tractatibus

577 2417 652 2449 309.
677 2428 709 2457 9.
735 2417 890 2449 feliciter
907 2420 960 2448 LB
978 2429 984 2448 :
1009 2418 1181 2449 felicitate
1197 2419 1267 2448 MS.

165 2514 238 2546 308.
248 2513 483 2555 36.10nadab]
494 2514 541 2546 In
554 2513 616 2544 the
627 2513 882 2553 scholia(1516,

123 2557 146 2588 f.
167 2558 222 2597 19)
245 2558 414 2588 Erasmus
429 2557 593 2597 explains
608 2557 684 2588 this
708 2557 885 2597 difficulty

122 2601 169 2640 by
185 2600 362 2632 reference
378 2603 414 2632 to
429 2601 491 2632 the
507 2610 586 2632 Lxx.
606 2600 687 2632 title
704 2601 742 2632 of
755 2601 810 2633 Ps.
831 2611 882 2640 71.

165 2653 217 2683 39.
235 2643 493 2684 Nepotianum]
509 2644 544 2675 A
556 2654 679 2684 wrong
690 2644 882 2675 reference.

122 2686 235 2718 These
250 2695 411 2727 passages
426 2687 501 2718 also
522 2696 581 2718 are
602 2687 642 2718 in
665 2687 729 2718 the
744 2690 885 2724 Epistola

122 2732 165 2762 ad
190 2733 355 2762 Rusticum
381 2730 491 2769 (1516,
515 2730 540 2762 f.
564 2740 605 2761 22
621 2730 673 2769 Ψ)
693 2741 701 2769 ;
731 2731 803 2762 and
827 2740 884 2761 are

122 2773 314 2813 explained
338 2774 377 2804 in
404 2773 468 2804 the
491 2773 626 2804 scholia
648 2783 695 2804 on
718 2774 752 2806 ff.
780 2784 820 2813 19
835 2776 882 2812 v⁰,

123 2826 165 2848 20
177 2817 268 2848 with
280 2817 434 2848 allusion
444 2819 481 2848 to
493 2817 680 2848 Grunnius
687 2816 882 2848 Corocotta.

122 2860 175 2893 Of.
195 2860 258 2901 Ep.
277 2870 352 2893 222.
370 2861 460 2899 37,8.

166 2914 218 2943 42.
245 2907 359 2942 Quibus
383 2903 489 2944 corax]
511 2903 580 2934 For
601 2903 781 2934 Erasmus’
805 2912 886 2933 con-

120 2947 276 2986 jectures
294 2958 349 2979 see
371 2947 396 2979 f.
414 2957 458 2986 24
475 2947 512 2978 of
532 2947 594 2978 the
621 2948 702 2985 1516
725 2945 884 2985 edition;

124 2990 185 3021 the
201 2993 279 3022 text
294 2992 326 3022 is
344 3000 390 3022 on
407 2990 431 3022 f.
451 2999 492 3029 25
509 2993 557 3022 νο.

167 3043 218 3073 43.
269 3034 373 3075 Cibus]
431 3034 600 3065 Erasmus
656 3033 774 3074 prints
829 3032 887 3064 his

949 2513 1125 2545 emended
1149 2514 1293 2545 version
1324 2514 1364 2542 in
1396 2512 1458 2543 the
1490 2513 1566 2542 text
1593 2509 1633 2550 (f.
1659 2512 1717 2550 27)

947 2557 1019 2588 and
1048 2558 1145 2597 gives
1167 2557 1230 2588 the
1252 2557 1399 2595 corrupt
1423 2555 1572 2593 reading
1594 2555 1634 2584 in
1657 2554 1716 2584 his

948 2602 1050 2632 notes
1068 2600 1106 2642 (f.
1124 2601 1193 2640 25).
1239 2600 1286 2630 In
1305 2600 1389 2638 1526
1411 2598 1451 2638 (f.
1468 2598 1524 2638 57)
1551 2598 1597 2628 he
1614 2597 1715 2628 reads

947 2654 1088 2681 raroque.

992 2687 1067 2718 309.
1086 2697 1117 2726 9.
1133 2684 1417 2725 Ammerbachii]
1433 2684 1528 2714 John
1541 2682 1579 2715 of
1590 2683 1714 2715 Amor-

949 2731 1039 2761 bach
1066 2731 1106 2760 in
1137 2731 1261 2761 Lower
1289 2728 1488 2759 Franconia
1516 2728 1559 2766 (e.
1589 2736 1716 2766 1430—

951 2783 991 2812 25
1002 2774 1085 2805 Dec.
1101 2773 1213 2814 1513),
1224 2773 1286 2804 the
1297 2773 1435 2803 famous
1445 2771 1550 2802 Basle
1563 2771 1713 2811 printer.

949 2817 1053 2847 After
1090 2817 1216 2855 taking
1247 2816 1305 2846 his
1341 2815 1433 2846 M.A.
1468 2816 1506 2845 at
1538 2814 1638 2845 Paris
1669 2814 1715 2845 he

950 2859 1123 2890 returned
1161 2861 1197 2890 to
1236 2859 1426 2897 Germany,
1460 2857 1533 2889 and
1570 2859 1714 2888 became

951 2904 1126 2934 corrector
1179 2903 1218 2933 in
1268 2902 1477 2941 Koberger’s
1530 2911 1630 2941 press
1679 2902 1715 2931 at

952 2946 1182 2985 Nuremberg.
1230 2945 1350 2977 About
1369 2954 1452 2984 1475
1468 2945 1514 2976 he
1525 2947 1578 2976 set
1594 2954 1641 2985 up
1658 2943 1716 2974 his

952 2999 1032 3020 own
1049 2999 1147 3029 press
1164 2990 1204 3020 in
1220 2989 1337 3029 Basle,
1356 2989 1428 3020 and
1450 2989 1509 3019 his
1524 2987 1602 3019 first
1624 2987 1715 3019 book

952 3042 1024 3064 was
1051 3031 1243 3072 published
1278 3033 1315 3064 in
1343 3033 1437 3072 1478.
1483 3031 1715 3072 Throughout
