2010 3417
196 528 252 558 105

197 850 255 871 110

200 1177 256 1209 ¹15

201 1507 261 1529 120

204 1832 260 1862 125

206 2486 262 2516 135

207 2810 267 2841 ¹40

274 147 354 184 462
738 143 988 182 LETTERS
1028 143 1098 181 OF
1135 143 1402 182 ERAsMUs
1742 140 1867 194 [1517

274 256 434 293 rentem
454 253 505 292 ab
526 252 711 291 honestis
737 252 900 290 studiis.
961 251 1093 290 Eleua
1118 253 1236 290 tuam
1263 252 1506 290 felicitatem
1529 253 1734 302 quantum
1752 251 1866 300 libet,

275 318 495 368 αὐτομαθὴς,
524 317 732 367 ὀψιμαθής;
772 330 852 354 vno
886 317 995 354 certe
1022 316 1180 354 calculo
1213 319 1252 354 te
1283 316 1415 364 vinco,
1449 318 1593 367 ἀμαθὴς
1624 317 1684 354 καὶ
1714 319 1873 368 ἀτεχνῶς

275 383 500 422 ἀπαίδευτος.
575 382 718 432 Neque
749 395 846 420 vero
877 381 1126 419 crediderim
1160 382 1284 420 istam
1319 382 1585 421 collationem
1615 382 1689 420 abs
1722 384 1762 420 te
1794 381 1869 421 hoe

273 449 414 487 animo
433 448 683 493 institutam,
707 447 813 497 quod
835 446 1094 485 existimares
1113 446 1221 485 hane
1246 459 1383 486 meam
1411 447 1658 486 tenuitatem
1678 460 1774 486 cum
1793 447 1872 486 ista

273 518 345 553 tua
373 513 586 564 opulentia
612 512 695 550 vllo
725 514 842 562 pacto
873 511 1203 561 comparandam,
1237 511 1308 550 sed
1336 514 1384 550 vt
1412 525 1480 550 me
1507 513 1677 563 propius
1705 513 1871 551 admoto

273 582 344 618 tua
372 579 505 628 magis
533 578 840 624 elucescerent3
890 590 971 627 quo
1000 576 1206 615 nimirum
1236 577 1411 616 consilio
1439 578 1617 627 pictores
1645 578 1690 616 in
1718 577 1875 616 tabulis

274 644 442 683 vmbras
478 643 626 682 addere
674 643 879 689 dicuntur,
919 642 955 680 si
1002 655 1083 691 qua
1129 641 1261 680 velint
1309 641 1552 691 insignitius
1597 643 1794 690 eminere,
1832 644 1873 681 et

274 712 483 749 matronae
517 708 716 758 quaedam
746 707 926 755 callidae,
952 721 1034 757 quo
1063 707 1196 757 magis
1225 708 1524 746 commendent
1551 708 1680 747 oculis
1709 708 1873 746 intuen-

273 777 382 815 tium
411 775 589 813 formam
619 787 738 812 suam
767 786 840 823 per
868 786 913 811 se
942 773 1158 823 egregiam,
1196 773 1462 822 pedissequas
1500 786 1647 823 parum
1674 774 1876 812 formosas

273 853 413 880 seeum
434 840 580 878 ducere
600 840 753 877 curant.
815 838 898 876 Nec
918 837 1031 876 aliud
1051 838 1158 877 mihi
1176 838 1342 877 videtur
1361 838 1492 887 egisse
1513 838 1759 886 Politianus,
1777 852 1873 877 cum

273 907 448 945 aliorum
468 905 518 943 ad
535 918 577 942 se
597 904 793 953 epistolas
809 904 896 941 suis
915 904 1196 951 intertexeret,
1213 903 1338 953 idque
1354 902 1513 941 nullius
1528 903 1657 942 ferme
1671 903 1871 954 exemplo.

276 972 384 1011 Sunt
403 971 517 1008 enim
539 970 624 1008 illic
646 982 820 1019 quorum
838 968 1147 1017 impudentiam
1168 982 1251 1007 non
1271 968 1352 1007 alia
1367 968 1526 1007 ratione
1543 969 1676 1019 magis
1694 969 1876 1019 potuerit

274 1037 496 1075 traducere.
558 1035 665 1073 Sunt
686 1047 831 1072 rursus
853 1048 954 1084 quos
979 1047 1050 1084 per
1075 1047 1120 1072 se
1146 1034 1344 1073 facundos
1364 1034 1416 1073 ad
1441 1034 1554 1073 hunc
1573 1035 1745 1073 collatos
1764 1034 1877 1073 dicas

275 1102 571 1140 obmutescere.

330 1166 471 1216 Neque
490 1166 588 1204 haec
614 1164 791 1203 dixerim
821 1164 939 1214 quasi
966 1166 1056 1202 tute
1086 1178 1158 1214 per
1180 1166 1222 1203 te
1240 1177 1389 1214 parum
1414 1164 1473 1203 sis
1491 1164 1681 1213 illustris,
1705 1167 1752 1203 vt
1770 1164 1879 1203 meis

277 1231 458 1271 tenebris
478 1231 626 1270 debeas
646 1229 960 1269 commendari:
991 1230 1063 1268 sed
1085 1231 1162 1268 hac
1188 1232 1276 1268 arte
1302 1230 1407 1268 mihi
1436 1230 1588 1269 videris
1615 1229 1875 1280 quorundam

277 1296 407 1335 errori
440 1296 619 1335 voluisse
652 1295 809 1333 mederi
842 1295 1051 1344 simulque
1085 1295 1194 1333 mihi
1223 1295 1328 1333 falsa
1360 1295 1670 1334 existimatione
1707 1297 1879 1346 grauato

278 1375 522 1401 succurrere.
584 1361 692 1399 Sunt
710 1360 825 1399 enim
841 1359 911 1411 qui
930 1360 1034 1398 mihi
1056 1361 1151 1409 plus
1165 1360 1297 1398 nimio
1312 1361 1514 1408 tribuant,
1530 1374 1705 1411 quorum
1718 1361 1877 1411 aliquot

278 1430 318 1465 et
344 1427 431 1477 ipse
456 1426 686 1476 prodidisti,
718 1439 869 1475 nempe
897 1425 1120 1464 Deloinum
1147 1429 1188 1464 et
1213 1426 1409 1474 Ruzeum,
1441 1426 1513 1476 qui
1539 1440 1616 1474 me,
1641 1429 1688 1465 vt
1716 1426 1873 1474 scribis,

279 1493 509 1532 Varronem
530 1492 663 1530 nostri
682 1492 882 1540 temporis
901 1491 1069 1539 faciunt,
1092 1491 1174 1530 nisi
1198 1492 1309 1541 quod
1328 1491 1422 1541 plus
1441 1492 1668 1542 amplector
1687 1492 1877 1542 eloquen-

280 1558 384 1597 tiae:
413 1571 488 1596 nec
507 1557 623 1595 enim
643 1556 843 1606 suspicari
868 1556 930 1594 fas
952 1560 1015 1595 est
1042 1557 1121 1595 ista
1146 1560 1188 1595 te
1214 1557 1264 1594 de
1293 1559 1366 1595 tuo
1393 1557 1644 1596 admensum
1669 1570 1769 1603 esse,
1793 1571 1877 1608 quo

280 1624 387 1662 mihi
415 1623 511 1661 illos
539 1623 618 1661 hoc
647 1622 778 1660 veluti
807 1622 1012 1660 lenocinio
1042 1622 1234 1660 redderes
1262 1623 1642 1662 commendatiores.
1703 1623 1758 1661 Et
1777 1625 1876 1662 sunt

282 1703 449 1728 rursum
479 1689 550 1738 qui
578 1688 686 1726 mihi
715 1687 824 1725 nihil
854 1701 939 1726 non
969 1687 1187 1735 adimunt;
1232 1686 1318 1725 illis
1346 1687 1456 1725 nihil
1490 1688 1637 1736 nescio,
1670 1688 1738 1726 his
1771 1688 1877 1727 nihil

281 1754 453 1794 omnino
467 1754 562 1793 scio.
616 1753 700 1791 Nec
715 1753 850 1791 adhuc
865 1752 964 1792 satis
979 1753 1087 1791 mihi
1101 1753 1233 1803 liquet
1247 1752 1332 1791 vtri
1351 1753 1467 1802 peius
1484 1752 1532 1791 de
1544 1766 1611 1791 me
1627 1755 1874 1799 mereantur,

282 1821 399 1860 illine
419 1819 580 1870 prodigi
596 1832 772 1868 quorum
791 1819 944 1857 candor
964 1831 1032 1856 me
1050 1818 1243 1857 laudibus
1257 1818 1495 1856 immodicis
1515 1821 1667 1867 onerat,
1684 1832 1785 1869 quas
1803 1831 1878 1857 nec

281 1898 501 1937 agnoscere
530 1884 697 1934 possim,
732 1884 815 1922 nisi
844 1884 925 1923 sim
953 1886 1027 1922 aut
1055 1884 1216 1934 egregie
1245 1884 1429 1931 φίλαυτος
1455 1886 1527 1922 aut
1555 1884 1775 1934 insigniter
1803 1885 1877 1922 im-

282 1952 469 2002 pudens;
508 1963 561 1989 an
589 1950 635 1988 hi
666 1963 842 1999 quorum
871 1949 1111 1998 malignitas
1143 1949 1202 1988 sic
1234 1963 1301 1987 me
1334 1949 1464 1988 nudat
1494 1951 1541 1988 vt
1569 1949 1676 1987 nihil
1706 1949 1879 1988 omnino

282 2018 489 2067 reliquum
508 2016 639 2054 faciat.
700 2015 805 2053 Nam
831 2014 1183 2065 quemadmodum
1210 2028 1295 2053 non
1325 2028 1420 2053 sum
1446 2016 1533 2053 tam
1560 2014 1744 2053 insolens
1770 2016 1818 2053 vt
1835 2015 1877 2052 id

283 2082 425 2121 haberi
453 2081 658 2131 postulem
689 2081 734 2118 in
759 2094 803 2118 re
830 2080 1029 2119 litteraria
1049 2081 1157 2130 quod
1183 2081 1230 2119 in
1253 2093 1296 2118 re
1321 2080 1468 2119 bellica
1493 2079 1573 2118 fuit
1601 2079 1790 2118 Achilles
1808 2082 1881 2118 aut

284 2147 530 2193 Diomedes3
558 2146 615 2184 ita
645 2159 727 2184 non
757 2146 986 2195 vsqueadeo
1016 2145 1233 2194 meiipsius
1262 2159 1356 2184 sum
1382 2146 1551 2195 ignarus
1570 2147 1616 2184 vt
1645 2144 1879 2183 Thersitem

284 2212 389 2251 mihi
416 2214 558 2261 putem
578 2211 930 2260 anteponendum.
991 2211 1046 2248 Et
1065 2213 1209 2249 tamen
1230 2210 1426 2249 nonnihil
1445 2210 1671 2248 molestum
1689 2211 1751 2248 est
1770 2210 1878 2259 quod

285 2291 359 2316 nec
397 2277 484 2315 illis
521 2276 639 2314 irasci
677 2277 832 2326 possim
880 2289 1019 2314 amore
1057 2276 1274 2326 studioque
1311 2275 1395 2314 mei
1437 2275 1747 2323 cecutientibus,
1798 2274 1880 2313 nisi

284 2343 471 2381 hominis
490 2341 710 2379 inhumani
729 2342 871 2379 notam
891 2341 1035 2379 malim
1056 2341 1266 2379 incurrere
1285 2356 1293 2389 ;
1323 2354 1397 2379 nec
1417 2340 1493 2380 hos
1512 2340 1708 2387 refellere,
1731 2339 1882 2389 quibus

285 2408 421 2447 nescio
442 2407 648 2456 quomodo
673 2419 768 2445 sum
791 2406 970 2455 aequior,
995 2407 1103 2455 quod
1130 2407 1263 2456 magis
1290 2406 1340 2445 ad
1364 2406 1496 2444 animi
1521 2406 1603 2444 mei
1629 2405 1880 2444 sententiam

284 2475 414 2512 facere
433 2473 661 2511 videantur.
716 2472 804 2520 Quo
823 2485 922 2509 sane
942 2472 1111 2510 nomine
1130 2473 1171 2510 te
1189 2484 1348 2521 quoque
1369 2484 1474 2519 amo,
1496 2471 1557 2509 mi
1575 2471 1753 2517 Budaee,
1771 2471 1879 2520 quod

284 2539 334 2577 ab
368 2538 602 2576 immodicis
635 2537 721 2575 illis
749 2536 1071 2575 admiratoribus
1105 2537 1352 2584 dissentias;
1397 2536 1453 2574 sic
1484 2536 1600 2574 enim
1632 2536 1882 2585 interpretor

286 2604 394 2653 quod
414 2602 570 2650 scribis,
595 2604 635 2640 te
655 2602 762 2640 mihi
782 2615 829 2640 ea
852 2602 896 2640 in
919 2604 1034 2651 parte
1062 2602 1256 2640 nonnihil
1275 2601 1471 2640 inuidere.
1531 2601 1738 2651 Equidem
1756 2600 1879 2638 istam

286 2669 502 2716 inuidiam,
524 2668 602 2706 hoc
630 2670 691 2706 est
718 2667 919 2706 iudicium
951 2667 1146 2715 seuerius,
1168 2667 1313 2705 malim
1340 2680 1464 2716 quam
1490 2667 1669 2705 aliorum
1688 2665 1880 2703 effusissi-
1938 2695 1942 2698 .

285 2747 403 2772 mum
422 2734 618 2781 fauorem,
643 2733 714 2782 qui
735 2746 802 2770 me
821 2745 917 2770 vera
936 2735 1077 2770 onerat
1103 2732 1274 2779 inuidia,
1297 2732 1513 2770 hominem
1533 2732 1723 2769 omnium
1742 2730 1881 2779 potius

286 2798 572 2845 misericordia,
598 2798 756 2836 nullius
776 2797 934 2836 inuidia
953 2797 1139 2846 dignum.
1201 2797 1268 2836 Sic
1288 2797 1402 2835 enim
1422 2796 1527 2834 mihi
1546 2796 1684 2846 placeo
1704 2796 1749 2833 vt
1769 2795 1878 2844 quod

287 2865 473 2901 Socrates
493 2864 695 2912 ez'pwvn‘vmv,
717 2862 759 2900 id
783 2863 890 2900 mihi
913 2875 1008 2901 vere
1034 2864 1155 2912 atque
1178 2875 1228 2901 ex
1256 2863 1395 2901 animo
1422 2860 1719 2912 propemodum
1740 2860 1882 2899 videar

448 2992 459 3011 1
472 2983 517 3012 18.
546 2982 683 3021 aliquos
700 2985 737 3012 N.
877 2992 948 3021 130.
974 2982 1162 3013 Thersiten
1180 2985 1221 3012 H.
1360 2991 1431 3019 141.
1462 2980 1496 3010 C2
1512 2992 1518 3010 :
1543 2979 1664 3010 videor
1681 2979 1723 3010 0¹.
