<?xml version="1.0" encoding="UTF-8"?>
<!DOCTYPE html PUBLIC "-//W3C//DTD XHTML 1.0 Transitional//EN"
    "http://www.w3.org/TR/xhtml1/DTD/xhtml1-transitional.dtd">
<html xmlns="http://www.w3.org/1999/xhtml" xml:lang="en" lang="en">
 <head>
  <title>
</title>
<meta http-equiv="Content-Type" content="text/html;charset=utf-8" />
  <meta name='ocr-system' content='tesseract 3.04.00' />
  <meta name='ocr-capabilities' content='ocr_page ocr_carea ocr_par ocr_line ocrx_word'/>
</head>
<body>
  <div class='ocr_page' id='page_1' title='image "./opusepistolarumd02erasuoft/opusepistolarumd02erasuoft_0200.png"; bbox 0 0 2010 3417; ppageno 0'>
   <div class='ocr_carea' id='block_1_1' title="bbox 191 343 234 375">
    <p class='ocr_par' dir='ltr' id='par_1_1' title="bbox 191 343 234 375">
     <span class='ocr_line' id='line_1_1' title="bbox 191 343 234 375; baseline 0 -11"><span class='ocrx_word' id='word_1_1' title='bbox 191 343 234 375; x_wconf 88' lang='lat'>40</span> 
     </span>
    </p>
   </div>
   <div class='ocr_carea' id='block_1_2' title="bbox 214 1504 231 1534">
    <p class='ocr_par' dir='ltr' id='par_1_2' title="bbox 214 1504 231 1534">
     <span class='ocr_line' id='line_1_2' title="bbox 214 1504 231 1534; baseline 0 0"><span class='ocrx_word' id='word_1_2' title='bbox 214 1504 231 1534; x_wconf 80' lang='lat'>5</span> 
     </span>
    </p>
   </div>
   <div class='ocr_carea' id='block_1_3' title="bbox 195 1827 234 1850">
    <p class='ocr_par' dir='ltr' id='par_1_3' title="bbox 195 1827 234 1850">
     <span class='ocr_line' id='line_1_3' title="bbox 195 1827 234 1850; baseline 0 0"><span class='ocrx_word' id='word_1_3' title='bbox 195 1827 234 1850; x_wconf 91' lang='lat'>10</span> 
     </span>
    </p>
   </div>
   <div class='ocr_carea' id='block_1_4' title="bbox 254 149 1381 192">
    <p class='ocr_par' dir='ltr' id='par_1_4' title="bbox 254 149 1381 192">
     <span class='ocr_line' id='line_1_4' title="bbox 254 149 1381 192; baseline -0.002 0"><span class='ocrx_word' id='word_1_4' title='bbox 254 152 330 192; x_wconf 86' lang='lat'>174</span> <span class='ocrx_word' id='word_1_5' title='bbox 715 151 965 191; x_wconf 85' lang='lat' dir='ltr'><strong>LETTERS</strong></span> <span class='ocrx_word' id='word_1_6' title='bbox 1005 150 1075 188; x_wconf 87' lang='lat' dir='ltr'>OF</span> <span class='ocrx_word' id='word_1_7' title='bbox 1112 149 1186 189; x_wconf 86' lang='lat' dir='ltr'>ER</span> <span class='ocrx_word' id='word_1_8' title='bbox 1193 149 1381 190; x_wconf 84' lang='lat' dir='ltr'>ASMUS</span> 
     </span>
    </p>
   </div>
   <div class='ocr_carea' id='block_1_5' title="bbox 1721 148 1847 203">
    <p class='ocr_par' dir='ltr' id='par_1_5' title="bbox 1721 148 1847 203">
     <span class='ocr_line' id='line_1_5' title="bbox 1721 148 1847 203; baseline -0.008 -4"><span class='ocrx_word' id='word_1_9' title='bbox 1721 148 1847 203; x_wconf 88' lang='lat'><strong>[1515</strong></span> 
     </span>
    </p>
   </div>
   <div class='ocr_carea' id='block_1_6' title="bbox 250 258 1851 444">
    <p class='ocr_par' dir='ltr' id='par_1_6' title="bbox 250 258 1851 444">
     <span class='ocr_line' id='line_1_6' title="bbox 250 258 1851 311; baseline -0.001 -9"><span class='ocrx_word' id='word_1_10' title='bbox 250 265 394 302; x_wconf 84' lang='lat' dir='ltr'>Testor</span> <span class='ocrx_word' id='word_1_11' title='bbox 416 262 551 300; x_wconf 89' lang='lat' dir='ltr'>Deum</span> <span class='ocrx_word' id='word_1_12' title='bbox 581 261 689 311; x_wconf 89' lang='lat' dir='ltr'>quod</span> <span class='ocrx_word' id='word_1_13' title='bbox 719 273 842 298; x_wconf 87' lang='lat' dir='ltr'>ausus</span> <span class='ocrx_word' id='word_1_14' title='bbox 861 272 985 307; x_wconf 87' lang='lat' dir='ltr'>eram,</span> <span class='ocrx_word' id='word_1_15' title='bbox 1008 260 1149 297; x_wconf 89' lang='lat' dir='ltr'>tamen</span> <span class='ocrx_word' id='word_1_16' title='bbox 1178 258 1388 297; x_wconf 89' lang='lat' dir='ltr'>animatus</span> <span class='ocrx_word' id='word_1_17' title='bbox 1408 259 1519 309; x_wconf 89' lang='lat' dir='ltr'>quod</span> <span class='ocrx_word' id='word_1_18' title='bbox 1537 261 1730 309; x_wconf 84' lang='lat' dir='ltr'>expertus</span> <span class='ocrx_word' id='word_1_19' title='bbox 1747 260 1851 300; x_wconf 83' lang='lat' dir='ltr'>alias</span> 
     </span>
     <span class='ocr_line' id='line_1_7' title="bbox 251 323 1849 367; baseline -0.001 -1"><span class='ocrx_word' id='word_1_20' title='bbox 251 341 380 367; x_wconf 90' lang='lat' dir='ltr'>essem</span> <span class='ocrx_word' id='word_1_21' title='bbox 400 328 517 364; x_wconf 84' lang='lat' dir='ltr'>tuam</span> <span class='ocrx_word' id='word_1_22' title='bbox 532 325 840 364; x_wconf 76' lang='lat' dir='ltr'>humanitatem</span> <span class='ocrx_word' id='word_1_23' title='bbox 860 323 1035 362; x_wconf 88' lang='lat' dir='ltr'>minime</span> <span class='ocrx_word' id='word_1_24' title='bbox 1049 323 1322 363; x_wconf 73' lang='lat' dir='ltr'><strong>fastidiosam.</strong></span> <span class='ocrx_word' id='word_1_25' title='bbox 1382 323 1487 362; x_wconf 84' lang='lat' dir='ltr'>Vale</span> <span class='ocrx_word' id='word_1_26' title='bbox 1507 323 1662 363; x_wconf 89' lang='lat' dir='ltr'>iterum</span> <span class='ocrx_word' id='word_1_27' title='bbox 1681 325 1849 365; x_wconf 86' lang='lat' dir='ltr'>iterum·</span> 
     </span>
     <span class='ocr_line' id='line_1_8' title="bbox 251 388 1739 444; baseline -0.001 -14"><span class='ocrx_word' id='word_1_28' title='bbox 251 406 338 444; x_wconf 83' lang='lat' dir='ltr'>que,</span> <span class='ocrx_word' id='word_1_29' title='bbox 362 403 575 429; x_wconf 88' lang='lat' dir='ltr'>summum</span> <span class='ocrx_word' id='word_1_30' title='bbox 601 389 846 429; x_wconf 80' lang='lat' dir='ltr'>Germaniae</span> <span class='ocrx_word' id='word_1_31' title='bbox 867 389 1001 437; x_wconf 84' lang='lat' dir='ltr'>decus,</span> <span class='ocrx_word' id='word_1_32' title='bbox 1022 388 1298 439; x_wconf 81' lang='lat' dir='ltr'>promissique</span> <span class='ocrx_word' id='word_1_33' title='bbox 1318 389 1381 426; x_wconf 92' lang='lat' dir='ltr'>tui</span> <span class='ocrx_word' id='word_1_34' title='bbox 1401 390 1444 426; x_wconf 92' lang='lat' dir='ltr'>et</span> <span class='ocrx_word' id='word_1_35' title='bbox 1461 388 1546 428; x_wconf 86' lang='lat' dir='ltr'>mei</span> <span class='ocrx_word' id='word_1_36' title='bbox 1566 402 1739 429; x_wconf 86' lang='lat' dir='ltr'>memor.</span> 
     </span>
    </p>
   </div>
   <div class='ocr_carea' id='block_1_7' title="bbox 537 531 1566 574">
    <p class='ocr_par' dir='ltr' id='par_1_7' title="bbox 537 531 1566 574">
     <span class='ocr_line' id='line_1_9' title="bbox 537 531 1566 574; baseline -0.002 0"><span class='ocrx_word' id='word_1_37' title='bbox 537 532 690 574; x_wconf 76' lang='grc'>362375.</span> <span class='ocrx_word' id='word_1_38' title='bbox 754 532 885 573; x_wconf 80' lang='lat' dir='ltr'><strong>FROM</strong></span> <span class='ocrx_word' id='word_1_39' title='bbox 919 531 1194 572; x_wconf 78' lang='lat' dir='ltr'>WILLIBALD</span> <span class='ocrx_word' id='word_1_40' title='bbox 1227 532 1566 573; x_wconf 79' lang='lat' dir='ltr'><strong>PIRCKHEIMER.</strong></span> 
     </span>
    </p>
   </div>
   <div class='ocr_carea' id='block_1_8' title="bbox 297 623 994 786">
    <p class='ocr_par' dir='ltr' id='par_1_8' title="bbox 297 623 994 786">
     <span class='ocr_line' id='line_1_10' title="bbox 298 623 929 670; baseline 0 -11"><span class='ocrx_word' id='word_1_41' title='bbox 298 625 486 661; x_wconf 88' lang='lat' dir='ltr'>Deventer</span> <span class='ocrx_word' id='word_1_42' title='bbox 503 623 581 659; x_wconf 78' lang='lat' dir='ltr'><strong>MS.</strong></span> <span class='ocrx_word' id='word_1_43' title='bbox 600 634 656 669; x_wconf 86' lang='lat'>91,</span> <span class='ocrx_word' id='word_1_44' title='bbox 675 623 701 658; x_wconf 83' lang='lat' dir='ltr'><strong>f.</strong></span> <span class='ocrx_word' id='word_1_45' title='bbox 723 624 790 668; x_wconf 87' lang='lat'>169</span> <span class='ocrx_word' id='word_1_46' title='bbox 807 628 849 657; x_wconf 85' lang='lat' dir='ltr'>v⁰</span> <span class='ocrx_word' id='word_1_47' title='bbox 867 623 929 670; x_wconf 80' lang='lat' dir='ltr'>(a).</span> 
     </span>
     <span class='ocr_line' id='line_1_11' title="bbox 297 680 994 728; baseline -0.003 -10"><span class='ocrx_word' id='word_1_48' title='bbox 297 682 530 728; x_wconf 84' lang='lat' dir='ltr'>Nuremberg</span> <span class='ocrx_word' id='word_1_49' title='bbox 548 681 625 718; x_wconf 84' lang='lat' dir='ltr'><strong>MS.</strong></span> <span class='ocrx_word' id='word_1_50' title='bbox 645 681 713 717; x_wconf 89' lang='grc' dir='ltr'>ΡΡ.</span> <span class='ocrx_word' id='word_1_51' title='bbox 732 682 800 718; x_wconf 91' lang='lat' dir='ltr'>No.</span> <span class='ocrx_word' id='word_1_52' title='bbox 823 680 909 725; x_wconf 82' lang='lat' dir='ltr'>127b</span> <span class='ocrx_word' id='word_1_53' title='bbox 928 681 994 727; x_wconf 78' lang='grc' dir='ltr'><strong>(β).</strong></span> 
     </span>
     <span class='ocr_line' id='line_1_12' title="bbox 298 741 565 786; baseline 0 -10"><span class='ocrx_word' id='word_1_54' title='bbox 298 741 371 776; x_wconf 90' lang='lat' dir='ltr'><strong>LB.</strong></span> <span class='ocrx_word' id='word_1_55' title='bbox 390 741 489 786; x_wconf 88' lang='lat' dir='ltr'><strong>App.</strong></span> <span class='ocrx_word' id='word_1_56' title='bbox 508 751 565 786; x_wconf 87' lang='lat'>39.</span> 
     </span>
    </p>
   </div>
   <div class='ocr_carea' id='block_1_9' title="bbox 1418 621 1803 728">
    <p class='ocr_par' dir='ltr' id='par_1_9' title="bbox 1418 621 1803 728">
     <span class='ocr_line' id='line_1_13' title="bbox 1489 621 1737 669; baseline -0.004 -11"><span class='ocrx_word' id='word_1_57' title='bbox 1489 621 1737 669; x_wconf 83' lang='lat' dir='ltr'>Nuremberg.</span> 
     </span>
     <span class='ocr_line' id='line_1_14' title="bbox 1418 680 1803 728; baseline 0.003 -12"><span class='ocrx_word' id='word_1_58' title='bbox 1418 690 1459 725; x_wconf 89' lang='lat'>13</span> <span class='ocrx_word' id='word_1_59' title='bbox 1478 680 1683 717; x_wconf 86' lang='lat' dir='ltr'>December</span> <span class='ocrx_word' id='word_1_60' title='bbox 1704 690 1803 728; x_wconf 83' lang='lat'><strong>1515.</strong></span> 
     </span>
    </p>
   </div>
   <div class='ocr_carea' id='block_1_10' title="bbox 251 818 1852 1124">
    <p class='ocr_par' dir='ltr' id='par_1_10' title="bbox 251 818 1852 1124">
     <span class='ocr_line' id='line_1_15' title="bbox 296 818 1850 864; baseline -0.002 -11"><span class='ocrx_word' id='word_1_61' title='bbox 296 822 395 864; x_wconf 87' lang='lat' dir='ltr'>[Two</span> <span class='ocrx_word' id='word_1_62' title='bbox 419 822 662 862; x_wconf 88' lang='lat' dir='ltr'>manuscripts</span> <span class='ocrx_word' id='word_1_63' title='bbox 685 821 724 852; x_wconf 90' lang='lat' dir='ltr'>of</span> <span class='ocrx_word' id='word_1_64' title='bbox 743 820 819 852; x_wconf 87' lang='lat' dir='ltr'>this</span> <span class='ocrx_word' id='word_1_65' title='bbox 843 820 951 851; x_wconf 88' lang='lat' dir='ltr'>letter</span> <span class='ocrx_word' id='word_1_66' title='bbox 974 819 1077 860; x_wconf 82' lang='lat' dir='ltr'>exist,</span> <span class='ocrx_word' id='word_1_67' title='bbox 1096 829 1163 850; x_wconf 90' lang='lat' dir='ltr'>one</span> <span class='ocrx_word' id='word_1_68' title='bbox 1187 819 1227 850; x_wconf 93' lang='lat' dir='ltr'>in</span> <span class='ocrx_word' id='word_1_69' title='bbox 1250 819 1313 851; x_wconf 87' lang='lat' dir='ltr'>the</span> <span class='ocrx_word' id='word_1_70' title='bbox 1339 819 1521 850; x_wconf 86' lang='lat' dir='ltr'>Deventer</span> <span class='ocrx_word' id='word_1_71' title='bbox 1546 818 1770 858; x_wconf 87' lang='lat' dir='ltr'>letter-book,</span> <span class='ocrx_word' id='word_1_72' title='bbox 1787 819 1850 850; x_wconf 91' lang='lat' dir='ltr'>the</span> 
     </span>
     <span class='ocr_line' id='line_1_16' title="bbox 251 862 1849 905; baseline -0.003 -8"><span class='ocrx_word' id='word_1_73' title='bbox 251 866 355 897; x_wconf 89' lang='lat' dir='ltr'>other</span> <span class='ocrx_word' id='word_1_74' title='bbox 369 875 502 905; x_wconf 82' lang='lat' dir='ltr'>among</span> <span class='ocrx_word' id='word_1_75' title='bbox 522 865 584 896; x_wconf 88' lang='lat' dir='ltr'>the</span> <span class='ocrx_word' id='word_1_76' title='bbox 605 865 851 896; x_wconf 86' lang='lat' dir='ltr'>Pirckheimer</span> <span class='ocrx_word' id='word_1_77' title='bbox 873 873 1000 904; x_wconf 83' lang='lat' dir='ltr'>papers</span> <span class='ocrx_word' id='word_1_78' title='bbox 1020 865 1056 894; x_wconf 87' lang='lat' dir='ltr'>at</span> <span class='ocrx_word' id='word_1_79' title='bbox 1074 863 1294 903; x_wconf 84' lang='lat' dir='ltr'>Nuremberg</span> <span class='ocrx_word' id='word_1_80' title='bbox 1316 863 1363 903; x_wconf 80' lang='lat' dir='ltr'>(p.</span> <span class='ocrx_word' id='word_1_81' title='bbox 1382 862 1451 902; x_wconf 89' lang='lat'>46).</span> <span class='ocrx_word' id='word_1_82' title='bbox 1499 874 1530 901; x_wconf 86' lang='grc' dir='ltr'>α,</span> <span class='ocrx_word' id='word_1_83' title='bbox 1549 863 1686 902; x_wconf 80' lang='lat' dir='ltr'><strong>though</strong></span> <span class='ocrx_word' id='word_1_84' title='bbox 1702 863 1849 894; x_wconf 80' lang='lat' dir='ltr'>written</span> 
     </span>
     <span class='ocr_line' id='line_1_17' title="bbox 252 906 1852 950; baseline -0.002 -9"><span class='ocrx_word' id='word_1_85' title='bbox 252 911 301 950; x_wconf 86' lang='lat' dir='ltr'>by</span> <span class='ocrx_word' id='word_1_86' title='bbox 316 919 337 940; x_wconf 90' lang='lat' dir='ltr'>a</span> <span class='ocrx_word' id='word_1_87' title='bbox 353 911 538 949; x_wconf 84' lang='lat' dir='ltr'>secretary,</span> <span class='ocrx_word' id='word_1_88' title='bbox 558 910 623 939; x_wconf 87' lang='lat' dir='ltr'>has</span> <span class='ocrx_word' id='word_1_89' title='bbox 645 910 708 940; x_wconf 93' lang='lat' dir='ltr'>the</span> <span class='ocrx_word' id='word_1_90' title='bbox 731 908 862 948; x_wconf 88' lang='lat' dir='ltr'>higher</span> <span class='ocrx_word' id='word_1_91' title='bbox 878 908 1075 947; x_wconf 75' lang='lat' dir='ltr'>authority,</span> <span class='ocrx_word' id='word_1_92' title='bbox 1094 908 1190 938; x_wconf 87' lang='lat' dir='ltr'>since</span> <span class='ocrx_word' id='word_1_93' title='bbox 1216 908 1245 938; x_wconf 91' lang='lat' dir='ltr'>it</span> <span class='ocrx_word' id='word_1_94' title='bbox 1267 908 1481 947; x_wconf 77' lang='lat' dir='ltr'>represents,</span> <span class='ocrx_word' id='word_1_95' title='bbox 1500 906 1592 937; x_wconf 84' lang='lat' dir='ltr'>after</span> <span class='ocrx_word' id='word_1_96' title='bbox 1607 907 1774 946; x_wconf 87' lang='lat' dir='ltr'>allowing</span> <span class='ocrx_word' id='word_1_97' title='bbox 1797 907 1852 938; x_wconf 82' lang='lat' dir='ltr'>for</span> 
     </span>
     <span class='ocr_line' id='line_1_18' title="bbox 251 949 1851 993; baseline -0.003 -9"><span class='ocrx_word' id='word_1_98' title='bbox 251 953 314 984; x_wconf 90' lang='lat' dir='ltr'>the</span> <span class='ocrx_word' id='word_1_99' title='bbox 330 963 469 993; x_wconf 82' lang='lat' dir='ltr'>process</span> <span class='ocrx_word' id='word_1_100' title='bbox 486 952 525 984; x_wconf 89' lang='lat' dir='ltr'>of</span> <span class='ocrx_word' id='word_1_101' title='bbox 544 953 707 992; x_wconf 86' lang='lat' dir='ltr'>copying,</span> <span class='ocrx_word' id='word_1_102' title='bbox 726 952 788 983; x_wconf 87' lang='lat' dir='ltr'>the</span> <span class='ocrx_word' id='word_1_103' title='bbox 804 951 913 982; x_wconf 87' lang='lat' dir='ltr'>letter</span> <span class='ocrx_word' id='word_1_104' title='bbox 928 951 1088 990; x_wconf 79' lang='lat' dir='ltr'>actually</span> <span class='ocrx_word' id='word_1_105' title='bbox 1102 951 1283 989; x_wconf 87' lang='lat' dir='ltr'>received;</span> <span class='ocrx_word' id='word_1_106' title='bbox 1308 952 1342 990; x_wconf 85' lang='grc' dir='ltr'>β,</span> <span class='ocrx_word' id='word_1_107' title='bbox 1357 949 1498 989; x_wconf 83' lang='lat' dir='ltr'>though</span> <span class='ocrx_word' id='word_1_108' title='bbox 1514 950 1554 981; x_wconf 90' lang='lat' dir='ltr'>in</span> <span class='ocrx_word' id='word_1_109' title='bbox 1570 950 1851 981; x_wconf 85' lang='lat' dir='ltr'>Pirckheimer’s</span> 
     </span>
     <span class='ocr_line' id='line_1_19' title="bbox 252 993 1852 1035; baseline -0.003 -8"><span class='ocrx_word' id='word_1_110' title='bbox 252 1007 332 1028; x_wconf 90' lang='lat' dir='ltr'>own</span> <span class='ocrx_word' id='word_1_111' title='bbox 353 996 454 1027; x_wconf 88' lang='lat' dir='ltr'>hand</span> <span class='ocrx_word' id='word_1_112' title='bbox 471 996 542 1027; x_wconf 87' lang='lat' dir='ltr'>and</span> <span class='ocrx_word' id='word_1_113' title='bbox 557 995 687 1027; x_wconf 83' lang='lat' dir='ltr'>earlier</span> <span class='ocrx_word' id='word_1_114' title='bbox 701 996 741 1026; x_wconf 88' lang='lat' dir='ltr'>in</span> <span class='ocrx_word' id='word_1_115' title='bbox 757 996 858 1035; x_wconf 88' lang='lat' dir='ltr'>point</span> <span class='ocrx_word' id='word_1_116' title='bbox 876 994 914 1026; x_wconf 85' lang='lat' dir='ltr'>of</span> <span class='ocrx_word' id='word_1_117' title='bbox 929 996 1029 1034; x_wconf 90' lang='lat' dir='ltr'>time,</span> <span class='ocrx_word' id='word_1_118' title='bbox 1045 995 1076 1025; x_wconf 89' lang='lat' dir='ltr'>is</span> <span class='ocrx_word' id='word_1_119' title='bbox 1092 994 1179 1033; x_wconf 89' lang='lat' dir='ltr'>only</span> <span class='ocrx_word' id='word_1_120' title='bbox 1195 1004 1216 1025; x_wconf 89' lang='lat' dir='ltr'>a</span> <span class='ocrx_word' id='word_1_121' title='bbox 1230 994 1345 1034; x_wconf 87' lang='lat' dir='ltr'>rough</span> <span class='ocrx_word' id='word_1_122' title='bbox 1361 1003 1460 1034; x_wconf 88' lang='lat' dir='ltr'>copy.</span> <span class='ocrx_word' id='word_1_123' title='bbox 1509 993 1528 1024; x_wconf 93' lang='grc' dir='ltr'>Ι</span> <span class='ocrx_word' id='word_1_124' title='bbox 1544 993 1635 1025; x_wconf 90' lang='lat' dir='ltr'>have</span> <span class='ocrx_word' id='word_1_125' title='bbox 1651 995 1758 1034; x_wconf 85' lang='lat' dir='ltr'>given</span> <span class='ocrx_word' id='word_1_126' title='bbox 1774 1003 1852 1033; x_wconf 88' lang='lat' dir='ltr'>pre·</span> 
     </span>
     <span class='ocr_line' id='line_1_20' title="bbox 252 1036 1850 1080; baseline -0.003 -9"><span class='ocrx_word' id='word_1_127' title='bbox 252 1041 412 1079; x_wconf 89' lang='lat' dir='ltr'>cedence,</span> <span class='ocrx_word' id='word_1_128' title='bbox 429 1039 620 1080; x_wconf 71' lang='lat' dir='ltr'>therefore,</span> <span class='ocrx_word' id='word_1_129' title='bbox 640 1039 783 1079; x_wconf 73' lang='lat' dir='ltr'>usually</span> <span class='ocrx_word' id='word_1_130' title='bbox 799 1042 835 1070; x_wconf 86' lang='lat' dir='ltr'>to</span> <span class='ocrx_word' id='word_1_131' title='bbox 851 1050 880 1079; x_wconf 87' lang='grc' dir='ltr'>α,</span> <span class='ocrx_word' id='word_1_132' title='bbox 901 1039 955 1069; x_wconf 85' lang='lat' dir='ltr'>for</span> <span class='ocrx_word' id='word_1_133' title='bbox 971 1041 1046 1069; x_wconf 82' lang='lat' dir='ltr'>text</span> <span class='ocrx_word' id='word_1_134' title='bbox 1063 1038 1135 1069; x_wconf 89' lang='lat' dir='ltr'>and</span> <span class='ocrx_word' id='word_1_135' title='bbox 1153 1037 1273 1077; x_wconf 89' lang='lat' dir='ltr'>order;</span> <span class='ocrx_word' id='word_1_136' title='bbox 1298 1038 1363 1069; x_wconf 89' lang='lat' dir='ltr'>but</span> <span class='ocrx_word' id='word_1_137' title='bbox 1385 1038 1478 1068; x_wconf 85' lang='lat' dir='ltr'>have</span> <span class='ocrx_word' id='word_1_138' title='bbox 1495 1036 1649 1078; x_wconf 84' lang='lat' dir='ltr'>adopted</span> <span class='ocrx_word' id='word_1_139' title='bbox 1665 1038 1728 1068; x_wconf 86' lang='lat' dir='ltr'>the</span> <span class='ocrx_word' id='word_1_140' title='bbox 1744 1037 1850 1077; x_wconf 89' lang='lat' dir='ltr'>spell—</span> 
     </span>
     <span class='ocr_line' id='line_1_21' title="bbox 251 1083 429 1124; baseline -0.006 -10"><span class='ocrx_word' id='word_1_141' title='bbox 251 1084 314 1124; x_wconf 86' lang='lat' dir='ltr'>ing</span> <span class='ocrx_word' id='word_1_142' title='bbox 329 1083 368 1115; x_wconf 90' lang='lat' dir='ltr'>of</span> <span class='ocrx_word' id='word_1_143' title='bbox 379 1083 429 1124; x_wconf 71' lang='grc'>3.]</span> 
     </span>
    </p>
   </div>
   <div class='ocr_carea' id='block_1_11' title="bbox 497 1145 1594 1179">
    <p class='ocr_par' dir='ltr' id='par_1_11' title="bbox 497 1145 1594 1179">
     <span class='ocr_line' id='line_1_22' title="bbox 497 1145 1594 1179; baseline -0.002 0"><span class='ocrx_word' id='word_1_144' title='bbox 497 1148 770 1179; x_wconf 79' lang='lat' dir='ltr'>BILIBALDVS</span> <span class='ocrx_word' id='word_1_145' title='bbox 802 1147 1109 1178; x_wconf 78' lang='lat' dir='ltr'><strong>PIRKHEYMER</strong></span> <span class='ocrx_word' id='word_1_146' title='bbox 1140 1147 1320 1178; x_wconf 80' lang='lat' dir='ltr'>DOMINO</span> <span class='ocrx_word' id='word_1_147' title='bbox 1351 1145 1532 1177; x_wconf 85' lang='lat' dir='ltr'><strong>ERASMO</strong></span> <span class='ocrx_word' id='word_1_148' title='bbox 1561 1146 1594 1177; x_wconf 87' lang='lat' dir='ltr'>S.</span> 
     </span>
    </p>
   </div>
   <div class='ocr_carea' id='block_1_12' title="bbox 250 1228 1854 2471">
    <p class='ocr_par' dir='ltr' id='par_1_12' title="bbox 250 1228 1854 1929">
     <span class='ocr_line' id='line_1_23' title="bbox 305 1228 1854 1280; baseline -0.002 -11"><span class='ocrx_word' id='word_1_149' title='bbox 305 1229 468 1269; x_wconf 67' lang='lat' dir='ltr'>Immvm</span> <span class='ocrx_word' id='word_1_150' title='bbox 484 1232 576 1268; x_wconf 87' lang='lat' dir='ltr'>tuas</span> <span class='ocrx_word' id='word_1_151' title='bbox 592 1229 858 1268; x_wconf 82' lang='lat' dir='ltr'>suauissimas</span> <span class='ocrx_word' id='word_1_152' title='bbox 877 1232 918 1268; x_wconf 88' lang='lat' dir='ltr'>et</span> <span class='ocrx_word' id='word_1_153' title='bbox 935 1228 1240 1278; x_wconf 89' lang='lat' dir='ltr'>acceptissimas</span> <span class='ocrx_word' id='word_1_154' title='bbox 1255 1228 1391 1279; x_wconf 82' lang='lat' dir='ltr'>recepi</span> <span class='ocrx_word' id='word_1_155' title='bbox 1403 1228 1585 1276; x_wconf 77' lang='lat' dir='ltr'>litteras3</span> <span class='ocrx_word' id='word_1_156' title='bbox 1606 1229 1854 1280; x_wconf 88' lang='lat' dir='ltr'>quapropter</span> 
     </span>
     <span class='ocr_line' id='line_1_24' title="bbox 252 1293 1853 1346; baseline -0.001 -12"><span class='ocrx_word' id='word_1_157' title='bbox 252 1309 337 1334; x_wconf 88' lang='grc'>11011</span> <span class='ocrx_word' id='word_1_158' title='bbox 362 1308 510 1346; x_wconf 86' lang='lat' dir='ltr'>parum</span> <span class='ocrx_word' id='word_1_159' title='bbox 536 1295 615 1334; x_wconf 85' lang='lat' dir='ltr'>tibi</span> <span class='ocrx_word' id='word_1_160' title='bbox 640 1295 776 1343; x_wconf 85' lang='lat' dir='ltr'>debeo,</span> <span class='ocrx_word' id='word_1_161' title='bbox 802 1295 874 1344; x_wconf 84' lang='lat' dir='ltr'>qui</span> <span class='ocrx_word' id='word_1_162' title='bbox 898 1295 1008 1333; x_wconf 84' lang='lat' dir='ltr'>inter</span> <span class='ocrx_word' id='word_1_163' title='bbox 1028 1296 1091 1333; x_wconf 89' lang='lat' dir='ltr'>tot</span> <span class='ocrx_word' id='word_1_164' title='bbox 1114 1293 1279 1344; x_wconf 85' lang='lat' dir='ltr'>negotia</span> <span class='ocrx_word' id='word_1_165' title='bbox 1299 1296 1372 1333; x_wconf 89' lang='lat' dir='ltr'>tua</span> <span class='ocrx_word' id='word_1_166' title='bbox 1391 1293 1473 1332; x_wconf 91' lang='lat' dir='ltr'>mei</span> <span class='ocrx_word' id='word_1_167' title='bbox 1504 1307 1665 1344; x_wconf 88' lang='lat' dir='ltr'>quoque</span> <span class='ocrx_word' id='word_1_168' title='bbox 1694 1306 1853 1333; x_wconf 89' lang='lat' dir='ltr'>memor</span> 
     </span>
     <span class='ocr_line' id='line_1_25' title="bbox 250 1356 1851 1407; baseline 0.001 -12"><span class='ocrx_word' id='word_1_169' title='bbox 250 1371 304 1397; x_wconf 90' lang='lat' dir='ltr'>es.</span> <span class='ocrx_word' id='word_1_170' title='bbox 366 1358 483 1406; x_wconf 79' lang='lat' dir='ltr'>Quod</span> <span class='ocrx_word' id='word_1_171' title='bbox 509 1358 683 1407; x_wconf 89' lang='lat' dir='ltr'>epistola</span> <span class='ocrx_word' id='word_1_172' title='bbox 709 1370 801 1396; x_wconf 84' lang='lat' dir='ltr'>mea</span> <span class='ocrx_word' id='word_1_173' title='bbox 820 1371 902 1396; x_wconf 76' lang='lat' dir='ltr'>vna</span> <span class='ocrx_word' id='word_1_174' title='bbox 925 1370 1020 1396; x_wconf 90' lang='lat' dir='ltr'>cum</span> <span class='ocrx_word' id='word_1_175' title='bbox 1040 1357 1182 1396; x_wconf 89' lang='lat' dir='ltr'>libello</span> <span class='ocrx_word' id='word_1_176' title='bbox 1209 1370 1294 1396; x_wconf 92' lang='lat' dir='ltr'>non</span> <span class='ocrx_word' id='word_1_177' title='bbox 1317 1356 1477 1395; x_wconf 86' lang='lat' dir='ltr'>reddita</span> <span class='ocrx_word' id='word_1_178' title='bbox 1502 1356 1592 1405; x_wconf 85' lang='lat' dir='ltr'>fuit,</span> <span class='ocrx_word' id='word_1_179' title='bbox 1617 1369 1734 1407; x_wconf 87' lang='lat' dir='ltr'>aegre</span> <span class='ocrx_word' id='word_1_180' title='bbox 1757 1357 1851 1406; x_wconf 85' lang='lat' dir='ltr'>tuli,</span> 
     </span>
     <span class='ocr_line' id='line_1_26' title="bbox 251 1421 1852 1473; baseline 0.001 -12"><span class='ocrx_word' id='word_1_181' title='bbox 251 1423 448 1473; x_wconf 87' lang='lat' dir='ltr'>quoniam</span> <span class='ocrx_word' id='word_1_182' title='bbox 468 1424 513 1462; x_wconf 89' lang='lat' dir='ltr'>in</span> <span class='ocrx_word' id='word_1_183' title='bbox 534 1423 607 1461; x_wconf 87' lang='lat' dir='ltr'>illa</span> <span class='ocrx_word' id='word_1_184' title='bbox 626 1423 706 1461; x_wconf 90' lang='lat' dir='ltr'>tibi</span> <span class='ocrx_word' id='word_1_185' title='bbox 726 1422 1009 1473; x_wconf 88' lang='lat' dir='ltr'>significabam</span> <span class='ocrx_word' id='word_1_186' title='bbox 1029 1422 1223 1470; x_wconf 85' lang='lat' dir='ltr'>leticiam,</span> <span class='ocrx_word' id='word_1_187' title='bbox 1244 1434 1369 1472; x_wconf 89' lang='lat' dir='ltr'>quam</span> <span class='ocrx_word' id='word_1_188' title='bbox 1389 1421 1442 1460; x_wconf 90' lang='lat' dir='ltr'>ob</span> <span class='ocrx_word' id='word_1_189' title='bbox 1461 1423 1502 1460; x_wconf 89' lang='lat' dir='ltr'>te</span> <span class='ocrx_word' id='word_1_190' title='bbox 1522 1421 1650 1461; x_wconf 88' lang='lat' dir='ltr'>talem</span> <span class='ocrx_word' id='word_1_191' title='bbox 1670 1423 1852 1462; x_wconf 88' lang='lat' dir='ltr'>tantum.-</span> 
     </span>
     <span class='ocr_line' id='line_1_27' title="bbox 251 1487 1847 1538; baseline 0.001 -12"><span class='ocrx_word' id='word_1_192' title='bbox 251 1501 329 1538; x_wconf 92' lang='lat' dir='ltr'>que</span> <span class='ocrx_word' id='word_1_193' title='bbox 363 1488 470 1526; x_wconf 91' lang='lat' dir='ltr'>mihi</span> <span class='ocrx_word' id='word_1_194' title='bbox 507 1487 775 1527; x_wconf 89' lang='lat' dir='ltr'>conciliatum</span> <span class='ocrx_word' id='word_1_195' title='bbox 810 1487 992 1526; x_wconf 82' lang='lat' dir='ltr'>amicum</span> <span class='ocrx_word' id='word_1_196' title='bbox 1030 1500 1309 1538; x_wconf 84' lang='lat' dir='ltr'>conceperam.</span> <span class='ocrx_word' id='word_1_197' title='bbox 1368 1487 1531 1526; x_wconf 80' lang='lat' dir='ltr'>Pariter</span> <span class='ocrx_word' id='word_1_198' title='bbox 1558 1487 1756 1538; x_wconf 86' lang='lat' dir='ltr'>rogabam</span> <span class='ocrx_word' id='word_1_199' title='bbox 1788 1490 1847 1537; x_wconf 89' lang='lat' dir='ltr'>vt,</span> 
     </span>
     <span class='ocr_line' id='line_1_28' title="bbox 251 1552 1853 1603; baseline 0 -12"><span class='ocrx_word' id='word_1_200' title='bbox 251 1554 360 1603; x_wconf 90' lang='lat' dir='ltr'>quod</span> <span class='ocrx_word' id='word_1_201' title='bbox 390 1566 462 1603; x_wconf 91' lang='lat' dir='ltr'>per</span> <span class='ocrx_word' id='word_1_202' title='bbox 490 1553 669 1592; x_wconf 89' lang='lat' dir='ltr'>Beatum</span> <span class='ocrx_word' id='word_1_203' title='bbox 699 1555 890 1592; x_wconf 84' lang='lat' dir='ltr'>nostrum</span> <span class='ocrx_word' id='word_1_204' title='bbox 918 1553 1176 1603; x_wconf 82' lang='lat' dir='ltr'>promiseras,</span> <span class='ocrx_word' id='word_1_205' title='bbox 1199 1552 1420 1592; x_wconf 83' lang='lat' dir='ltr'>Plutarchi</span> <span class='ocrx_word' id='word_1_206' title='bbox 1445 1553 1528 1591; x_wconf 90' lang='lat' dir='ltr'>mei</span> <span class='ocrx_word' id='word_1_207' title='bbox 1555 1552 1728 1592; x_wconf 86' lang='lat' dir='ltr'>mendas</span> <span class='ocrx_word' id='word_1_208' title='bbox 1747 1552 1853 1592; x_wconf 89' lang='lat' dir='ltr'>mihi</span> 
     </span>
     <span class='ocr_line' id='line_1_29' title="bbox 251 1617 1853 1669; baseline 0 -12"><span class='ocrx_word' id='word_1_209' title='bbox 251 1618 507 1657; x_wconf 85' lang='lat' dir='ltr'>ostenderes:</span> <span class='ocrx_word' id='word_1_210' title='bbox 546 1618 655 1669; x_wconf 88' lang='lat' dir='ltr'>quod</span> <span class='ocrx_word' id='word_1_211' title='bbox 694 1621 734 1656; x_wconf 90' lang='lat' dir='ltr'>et</span> <span class='ocrx_word' id='word_1_212' title='bbox 775 1619 908 1656; x_wconf 83' lang='lat' dir='ltr'>adhuc</span> <span class='ocrx_word' id='word_1_213' title='bbox 946 1631 1043 1668; x_wconf 88' lang='lat' dir='ltr'>rogo</span> <span class='ocrx_word' id='word_1_214' title='bbox 1060 1633 1069 1666; x_wconf 89' lang='lat'>;</span> <span class='ocrx_word' id='word_1_215' title='bbox 1113 1631 1211 1656; x_wconf 86' lang='lat' dir='ltr'>nam</span> <span class='ocrx_word' id='word_1_216' title='bbox 1251 1631 1426 1668; x_wconf 75' lang='lat' dir='ltr'>syncel-0</span> <span class='ocrx_word' id='word_1_217' title='bbox 1459 1619 1501 1656; x_wconf 90' lang='lat' dir='ltr'>te</span> <span class='ocrx_word' id='word_1_218' title='bbox 1539 1617 1581 1656; x_wconf 89' lang='lat' dir='ltr'>id</span> <span class='ocrx_word' id='word_1_219' title='bbox 1620 1618 1760 1656; x_wconf 87' lang='lat' dir='ltr'>animo</span> <span class='ocrx_word' id='word_1_220' title='bbox 1799 1618 1853 1657; x_wconf 86' lang='lat' dir='ltr'>fa·</span> 
     </span>
     <span class='ocr_line' id='line_1_30' title="bbox 250 1682 1853 1734; baseline -0.001 -12"><span class='ocrx_word' id='word_1_221' title='bbox 250 1685 416 1722; x_wconf 89' lang='lat' dir='ltr'>cturum</span> <span class='ocrx_word' id='word_1_222' title='bbox 444 1683 555 1722; x_wconf 87' lang='lat' dir='ltr'>haud</span> <span class='ocrx_word' id='word_1_223' title='bbox 580 1683 736 1722; x_wconf 87' lang='lat' dir='ltr'>dubito.</span> <span class='ocrx_word' id='word_1_224' title='bbox 797 1683 1063 1721; x_wconf 85' lang='lat' dir='ltr'>Tradideram</span> <span class='ocrx_word' id='word_1_225' title='bbox 1094 1682 1314 1732; x_wconf 87' lang='lat' dir='ltr'>epistolam</span> <span class='ocrx_word' id='word_1_226' title='bbox 1344 1683 1459 1721; x_wconf 88' lang='lat' dir='ltr'>illam</span> <span class='ocrx_word' id='word_1_227' title='bbox 1494 1682 1672 1721; x_wconf 89' lang='lat' dir='ltr'>Roberto</span> <span class='ocrx_word' id='word_1_228' title='bbox 1691 1682 1853 1734; x_wconf 91' lang='lat' dir='ltr'>Wimp-</span> 
     </span>
     <span class='ocr_line' id='line_1_31' title="bbox 251 1748 1851 1798; baseline 0.001 -12"><span class='ocrx_word' id='word_1_229' title='bbox 251 1749 369 1797; x_wconf 87' lang='lat' dir='ltr'>feldo,</span> <span class='ocrx_word' id='word_1_230' title='bbox 393 1749 465 1787; x_wconf 90' lang='lat' dir='ltr'>sed</span> <span class='ocrx_word' id='word_1_231' title='bbox 484 1749 556 1786; x_wconf 89' lang='lat' dir='ltr'>ille</span> <span class='ocrx_word' id='word_1_232' title='bbox 580 1762 744 1798; x_wconf 87' lang='lat' dir='ltr'>semper</span> <span class='ocrx_word' id='word_1_233' title='bbox 769 1749 919 1787; x_wconf 88' lang='lat' dir='ltr'>dehinc</span> <span class='ocrx_word' id='word_1_234' title='bbox 946 1749 1105 1787; x_wconf 91' lang='lat' dir='ltr'>curiam</span> <span class='ocrx_word' id='word_1_235' title='bbox 1133 1751 1298 1787; x_wconf 87' lang='lat' dir='ltr'>secutus</span> <span class='ocrx_word' id='word_1_236' title='bbox 1326 1749 1412 1796; x_wconf 91' lang='lat' dir='ltr'>est;</span> <span class='ocrx_word' id='word_1_237' title='bbox 1451 1748 1614 1787; x_wconf 89' lang='lat' dir='ltr'>locutus</span> <span class='ocrx_word' id='word_1_238' title='bbox 1643 1761 1686 1787; x_wconf 86' lang='lat' dir='ltr'>es</span> <span class='ocrx_word' id='word_1_239' title='bbox 1714 1750 1762 1787; x_wconf 86' lang='lat' dir='ltr'>tu</span> <span class='ocrx_word' id='word_1_240' title='bbox 1791 1748 1851 1787; x_wconf 90' lang='lat' dir='ltr'>in-</span> 
     </span>
     <span class='ocr_line' id='line_1_32' title="bbox 252 1813 1851 1864; baseline 0 -12"><span class='ocrx_word' id='word_1_241' title='bbox 252 1813 374 1852; x_wconf 86' lang='lat' dir='ltr'>terim</span> <span class='ocrx_word' id='word_1_242' title='bbox 395 1814 571 1853; x_wconf 79' lang='lat' dir='ltr'>forsitan</span> <span class='ocrx_word' id='word_1_243' title='bbox 593 1827 688 1853; x_wconf 90' lang='lat' dir='ltr'>cum</span> <span class='ocrx_word' id='word_1_244' title='bbox 708 1814 834 1852; x_wconf 85' lang='lat' dir='ltr'>fratre</span> <span class='ocrx_word' id='word_1_245' title='bbox 855 1814 981 1862; x_wconf 89' lang='lat' dir='ltr'>illius,</span> <span class='ocrx_word' id='word_1_246' title='bbox 1007 1814 1079 1864; x_wconf 87' lang='lat' dir='ltr'>qui</span> <span class='ocrx_word' id='word_1_247' title='bbox 1098 1815 1138 1852; x_wconf 90' lang='lat' dir='ltr'>et</span> <span class='ocrx_word' id='word_1_248' title='bbox 1158 1813 1244 1864; x_wconf 89' lang='lat' dir='ltr'>ipse</span> <span class='ocrx_word' id='word_1_249' title='bbox 1264 1813 1485 1863; x_wconf 86' lang='lat' dir='ltr'>aliquando</span> <span class='ocrx_word' id='word_1_250' title='bbox 1505 1813 1614 1864; x_wconf 85' lang='lat' dir='ltr'>apud</span> <span class='ocrx_word' id='word_1_251' title='bbox 1636 1814 1851 1854; x_wconf 85' lang='lat' dir='ltr'>Caesarem</span> 
     </span>
     <span class='ocr_line' id='line_1_33' title="bbox 252 1879 777 1929; baseline 0 -12"><span class='ocrx_word' id='word_1_252' title='bbox 252 1881 453 1918; x_wconf 89' lang='lat' dir='ltr'>oratorem</span> <span class='ocrx_word' id='word_1_253' title='bbox 472 1879 582 1929; x_wconf 88' lang='lat' dir='ltr'>regis</span> <span class='ocrx_word' id='word_1_254' title='bbox 602 1879 667 1918; x_wconf 92' lang='lat' dir='ltr'>sui</span> <span class='ocrx_word' id='word_1_255' title='bbox 682 1880 777 1928; x_wconf 87' lang='lat' dir='ltr'>egit.</span> 
     </span>
    </p>

    <p class='ocr_par' dir='ltr' id='par_1_13' title="bbox 306 1943 1850 1995">
     <span class='ocr_line' id='line_1_34' title="bbox 306 1943 1850 1995; baseline 0 -11"><span class='ocrx_word' id='word_1_256' title='bbox 306 1944 474 1984; x_wconf 85' lang='lat' dir='ltr'>Gaudeo</span> <span class='ocrx_word' id='word_1_257' title='bbox 494 1944 660 1983; x_wconf 86' lang='lat' dir='ltr'>beatum</span> <span class='ocrx_word' id='word_1_258' title='bbox 681 1944 990 1994; x_wconf 85' lang='lat' dir='ltr'>Hieronymum</span> <span class='ocrx_word' id='word_1_259' title='bbox 1015 1944 1183 1984; x_wconf 85' lang='lat' dir='ltr'>tandem</span> <span class='ocrx_word' id='word_1_260' title='bbox 1203 1943 1402 1994; x_wconf 86' lang='lat' dir='ltr'>reperisse</span> <span class='ocrx_word' id='word_1_261' title='bbox 1430 1944 1502 1994; x_wconf 89' lang='lat' dir='ltr'>qui</span> <span class='ocrx_word' id='word_1_262' title='bbox 1527 1944 1649 1983; x_wconf 90' lang='lat' dir='ltr'>illum</span> <span class='ocrx_word' id='word_1_263' title='bbox 1672 1944 1850 1995; x_wconf 85' lang='lat' dir='ltr'>pristino</span> 
     </span>
    </p>

    <p class='ocr_par' dir='ltr' id='par_1_14' title="bbox 251 2040 1852 2471">
     <span class='ocr_line' id='line_1_35' title="bbox 296 2040 1851 2081; baseline 0.001 -11"><span class='ocrx_word' id='word_1_264' title='bbox 296 2041 371 2071; x_wconf 76' lang='lat'><strong>375.</strong></span> <span class='ocrx_word' id='word_1_265' title='bbox 396 2049 460 2071; x_wconf 79' lang='grc' dir='ltr'><strong>ΤΙΤ.</strong></span> <span class='ocrx_word' id='word_1_266' title='bbox 484 2049 694 2071; x_wconf 83' lang='lat' dir='ltr'>BILIBALDVS</span> <span class='ocrx_word' id='word_1_267' title='bbox 713 2065 720 2072; x_wconf 93' lang='lat'><strong>.</strong></span> <span class='ocrx_word' id='word_1_268' title='bbox 740 2065 746 2071; x_wconf 94' lang='lat'><strong>.</strong></span> <span class='ocrx_word' id='word_1_269' title='bbox 764 2064 772 2070; x_wconf 94' lang='lat'><strong>.</strong></span> <span class='ocrx_word' id='word_1_270' title='bbox 791 2050 808 2071; x_wconf 89' lang='lat' dir='ltr'>s</span> <span class='ocrx_word' id='word_1_271' title='bbox 822 2051 863 2070; x_wconf 85' lang='lat' dir='ltr'>a:</span> <span class='ocrx_word' id='word_1_272' title='bbox 886 2050 944 2071; x_wconf 83' lang='lat' dir='ltr'>om.</span> <span class='ocrx_word' id='word_1_273' title='bbox 963 2041 997 2074; x_wconf 87' lang='grc' dir='ltr'>β.</span> <span class='ocrx_word' id='word_1_274' title='bbox 1093 2049 1120 2072; x_wconf 93' lang='grc'>1.</span> <span class='ocrx_word' id='word_1_275' title='bbox 1145 2040 1376 2071; x_wconf 88' lang='lat' dir='ltr'>suauissimas</span> <span class='ocrx_word' id='word_1_276' title='bbox 1392 2042 1428 2070; x_wconf 84' lang='lat' dir='ltr'>et</span> <span class='ocrx_word' id='word_1_277' title='bbox 1445 2050 1502 2070; x_wconf 82' lang='lat' dir='ltr'>om.</span> <span class='ocrx_word' id='word_1_278' title='bbox 1519 2041 1552 2074; x_wconf 85' lang='grc' dir='ltr'>β.</span> <span class='ocrx_word' id='word_1_279' title='bbox 1633 2042 1851 2081; x_wconf 86' lang='lat' dir='ltr'>quapropter</span> 
     </span>
     <span class='ocr_line' id='line_1_36' title="bbox 252 2082 1851 2123; baseline 0.001 -9"><span class='ocrx_word' id='word_1_280' title='bbox 252 2094 327 2114; x_wconf 91' lang='lat' dir='ltr'>non</span> <span class='ocrx_word' id='word_1_281' title='bbox 353 2094 394 2113; x_wconf 82' lang='lat' dir='ltr'>a:</span> <span class='ocrx_word' id='word_1_282' title='bbox 425 2093 490 2114; x_wconf 90' lang='lat' dir='ltr'>nec</span> <span class='ocrx_word' id='word_1_283' title='bbox 514 2085 546 2117; x_wconf 83' lang='grc' dir='ltr'>β.</span> <span class='ocrx_word' id='word_1_284' title='bbox 704 2094 735 2114; x_wconf 78' lang='lat'><strong>2.</strong></span> <span class='ocrx_word' id='word_1_285' title='bbox 768 2093 908 2123; x_wconf 91' lang='lat' dir='ltr'>quoque</span> <span class='ocrx_word' id='word_1_286' title='bbox 931 2094 970 2113; x_wconf 82' lang='lat' dir='ltr'>a:</span> <span class='ocrx_word' id='word_1_287' title='bbox 1005 2085 1127 2114; x_wconf 86' lang='lat' dir='ltr'>tamen</span> <span class='ocrx_word' id='word_1_288' title='bbox 1151 2084 1184 2117; x_wconf 85' lang='grc' dir='ltr'>β.</span> <span class='ocrx_word' id='word_1_289' title='bbox 1346 2093 1376 2122; x_wconf 87' lang='lat'>3.</span> <span class='ocrx_word' id='word_1_290' title='bbox 1403 2082 1500 2123; x_wconf 80' lang='lat' dir='ltr'>Quod</span> <span class='ocrx_word' id='word_1_291' title='bbox 1526 2107 1534 2114; x_wconf 91' lang='lat'><strong>.</strong></span> <span class='ocrx_word' id='word_1_292' title='bbox 1562 2107 1570 2114; x_wconf 94' lang='lat'><strong>.</strong></span> <span class='ocrx_word' id='word_1_293' title='bbox 1596 2107 1602 2113; x_wconf 91' lang='lat'><strong>.</strong></span> <span class='ocrx_word' id='word_1_294' title='bbox 1629 2084 1682 2115; x_wconf 85' lang='lat'><strong>28.</strong></span> <span class='ocrx_word' id='word_1_295' title='bbox 1705 2094 1786 2123; x_wconf 84' lang='lat'>1515</span> <span class='ocrx_word' id='word_1_296' title='bbox 1809 2095 1851 2115; x_wconf 85' lang='lat' dir='ltr'>a:</span> 
     </span>
     <span class='ocr_line' id='line_1_37' title="bbox 253 2126 1851 2167; baseline 0 -9"><span class='ocrx_word' id='word_1_297' title='bbox 253 2127 451 2167; x_wconf 89' lang='lat' dir='ltr'>Epistolam</span> <span class='ocrx_word' id='word_1_298' title='bbox 468 2137 584 2157; x_wconf 78' lang='lat' dir='ltr'>meam</span> <span class='ocrx_word' id='word_1_299' title='bbox 602 2126 670 2157; x_wconf 90' lang='lat' dir='ltr'>tibi</span> <span class='ocrx_word' id='word_1_300' title='bbox 687 2126 866 2157; x_wconf 85' lang='lat' dir='ltr'>redditam</span> <span class='ocrx_word' id='word_1_301' title='bbox 887 2136 961 2157; x_wconf 86' lang='lat' dir='ltr'>non</span> <span class='ocrx_word' id='word_1_302' title='bbox 983 2136 1057 2157; x_wconf 86' lang='lat' dir='ltr'>esse</span> <span class='ocrx_word' id='word_1_303' title='bbox 1079 2128 1200 2167; x_wconf 78' lang='lat' dir='ltr'>miror,</span> <span class='ocrx_word' id='word_1_304' title='bbox 1220 2136 1300 2157; x_wconf 89' lang='lat' dir='ltr'>cum</span> <span class='ocrx_word' id='word_1_305' title='bbox 1321 2128 1444 2157; x_wconf 83' lang='lat' dir='ltr'>tamen</span> <span class='ocrx_word' id='word_1_306' title='bbox 1466 2126 1632 2157; x_wconf 89' lang='lat' dir='ltr'>libellum</span> <span class='ocrx_word' id='word_1_307' title='bbox 1654 2128 1851 2167; x_wconf 87' lang='lat' dir='ltr'>acceperis:</span> 
     </span>
     <span class='ocr_line' id='line_1_38' title="bbox 251 2169 1852 2212; baseline 0 -11"><span class='ocrx_word' id='word_1_308' title='bbox 251 2179 339 2202; x_wconf 89' lang='lat' dir='ltr'>nam</span> <span class='ocrx_word' id='word_1_309' title='bbox 361 2170 462 2200; x_wconf 85' lang='lat' dir='ltr'>illam</span> <span class='ocrx_word' id='word_1_310' title='bbox 481 2170 626 2200; x_wconf 89' lang='lat' dir='ltr'>domino</span> <span class='ocrx_word' id='word_1_311' title='bbox 645 2170 799 2201; x_wconf 88' lang='lat' dir='ltr'>Roberto</span> <span class='ocrx_word' id='word_1_312' title='bbox 815 2169 1055 2212; x_wconf 86' lang='lat' dir='ltr'>Wing(field)</span> <span class='ocrx_word' id='word_1_313' title='bbox 1071 2179 1142 2201; x_wconf 88' lang='lat' dir='ltr'>vna</span> <span class='ocrx_word' id='word_1_314' title='bbox 1162 2179 1244 2200; x_wconf 91' lang='lat' dir='ltr'>cum</span> <span class='ocrx_word' id='word_1_315' title='bbox 1261 2169 1384 2201; x_wconf 87' lang='lat' dir='ltr'>libello</span> <span class='ocrx_word' id='word_1_316' title='bbox 1403 2169 1552 2209; x_wconf 82' lang='lat' dir='ltr'>tradidi,</span> <span class='ocrx_word' id='word_1_317' title='bbox 1570 2180 1698 2201; x_wconf 87' lang='lat' dir='ltr'>verum</span> <span class='ocrx_word' id='word_1_318' title='bbox 1719 2171 1750 2201; x_wconf 88' lang='lat' dir='ltr'>is</span> <span class='ocrx_word' id='word_1_319' title='bbox 1771 2171 1852 2210; x_wconf 85' lang='lat' dir='ltr'>post</span> 
     </span>
     <span class='ocr_line' id='line_1_39' title="bbox 253 2213 1852 2253; baseline 0.001 -9"><span class='ocrx_word' id='word_1_320' title='bbox 253 2216 473 2245; x_wconf 89' lang='lat' dir='ltr'>conuentum</span> <span class='ocrx_word' id='word_1_321' title='bbox 503 2213 736 2253; x_wconf 82' lang='lat' dir='ltr'>Imperatoris</span> <span class='ocrx_word' id='word_1_322' title='bbox 768 2214 802 2243; x_wconf 82' lang='lat' dir='ltr'>ct</span> <span class='ocrx_word' id='word_1_323' title='bbox 828 2213 959 2253; x_wconf 86' lang='lat' dir='ltr'>Anglie</span> <span class='ocrx_word' id='word_1_324' title='bbox 987 2214 1081 2253; x_wconf 86' lang='lat' dir='ltr'>regis</span> <span class='ocrx_word' id='word_1_325' title='bbox 1107 2223 1128 2244; x_wconf 89' lang='lat' dir='ltr'>a</span> <span class='ocrx_word' id='word_1_326' title='bbox 1153 2214 1253 2244; x_wconf 86' lang='lat' dir='ltr'>curia</span> <span class='ocrx_word' id='word_1_327' title='bbox 1283 2223 1358 2244; x_wconf 90' lang='lat' dir='ltr'>non</span> <span class='ocrx_word' id='word_1_328' title='bbox 1389 2213 1563 2245; x_wconf 84' lang='lat' dir='ltr'>discessit.</span> <span class='ocrx_word' id='word_1_329' title='bbox 1622 2214 1741 2245; x_wconf 85' lang='lat' dir='ltr'>Habet</span> <span class='ocrx_word' id='word_1_330' title='bbox 1768 2223 1852 2245; x_wconf 87' lang='lat' dir='ltr'>vero</span> 
     </span>
     <span class='ocr_line' id='line_1_40' title="bbox 253 2256 1851 2297; baseline 0 -9"><span class='ocrx_word' id='word_1_331' title='bbox 253 2257 401 2288; x_wconf 88' lang='lat' dir='ltr'>fratrem</span> <span class='ocrx_word' id='word_1_332' title='bbox 424 2257 487 2297; x_wconf 92' lang='lat' dir='ltr'>qui</span> <span class='ocrx_word' id='word_1_333' title='bbox 515 2259 550 2287; x_wconf 91' lang='lat' dir='ltr'>et</span> <span class='ocrx_word' id='word_1_334' title='bbox 579 2256 665 2288; x_wconf 90' lang='lat' dir='ltr'>olim</span> <span class='ocrx_word' id='word_1_335' title='bbox 694 2257 788 2296; x_wconf 89' lang='lat' dir='ltr'>apud</span> <span class='ocrx_word' id='word_1_336' title='bbox 813 2257 1071 2297; x_wconf 86' lang='lat' dir='ltr'>Imperatorem</span> <span class='ocrx_word' id='word_1_337' title='bbox 1098 2256 1256 2296; x_wconf 87' lang='lat' dir='ltr'>legatum</span> <span class='ocrx_word' id='word_1_338' title='bbox 1283 2257 1365 2296; x_wconf 88' lang='lat' dir='ltr'>egit.</span> <span class='ocrx_word' id='word_1_339' title='bbox 1415 2256 1466 2287; x_wconf 90' lang='lat' dir='ltr'>De</span> <span class='ocrx_word' id='word_1_340' title='bbox 1493 2256 1558 2287; x_wconf 91' lang='lat' dir='ltr'>illo</span> <span class='ocrx_word' id='word_1_341' title='bbox 1584 2256 1704 2288; x_wconf 88' lang='lat' dir='ltr'>forsan</span> <span class='ocrx_word' id='word_1_342' title='bbox 1732 2257 1851 2288; x_wconf 88' lang='lat' dir='ltr'>dicere</span> 
     </span>
     <span class='ocr_line' id='line_1_41' title="bbox 252 2299 1851 2340; baseline -0.001 -8"><span class='ocrx_word' id='word_1_343' title='bbox 252 2300 411 2333; x_wconf 87' lang='lat' dir='ltr'>voluisti.</span> <span class='ocrx_word' id='word_1_344' title='bbox 454 2299 705 2340; x_wconf 83' lang='lat' dir='ltr'>Significabam</span> <span class='ocrx_word' id='word_1_345' title='bbox 721 2300 789 2330; x_wconf 88' lang='lat' dir='ltr'>tibi</span> <span class='ocrx_word' id='word_1_346' title='bbox 807 2299 959 2340; x_wconf 83' lang='lat' dir='ltr'>epistola</span> <span class='ocrx_word' id='word_1_347' title='bbox 974 2299 1039 2331; x_wconf 90' lang='lat' dir='ltr'>illa</span> <span class='ocrx_word' id='word_1_348' title='bbox 1054 2300 1213 2331; x_wconf 87' lang='lat' dir='ltr'>leticiam</span> <span class='ocrx_word' id='word_1_349' title='bbox 1228 2309 1344 2330; x_wconf 88' lang='lat' dir='ltr'>meam</span> <span class='ocrx_word' id='word_1_350' title='bbox 1361 2309 1469 2339; x_wconf 89' lang='lat' dir='ltr'>quam</span> <span class='ocrx_word' id='word_1_351' title='bbox 1484 2300 1527 2331; x_wconf 90' lang='lat' dir='ltr'>ob</span> <span class='ocrx_word' id='word_1_352' title='bbox 1540 2301 1576 2330; x_wconf 83' lang='lat' dir='ltr'>te</span> <span class='ocrx_word' id='word_1_353' title='bbox 1591 2302 1736 2332; x_wconf 85' lang='lat' dir='ltr'>tantum</span> <span class='ocrx_word' id='word_1_354' title='bbox 1757 2301 1851 2332; x_wconf 91' lang='lat' dir='ltr'>mihi</span> 
     </span>
     <span class='ocr_line' id='line_1_42' title="bbox 253 2342 1852 2387; baseline 0 -12"><span class='ocrx_word' id='word_1_355' title='bbox 253 2344 486 2375; x_wconf 84' lang='lat' dir='ltr'>conciliatum</span> <span class='ocrx_word' id='word_1_356' title='bbox 502 2344 659 2374; x_wconf 89' lang='lat' dir='ltr'>amicum</span> <span class='ocrx_word' id='word_1_357' title='bbox 676 2353 914 2384; x_wconf 82' lang='lat' dir='ltr'>conceperam,</span> <span class='ocrx_word' id='word_1_358' title='bbox 929 2343 1037 2375; x_wconf 90' lang='lat' dir='ltr'>simul</span> <span class='ocrx_word' id='word_1_359' title='bbox 1055 2344 1219 2384; x_wconf 84' lang='lat' dir='ltr'>rogabam</span> <span class='ocrx_word' id='word_1_360' title='bbox 1232 2343 1276 2374; x_wconf 91' lang='lat' dir='ltr'>de</span> <span class='ocrx_word' id='word_1_361' title='bbox 1290 2342 1529 2385; x_wconf 83' lang='lat' dir='ltr'>P(lutarcho)</span> <span class='ocrx_word' id='word_1_362' title='bbox 1543 2354 1551 2382; x_wconf 91' lang='lat'>;</span> <span class='ocrx_word' id='word_1_363' title='bbox 1575 2353 1660 2375; x_wconf 88' lang='lat' dir='ltr'>nam</span> <span class='ocrx_word' id='word_1_364' title='bbox 1676 2342 1852 2387; x_wconf 87' lang='lat' dir='ltr'>B&lt;eatus)</span> 
     </span>
     <span class='ocr_line' id='line_1_43' title="bbox 252 2386 1852 2428; baseline 0 -9"><span class='ocrx_word' id='word_1_365' title='bbox 252 2387 292 2419; x_wconf 84' lang='lat' dir='ltr'>id</span> <span class='ocrx_word' id='word_1_366' title='bbox 306 2389 342 2419; x_wconf 88' lang='lat' dir='ltr'>te</span> <span class='ocrx_word' id='word_1_367' title='bbox 358 2388 562 2428; x_wconf 85' lang='lat' dir='ltr'>promisisse</span> <span class='ocrx_word' id='word_1_368' title='bbox 577 2388 760 2418; x_wconf 87' lang='lat' dir='ltr'>scribebat.</span> <span class='ocrx_word' id='word_1_369' title='bbox 808 2387 853 2419; x_wconf 92' lang='lat' dir='ltr'>Id</span> <span class='ocrx_word' id='word_1_370' title='bbox 869 2389 920 2426; x_wconf 89' lang='lat' dir='ltr'>vt,</span> <span class='ocrx_word' id='word_1_371' title='bbox 938 2388 968 2418; x_wconf 89' lang='lat' dir='ltr'>si</span> <span class='ocrx_word' id='word_1_372' title='bbox 989 2396 1074 2427; x_wconf 89' lang='lat' dir='ltr'>prae</span> <span class='ocrx_word' id='word_1_373' title='bbox 1096 2387 1389 2426; x_wconf 85' lang='lat' dir='ltr'>occupationibus</span> <span class='ocrx_word' id='word_1_374' title='bbox 1406 2387 1517 2426; x_wconf 87' lang='lat' dir='ltr'>vales,</span> <span class='ocrx_word' id='word_1_375' title='bbox 1533 2386 1641 2418; x_wconf 79' lang='lat' dir='ltr'>facias</span> <span class='ocrx_word' id='word_1_376' title='bbox 1663 2397 1734 2426; x_wconf 88' lang='lat' dir='ltr'>oro,</span> <span class='ocrx_word' id='word_1_377' title='bbox 1750 2398 1771 2419; x_wconf 90' lang='lat' dir='ltr'>a</span> <span class='ocrx_word' id='word_1_378' title='bbox 1793 2398 1852 2419; x_wconf 84' lang='lat' dir='ltr'>me</span> 
     </span>
     <span class='ocr_line' id='line_1_44' title="bbox 252 2430 1850 2471; baseline 0 -9"><span class='ocrx_word' id='word_1_379' title='bbox 252 2433 396 2462; x_wconf 84' lang='lat' dir='ltr'>tantum</span> <span class='ocrx_word' id='word_1_380' title='bbox 413 2432 528 2462; x_wconf 86' lang='lat' dir='ltr'>aberit</span> <span class='ocrx_word' id='word_1_381' title='bbox 552 2433 591 2462; x_wconf 92' lang='lat' dir='ltr'>vt</span> <span class='ocrx_word' id='word_1_382' title='bbox 619 2431 657 2461; x_wconf 92' lang='lat' dir='ltr'>id</span> <span class='ocrx_word' id='word_1_383' title='bbox 685 2431 833 2462; x_wconf 84' lang='lat' dir='ltr'>sinistre</span> <span class='ocrx_word' id='word_1_384' title='bbox 862 2431 1043 2471; x_wconf 88' lang='lat' dir='ltr'>accipiam.</span> <span class='ocrx_word' id='word_1_385' title='bbox 1092 2430 1209 2461; x_wconf 89' lang='lat' dir='ltr'>Homo</span> <span class='ocrx_word' id='word_1_386' title='bbox 1232 2440 1311 2461; x_wconf 87' lang='lat' dir='ltr'>sum</span> <span class='ocrx_word' id='word_1_387' title='bbox 1335 2432 1370 2460; x_wconf 89' lang='lat' dir='ltr'>et</span> <span class='ocrx_word' id='word_1_388' title='bbox 1392 2431 1589 2462; x_wconf 90' lang='lat' dir='ltr'>multorum</span> <span class='ocrx_word' id='word_1_389' title='bbox 1613 2432 1850 2471; x_wconf 86' lang='lat' dir='ltr'>negotiorum,</span> 
     </span>
    </p>
   </div>
   <div class='ocr_carea' id='block_1_13' title="bbox 251 2473 1851 2557">
    <p class='ocr_par' dir='ltr' id='par_1_15' title="bbox 251 2473 1851 2557">
     <span class='ocr_line' id='line_1_45' title="bbox 252 2473 1851 2515; baseline 0 -9"><span class='ocrx_word' id='word_1_390' title='bbox 252 2476 418 2515; x_wconf 89' lang='lat' dir='ltr'>quamuis</span> <span class='ocrx_word' id='word_1_391' title='bbox 449 2484 577 2514; x_wconf 87' lang='lat' dir='ltr'>parum</span> <span class='ocrx_word' id='word_1_392' title='bbox 611 2475 858 2506; x_wconf 78' lang='lat' dir='ltr'>excusationes</span> <span class='ocrx_word' id='word_1_393' title='bbox 891 2483 987 2505; x_wconf 86' lang='lat' dir='ltr'>meas</span> <span class='ocrx_word' id='word_1_394' title='bbox 1022 2474 1238 2514; x_wconf 86' lang='lat' dir='ltr'>scripserim.</span> <span class='ocrx_word' id='word_1_395' title='bbox 1295 2473 1394 2513; x_wconf 78' lang='lat' dir='ltr'>Quod</span> <span class='ocrx_word' id='word_1_396' title='bbox 1430 2474 1566 2505; x_wconf 82' lang='lat' dir='ltr'>labores</span> <span class='ocrx_word' id='word_1_397' title='bbox 1599 2475 1725 2514; x_wconf 86' lang='lat' dir='ltr'>gaude,</span> <span class='ocrx_word' id='word_1_398' title='bbox 1757 2475 1851 2506; x_wconf 87' lang='lat' dir='ltr'>mihi</span> 
     </span>
     <span class='ocr_line' id='line_1_46' title="bbox 251 2518 1195 2557; baseline -0.001 -8"><span class='ocrx_word' id='word_1_399' title='bbox 251 2519 443 2549; x_wconf 84' lang='lat' dir='ltr'>tristiciam</span> <span class='ocrx_word' id='word_1_400' title='bbox 468 2518 634 2557; x_wconf 86' lang='lat' dir='ltr'>relinque</span> <span class='ocrx_word' id='word_1_401' title='bbox 649 2519 683 2552; x_wconf 83' lang='grc' dir='ltr'>β.</span> <span class='ocrx_word' id='word_1_402' title='bbox 821 2528 867 2548; x_wconf 88' lang='grc'>11.</span> <span class='ocrx_word' id='word_1_403' title='bbox 896 2518 969 2557; x_wconf 83' lang='lat' dir='ltr'>egit</span> <span class='ocrx_word' id='word_1_404' title='bbox 986 2519 1008 2551; x_wconf 87' lang='grc' dir='ltr'>β</span> <span class='ocrx_word' id='word_1_405' title='bbox 1025 2529 1032 2548; x_wconf 85' lang='grc'>;</span> <span class='ocrx_word' id='word_1_406' title='bbox 1056 2518 1148 2557; x_wconf 83' lang='lat' dir='ltr'>aegit</span> <span class='ocrx_word' id='word_1_407' title='bbox 1164 2529 1195 2548; x_wconf 82' lang='lat' dir='ltr'>a.</span> 
     </span>
    </p>
   </div>
   <div class='ocr_carea' id='block_1_14' title="bbox 294 2605 1015 2689">
    <p class='ocr_par' dir='ltr' id='par_1_16' title="bbox 294 2605 1015 2689">
     <span class='ocr_line' id='line_1_47' title="bbox 294 2605 816 2647; baseline -0.002 -11"><span class='ocrx_word' id='word_1_408' title='bbox 294 2606 369 2638; x_wconf 84' lang='lat'><strong>375.</strong></span> <span class='ocrx_word' id='word_1_409' title='bbox 393 2616 423 2645; x_wconf 84' lang='lat'><strong>3.</strong></span> <span class='ocrx_word' id='word_1_410' title='bbox 441 2605 609 2647; x_wconf 83' lang='lat' dir='ltr'>epistola]</span> <span class='ocrx_word' id='word_1_411' title='bbox 635 2606 697 2646; x_wconf 89' lang='lat' dir='ltr'>Ep.</span> <span class='ocrx_word' id='word_1_412' title='bbox 717 2606 816 2645; x_wconf 72' lang='lat' dir='ltr'><strong>326A.</strong></span> 
     </span>
     <span class='ocr_line' id='line_1_48' title="bbox 295 2648 1015 2689; baseline -0.001 -9"><span class='ocrx_word' id='word_1_413' title='bbox 295 2652 326 2680; x_wconf 84' lang='lat'><strong>6.</strong></span> <span class='ocrx_word' id='word_1_414' title='bbox 366 2648 568 2689; x_wconf 86' lang='lat' dir='ltr'>Plutarchi]</span> <span class='ocrx_word' id='word_1_415' title='bbox 607 2650 681 2680; x_wconf 84' lang='lat' dir='ltr'>The</span> <span class='ocrx_word' id='word_1_416' title='bbox 710 2649 839 2680; x_wconf 86' lang='lat' dir='ltr'>earlier</span> <span class='ocrx_word' id='word_1_417' title='bbox 863 2648 1015 2680; x_wconf 87' lang='lat' dir='ltr'>transla-</span> 
     </span>
    </p>
   </div>
   <div class='ocr_carea' id='block_1_15' title="bbox 1085 2605 1849 2690">
    <p class='ocr_par' dir='ltr' id='par_1_17' title="bbox 1085 2605 1849 2690">
     <span class='ocr_line' id='line_1_49' title="bbox 1086 2605 1848 2645; baseline 0.001 -9"><span class='ocrx_word' id='word_1_418' title='bbox 1086 2607 1128 2643; x_wconf 88' lang='lat' dir='ltr'>(c.</span> <span class='ocrx_word' id='word_1_419' title='bbox 1147 2607 1318 2645; x_wconf 74' lang='lat'><strong>1469—22</strong></span> <span class='ocrx_word' id='word_1_420' title='bbox 1334 2605 1420 2645; x_wconf 82' lang='lat' dir='ltr'>July</span> <span class='ocrx_word' id='word_1_421' title='bbox 1438 2606 1534 2645; x_wconf 57' lang='grc'>15251</span> <span class='ocrx_word' id='word_1_422' title='bbox 1552 2606 1643 2637; x_wconf 88' lang='lat' dir='ltr'>after</span> <span class='ocrx_word' id='word_1_423' title='bbox 1658 2606 1848 2637; x_wconf 89' lang='lat' dir='ltr'>education</span> 
     </span>
     <span class='ocr_line' id='line_1_50' title="bbox 1085 2649 1849 2690; baseline 0.001 -11"><span class='ocrx_word' id='word_1_424' title='bbox 1085 2650 1122 2679; x_wconf 81' lang='lat' dir='ltr'>at</span> <span class='ocrx_word' id='word_1_425' title='bbox 1148 2649 1359 2690; x_wconf 85' lang='lat' dir='ltr'>Cambridge</span> <span class='ocrx_word' id='word_1_426' title='bbox 1386 2650 1458 2680; x_wconf 83' lang='lat' dir='ltr'>and</span> <span class='ocrx_word' id='word_1_427' title='bbox 1488 2650 1634 2681; x_wconf 88' lang='lat' dir='ltr'>Ferrara</span> <span class='ocrx_word' id='word_1_428' title='bbox 1659 2651 1769 2689; x_wconf 85' lang='lat' dir='ltr'>began</span> <span class='ocrx_word' id='word_1_429' title='bbox 1791 2650 1849 2680; x_wconf 88' lang='lat' dir='ltr'>his</span> 
     </span>
    </p>
   </div>
   <div class='ocr_carea' id='block_1_16' title="bbox 251 2693 1017 3037">
    <p class='ocr_par' dir='ltr' id='par_1_18' title="bbox 252 2693 689 2732">
     <span class='ocr_line' id='line_1_51' title="bbox 252 2693 689 2732; baseline 0.005 -9"><span class='ocrx_word' id='word_1_430' title='bbox 252 2693 355 2732; x_wconf 76' lang='lat' dir='ltr'>ti0n3</span> <span class='ocrx_word' id='word_1_431' title='bbox 378 2693 420 2724; x_wconf 88' lang='lat' dir='ltr'>cf.</span> <span class='ocrx_word' id='word_1_432' title='bbox 441 2693 505 2732; x_wconf 88' lang='lat' dir='ltr'>Ep.</span> <span class='ocrx_word' id='word_1_433' title='bbox 525 2694 599 2732; x_wconf 88' lang='lat'><strong>362.</strong></span> <span class='ocrx_word' id='word_1_434' title='bbox 620 2703 639 2732; x_wconf 82' lang='lat'><strong>3</strong></span> <span class='ocrx_word' id='word_1_435' title='bbox 653 2703 689 2725; x_wconf 90' lang='lat' dir='ltr'>n.</span> 
     </span>
    </p>

    <p class='ocr_par' dir='ltr' id='par_1_19' title="bbox 251 2735 1017 2989">
     <span class='ocr_line' id='line_1_52' title="bbox 295 2735 1016 2777; baseline -0.001 -10"><span class='ocrx_word' id='word_1_436' title='bbox 295 2747 326 2775; x_wconf 94' lang='lat'><strong>9.</strong></span> <span class='ocrx_word' id='word_1_437' title='bbox 389 2746 528 2776; x_wconf 88' lang='lat' dir='ltr'>semper</span> <span class='ocrx_word' id='word_1_438' title='bbox 572 2735 722 2777; x_wconf 92' lang='lat' dir='ltr'>dehinc]</span> <span class='ocrx_word' id='word_1_439' title='bbox 770 2736 822 2766; x_wconf 88' lang='lat' dir='ltr'>No</span> <span class='ocrx_word' id='word_1_440' title='bbox 867 2735 1016 2767; x_wconf 87' lang='lat' dir='ltr'>definite</span> 
     </span>
     <span class='ocr_line' id='line_1_53' title="bbox 251 2779 1017 2819; baseline 0.003 -11"><span class='ocrx_word' id='word_1_441' title='bbox 251 2780 367 2818; x_wconf 85' lang='lat' dir='ltr'>treaty</span> <span class='ocrx_word' id='word_1_442' title='bbox 390 2789 462 2810; x_wconf 80' lang='lat' dir='ltr'>was</span> <span class='ocrx_word' id='word_1_443' title='bbox 484 2779 681 2811; x_wconf 88' lang='lat' dir='ltr'>concluded</span> <span class='ocrx_word' id='word_1_444' title='bbox 704 2780 865 2811; x_wconf 87' lang='lat' dir='ltr'>between</span> <span class='ocrx_word' id='word_1_445' title='bbox 890 2780 1017 2819; x_wconf 90' lang='lat' dir='ltr'>Henry</span> 
     </span>
     <span class='ocr_line' id='line_1_54' title="bbox 252 2821 1012 2863; baseline 0.001 -12"><span class='ocrx_word' id='word_1_446' title='bbox 252 2821 324 2852; x_wconf 91' lang='lat' dir='ltr'>and</span> <span class='ocrx_word' id='word_1_447' title='bbox 341 2823 568 2854; x_wconf 81' lang='lat' dir='ltr'>Maximilian</span> <span class='ocrx_word' id='word_1_448' title='bbox 584 2824 623 2854; x_wconf 90' lang='lat' dir='ltr'>in</span> <span class='ocrx_word' id='word_1_449' title='bbox 640 2823 702 2854; x_wconf 90' lang='lat' dir='ltr'>the</span> <span class='ocrx_word' id='word_1_450' title='bbox 719 2824 842 2863; x_wconf 88' lang='lat' dir='ltr'>spring</span> <span class='ocrx_word' id='word_1_451' title='bbox 858 2823 895 2854; x_wconf 86' lang='lat' dir='ltr'>of</span> <span class='ocrx_word' id='word_1_452' title='bbox 919 2832 1012 2863; x_wconf 83' lang='lat'>1515,</span> 
     </span>
     <span class='ocr_line' id='line_1_55' title="bbox 254 2866 1015 2905; baseline 0.003 -11"><span class='ocrx_word' id='word_1_453' title='bbox 254 2874 290 2894; x_wconf 89' lang='lat' dir='ltr'>as</span> <span class='ocrx_word' id='word_1_454' title='bbox 314 2867 429 2896; x_wconf 80' lang='lat' dir='ltr'>stated</span> <span class='ocrx_word' id='word_1_455' title='bbox 454 2866 493 2896; x_wconf 90' lang='lat' dir='ltr'>in</span> <span class='ocrx_word' id='word_1_456' title='bbox 521 2869 568 2905; x_wconf 86' lang='grc' dir='ltr'>β;</span> <span class='ocrx_word' id='word_1_457' title='bbox 592 2867 657 2898; x_wconf 92' lang='lat' dir='ltr'>but</span> <span class='ocrx_word' id='word_1_458' title='bbox 684 2866 786 2897; x_wconf 85' lang='lat' dir='ltr'>there</span> <span class='ocrx_word' id='word_1_459' title='bbox 810 2876 881 2897; x_wconf 85' lang='lat' dir='ltr'>was</span> <span class='ocrx_word' id='word_1_460' title='bbox 906 2867 1015 2896; x_wconf 86' lang='lat' dir='ltr'>much</span> 
     </span>
     <span class='ocr_line' id='line_1_56' title="bbox 254 2909 1016 2981; baseline 0.003 -44"><span class='ocrx_word' id='word_1_461' title='bbox 254 2909 473 2981; x_wconf 54' lang='lat' dir='ltr'>iiegotgiat{on</span> <span class='ocrx_word' id='word_1_462' title='bbox 488 2910 526 2940; x_wconf 88' lang='lat' dir='ltr'>of</span> <span class='ocrx_word' id='word_1_463' title='bbox 539 2912 756 2949; x_wconf 80' lang='lat' dir='ltr'>agreement.</span> <span class='ocrx_word' id='word_1_464' title='bbox 802 2909 853 2941; x_wconf 86' lang='lat' dir='ltr'><strong>Cf.</strong></span> <span class='ocrx_word' id='word_1_465' title='bbox 872 2910 1016 2940; x_wconf 87' lang='lat' dir='ltr'>Brewer</span> 
     </span>
     <span class='ocr_line' id='line_1_57' title="bbox 254 2960 457 2989; baseline 0.01 -10"><span class='ocrx_word' id='word_1_466' title='bbox 254 2960 289 2981; x_wconf 83' lang='lat'>11.</span> <span class='ocrx_word' id='word_1_467' title='bbox 308 2960 349 2988; x_wconf 86' lang='lat'>43</span> <span class='ocrx_word' id='word_1_468' title='bbox 376 2972 382 2989; x_wconf 83' lang='lat'>,</span> <span class='ocrx_word' id='word_1_469' title='bbox 401 2967 411 2981; x_wconf 61' lang='grc'>1</span> <span class='ocrx_word' id='word_1_470' title='bbox 430 2961 457 2981; x_wconf 90' lang='lat' dir='ltr'>c.</span> 
     </span>
    </p>

    <p class='ocr_par' dir='ltr' id='par_1_20' title="bbox 301 2994 1015 3037">
     <span class='ocr_line' id='line_1_58' title="bbox 301 2994 1015 3037; baseline 0.007 -15"><span class='ocrx_word' id='word_1_471' title='bbox 301 3003 349 3025; x_wconf 89' lang='lat'>10.</span> <span class='ocrx_word' id='word_1_472' title='bbox 396 2994 522 3035; x_wconf 74' lang='lat' dir='ltr'>fratrc]</span> <span class='ocrx_word' id='word_1_473' title='bbox 569 2996 624 3026; x_wconf 80' lang='lat' dir='ltr'>Sir</span> <span class='ocrx_word' id='word_1_474' title='bbox 674 2996 775 3027; x_wconf 74' lang='lat' dir='ltr'>Rich.</span> <span class='ocrx_word' id='word_1_475' title='bbox 819 2996 1015 3037; x_wconf 72' lang='lat' dir='ltr'>Wingfield</span> 
     </span>
    </p>
   </div>
   <div class='ocr_carea' id='block_1_17' title="bbox 1084 2692 1850 3028">
    <p class='ocr_par' dir='ltr' id='par_1_21' title="bbox 1084 2692 1850 3028">
     <span class='ocr_line' id='line_1_59' title="bbox 1085 2692 1848 2733; baseline 0 -10"><span class='ocrx_word' id='word_1_476' title='bbox 1085 2692 1294 2733; x_wconf 88' lang='lat' dir='ltr'>diplomatic</span> <span class='ocrx_word' id='word_1_477' title='bbox 1302 2703 1420 2724; x_wconf 87' lang='lat' dir='ltr'>career</span> <span class='ocrx_word' id='word_1_478' title='bbox 1428 2693 1466 2724; x_wconf 93' lang='lat' dir='ltr'>in</span> <span class='ocrx_word' id='word_1_479' title='bbox 1478 2703 1517 2733; x_wconf 87' lang='lat'>15</span> <span class='ocrx_word' id='word_1_480' title='bbox 1524 2703 1562 2724; x_wconf 90' lang='lat'>12</span> <span class='ocrx_word' id='word_1_481' title='bbox 1569 2694 1661 2724; x_wconf 90' lang='lat' dir='ltr'>with</span> <span class='ocrx_word' id='word_1_482' title='bbox 1673 2703 1693 2724; x_wconf 92' lang='lat' dir='ltr'>a</span> <span class='ocrx_word' id='word_1_483' title='bbox 1700 2693 1848 2724; x_wconf 87' lang='lat' dir='ltr'>mission</span> 
     </span>
     <span class='ocr_line' id='line_1_60' title="bbox 1085 2736 1850 2776; baseline 0 -9"><span class='ocrx_word' id='word_1_484' title='bbox 1085 2738 1123 2767; x_wconf 86' lang='lat' dir='ltr'>to</span> <span class='ocrx_word' id='word_1_485' title='bbox 1134 2736 1197 2767; x_wconf 90' lang='lat' dir='ltr'>the</span> <span class='ocrx_word' id='word_1_486' title='bbox 1209 2737 1388 2776; x_wconf 90' lang='lat' dir='ltr'>Emperor.</span> <span class='ocrx_word' id='word_1_487' title='bbox 1437 2737 1494 2768; x_wconf 91' lang='lat' dir='ltr'>He</span> <span class='ocrx_word' id='word_1_488' title='bbox 1511 2737 1722 2776; x_wconf 87' lang='lat' dir='ltr'>discharged</span> <span class='ocrx_word' id='word_1_489' title='bbox 1737 2745 1850 2776; x_wconf 85' lang='lat' dir='ltr'>many</span> 
     </span>
     <span class='ocr_line' id='line_1_61' title="bbox 1086 2779 1849 2820; baseline -0.001 -10"><span class='ocrx_word' id='word_1_490' title='bbox 1086 2779 1317 2811; x_wconf 84' lang='lat' dir='ltr'>confidential</span> <span class='ocrx_word' id='word_1_491' title='bbox 1349 2780 1550 2820; x_wconf 90' lang='lat' dir='ltr'>embassies,</span> <span class='ocrx_word' id='word_1_492' title='bbox 1579 2780 1651 2811; x_wconf 81' lang='lat' dir='ltr'>and</span> <span class='ocrx_word' id='word_1_493' title='bbox 1674 2779 1746 2811; x_wconf 87' lang='lat' dir='ltr'>also</span> <span class='ocrx_word' id='word_1_494' title='bbox 1777 2788 1849 2810; x_wconf 86' lang='lat' dir='ltr'>was</span> 
     </span>
     <span class='ocr_line' id='line_1_62' title="bbox 1085 2822 1848 2863; baseline -0.001 -10"><span class='ocrx_word' id='word_1_495' title='bbox 1085 2823 1226 2863; x_wconf 84' lang='lat' dir='ltr'>Deputy</span> <span class='ocrx_word' id='word_1_496' title='bbox 1249 2823 1288 2854; x_wconf 86' lang='lat' dir='ltr'>of</span> <span class='ocrx_word' id='word_1_497' title='bbox 1315 2823 1432 2855; x_wconf 88' lang='lat' dir='ltr'>Calais</span> <span class='ocrx_word' id='word_1_498' title='bbox 1462 2833 1621 2862; x_wconf 87' lang='lat'>1513—19,</span> <span class='ocrx_word' id='word_1_499' title='bbox 1650 2822 1721 2854; x_wconf 88' lang='lat' dir='ltr'>and</span> <span class='ocrx_word' id='word_1_500' title='bbox 1749 2822 1848 2860; x_wconf 85' lang='lat' dir='ltr'>High</span> 
     </span>
     <span class='ocr_line' id='line_1_63' title="bbox 1084 2866 1848 2906; baseline -0.001 -9"><span class='ocrx_word' id='word_1_501' title='bbox 1084 2867 1246 2897; x_wconf 85' lang='lat' dir='ltr'>Steward</span> <span class='ocrx_word' id='word_1_502' title='bbox 1273 2867 1311 2897; x_wconf 90' lang='lat' dir='ltr'>of</span> <span class='ocrx_word' id='word_1_503' title='bbox 1336 2867 1547 2906; x_wconf 86' lang='lat' dir='ltr'>Cambridge</span> <span class='ocrx_word' id='word_1_504' title='bbox 1572 2866 1783 2904; x_wconf 76' lang='lat' dir='ltr'>University</span> <span class='ocrx_word' id='word_1_505' title='bbox 1809 2866 1848 2896; x_wconf 91' lang='lat' dir='ltr'>in</span> 
     </span>
     <span class='ocr_line' id='line_1_64' title="bbox 1088 2909 1848 2949; baseline -0.001 -10"><span class='ocrx_word' id='word_1_506' title='bbox 1088 2919 1181 2949; x_wconf 85' lang='lat'><strong>1524.</strong></span> <span class='ocrx_word' id='word_1_507' title='bbox 1232 2910 1287 2941; x_wconf 89' lang='lat' dir='ltr'>He</span> <span class='ocrx_word' id='word_1_508' title='bbox 1313 2910 1396 2942; x_wconf 88' lang='lat' dir='ltr'>died</span> <span class='ocrx_word' id='word_1_509' title='bbox 1421 2912 1458 2941; x_wconf 91' lang='lat' dir='ltr'>at</span> <span class='ocrx_word' id='word_1_510' title='bbox 1487 2910 1626 2948; x_wconf 86' lang='lat' dir='ltr'>Toledo,</span> <span class='ocrx_word' id='word_1_511' title='bbox 1652 2909 1776 2939; x_wconf 89' lang='lat' dir='ltr'>whilst</span> <span class='ocrx_word' id='word_1_512' title='bbox 1801 2917 1848 2939; x_wconf 89' lang='lat' dir='ltr'>on</span> 
     </span>
     <span class='ocr_line' id='line_1_65' title="bbox 1085 2951 1850 2993; baseline -0.003 -10"><span class='ocrx_word' id='word_1_513' title='bbox 1085 2963 1104 2983; x_wconf 83' lang='lat' dir='ltr'>a</span> <span class='ocrx_word' id='word_1_514' title='bbox 1136 2954 1284 2984; x_wconf 86' lang='lat' dir='ltr'>mission</span> <span class='ocrx_word' id='word_1_515' title='bbox 1315 2956 1352 2984; x_wconf 91' lang='lat' dir='ltr'>to</span> <span class='ocrx_word' id='word_1_516' title='bbox 1383 2962 1529 2993; x_wconf 86' lang='lat' dir='ltr'>procure</span> <span class='ocrx_word' id='word_1_517' title='bbox 1558 2953 1620 2983; x_wconf 83' lang='lat' dir='ltr'>the</span> <span class='ocrx_word' id='word_1_518' title='bbox 1651 2951 1782 2982; x_wconf 84' lang='lat' dir='ltr'>release</span> <span class='ocrx_word' id='word_1_519' title='bbox 1813 2951 1850 2982; x_wconf 86' lang='lat' dir='ltr'>of</span> 
     </span>
     <span class='ocr_line' id='line_1_66' title="bbox 1086 2997 1279 3028; baseline 0.01 -2"><span class='ocrx_word' id='word_1_520' title='bbox 1086 2997 1230 3027; x_wconf 85' lang='lat' dir='ltr'>Francis</span> <span class='ocrx_word' id='word_1_521' title='bbox 1254 3006 1279 3028; x_wconf 93' lang='lat'><strong>1.</strong></span> 
     </span>
    </p>
   </div>
  </div>
 </body>
</html>
