2010 3417
217 148 300 187 360
684 143 937 183 LETTERS
977 141 1047 182 OF
1084 141 1352 180 ERASMUS
1695 139 1733 194 [1
1743 150 1764 188 5
1772 152 1787 177 1
1797 142 1819 178 6

220 259 388 307 Optimo
435 253 599 305 parenti
637 255 679 292 et
723 251 992 291 suauissimae
1028 250 1197 302 coniugi
1234 250 1413 290 multam
1451 263 1501 289 ex
1539 263 1606 289 me
1643 250 1822 290 salutem

220 322 357 360 dicito.

274 385 492 425 Bruxellae
512 384 645 434 pridie
665 383 828 422 Natalis
846 383 992 422 Lucae.

275 452 358 490 Vbi
380 451 544 490 dabitur
562 449 804 489 commodus
823 448 1153 501 γραμματοφόρος,
1170 447 1234 486 fac
1254 446 1440 486 habeam.

563 586 759 640 4754'78483
819 585 950 626 FROM
982 584 1188 625 ANDREW
1219 582 1487 623 AMMONIUS.

272 678 435 724 Farrago
452 689 487 722 p.
509 686 587 721 225.
1440 673 1720 710 westminster.

271 736 310 771 F.
329 748 366 782 p.
387 745 476 781 354:
506 734 600 770 HN:
629 734 747 770 Lond.
766 733 842 769 viii.
865 743 931 779 31:
959 733 1033 768 LB.
1057 734 1134 778 163.
1382 743 1428 767 20
1445 732 1606 768 October
1622 729 1779 778 (1516).

476 829 688 860 ANDREAS
720 829 962 860 AMMONIVS
992 828 1174 858 ERASMO
1204 827 1513 858 ROTERODAMO
1545 828 1577 857 S.

281 915 377 953 R1s1
409 913 601 964 equidem
632 912 738 952 serio
760 911 840 950 tibi
868 911 994 950 isthic
1023 925 1185 961 quoque
1214 911 1496 950 Mecoenatem
1523 911 1755 961 contigisse,
1790 911 1832 948 et

227 994 324 1019 eum
344 980 626 1018 Mecoenatem
658 978 729 1027 qui
748 978 856 1027 apud
877 977 1008 1016 istun]
1028 977 1267 1027 Principem
1286 990 1369 1015 vno
1389 977 1577 1015 omnium
1606 990 1674 1015 ore
1704 988 1832 1026 aeque

227 1045 357 1096 possit
379 1058 424 1082 ac
442 1044 570 1082 velit:
601 1043 710 1093 quod
731 1042 852 1081 nobis
880 1056 965 1081 non
985 1042 1067 1081 nisi
1095 1044 1166 1081 tua
1193 1041 1318 1081 vnius
1348 1055 1469 1080 causa
1496 1043 1632 1092 potest
1661 1041 1830 1091 placere.

229 1112 325 1160 Περὶ
356 1112 421 1159 τῆς
449 1111 665 1157 ἐπισκοπῆς,
687 1110 734 1147 vt
764 1108 873 1146 nihil
901 1107 1015 1146 aliud
1047 1107 1098 1146 ad
1125 1120 1320 1157 praesens
1350 1108 1548 1155 succedat,
1574 1107 1835 1157 permultum

191 1186 208 1217 5
228 1189 326 1215 sane
358 1178 421 1214 est
450 1176 664 1213 tantorum
695 1173 884 1212 virorum
912 1174 1039 1212 talem
1068 1186 1164 1222 erga
1195 1175 1237 1211 te
1264 1172 1524 1211 voluntatem
1553 1172 1836 1222 perspexisse3

228 1254 353 1292 quam
371 1240 449 1279 tibi
468 1253 518 1278 ex
537 1239 676 1277 animo
696 1239 889 1289 gratulor,
914 1238 1002 1288 spei
1020 1239 1104 1277 iam
1125 1238 1281 1276 solidae
1301 1238 1452 1288 plenus
1472 1238 1543 1277 isti
1562 1240 1635 1277 tuo
1654 1237 1836 1287 ingenio,

230 1306 442 1346 doctrinae
473 1318 520 1344 ac
539 1304 769 1344 virtutibus
788 1305 1000 1343 fortunam
1020 1304 1179 1342 diutius
1201 1304 1512 1352 iniquissimam
1531 1317 1615 1342 non
1636 1304 1834 1342 futuram.

232 1372 276 1411 Si
309 1371 505 1409 Pontifex
528 1371 664 1419 ταύτην
688 1370 755 1418 τὴν
786 1370 994 1418 ἐπισκοπὴν
1024 1369 1101 1407 tibi
1131 1369 1299 1416 dederit,
1332 1369 1465 1419 Inagis
1495 1369 1576 1419 ipsi
1603 1369 1683 1407 fibi
1712 1381 1837 1419 quam

231 1435 438 1486 Principis
468 1435 821 1474 commendationi
848 1435 1008 1473 dedisse
1036 1434 1279 1473 arbitrabor.
1340 1434 1421 1473 Sed
1440 1448 1585 1473 vereor
1603 1447 1656 1472 ne
1683 1434 1726 1472 id
1756 1434 1839 1472 offi-

174 1513 214 1536 10
232 1502 323 1550 ciat,
348 1501 456 1550 quod
475 1514 559 1539 non
575 1500 786 1539 dubitabit
805 1500 906 1549 quin
923 1500 1124 1549 Princeps
1140 1500 1246 1537 hanc
1266 1498 1311 1537 in
1331 1501 1373 1537 te
1391 1499 1652 1539 voluntatem
1671 1499 1728 1537 sit
1742 1498 1837 1537 ’0011-

232 1567 490 1607 stantissime
509 1568 760 1614 seruaturus,
779 1567 821 1604 et
841 1566 956 1604 breui
977 1565 1080 1603 iuris
1101 1565 1190 1602 eius
1210 1565 1402 1603 futurum
1421 1567 1467 1603 vt
1479 1566 1529 1603 ad
1546 1565 1671 1604 aliam
1687 1565 1837 1614 episco-

233 1647 315 1684 pen
335 1633 375 1670 te
387 1632 614 1681 prouehat:
644 1631 751 1681 quod
772 1630 818 1668 ni
838 1631 991 1679 fecerit,
1012 1644 1132 1680 spero
1147 1630 1235 1668 fore
1262 1631 1308 1668 vt
1336 1630 1510 1679 ipsemet
1529 1630 1724 1668 Pontifex
1743 1642 1840 1668 eum

234 1699 362 1747 roget,
385 1699 431 1735 vt
460 1696 532 1746 qui
559 1699 601 1734 te
634 1695 910 1743 honestatum,
934 1696 1028 1744 scio,
1051 1695 1240 1745 peruth,
1262 1696 1305 1733 at
1334 1696 1384 1733 de
1402 1695 1537 1734 alieno
1557 1695 1696 1745 potius
1715 1707 1841 1745 quam

237 1763 286 1801 de
315 1775 401 1801 suo.
464 1761 620 1811 Scripsi
639 1761 690 1799 ad
711 1774 808 1799 eum
829 1763 869 1799 et
890 1761 938 1799 D.
964 1761 1312 1810 Vuigorniensem
1332 1760 1444 1799 haud
1464 1761 1601 1800 multo
1619 1762 1842 1811 postquam

180 1837 216 1869 15
236 1829 490 1868 discesseras.

291 1893 409 1942 Quod
429 1892 650 1931 Bruxellae
662 1892 719 1930 sis
739 1892 1023 1941 hyematurus,
1043 1890 1268 1930 consilium
1284 1891 1422 1940 probo,
1439 1892 1532 1929 tum
1547 1893 1594 1931 vt
1613 1892 1845 1930 Louanien-

239 1959 349 1997 sium
362 1957 705 1997 scholasticorum
726 1957 940 1996 molestias
954 1957 1142 2007 effugias,
1162 1958 1255 1995 tum
1274 1959 1321 1995 vt
1340 1957 1536 2006 frequens
1555 1957 1600 1995 111
1615 1957 1751 1996 3111103
1764 1957 1844 1995 ista

239 2024 330 2062 luce
357 2023 603 2073 conspiceris
621 2025 797 2072 tuosque
815 2023 879 2061 tui
898 2035 1035 2061 coram
1055 2023 1301 2061 submoneas
1322 2024 1365 2060 et
1383 2022 1630 2072 suspirantis
1653 2023 1844 2061 fortunae

240 2088 388 2127 flatum
418 2087 650 2137 concipias:
692 2088 846 2137 poteris
873 2090 916 2126 et
934 2088 1015 2126 tibi
1035 2090 1076 2127 et
1099 2088 1254 2137 patriae
1273 2100 1359 2125 esse
1377 2087 1504 2135 Vtilis,
1528 2088 1564 2126 si
1588 2087 1758 2138 propius
1779 2100 1845 2126 ve-

184 2163 224 2185 20
243 2155 379 2191 strum
399 2152 547 2190 Iouem
573 2153 762 2191 accedere
782 2166 867 2191 non
887 2152 1132 2203 grauaberis.
1180 2153 1277 2191 Non
1296 2153 1446 2202 longus
1465 2153 1543 2191 erit
1562 2152 1687 2201 labor,
1711 2155 1753 2191 et
1775 2151 1846 2191 ali-

243 2218 341 2268 quid
372 2218 589 2255 ferendum
619 2219 660 2256 et
681 2218 834 2256 studiis
854 2218 1046 2257 nonnihil
1067 2218 1372 2257 detrahendum
1391 2231 1479 2256 esse
1509 2231 1663 2267 censeo,
1685 2220 1733 2257 vt
1755 2218 1846 2257 reli-

244 2295 347 2333 quae
363 2283 472 2321 vitae
491 2283 722 2321 commodis
737 2286 779 2321 et
793 2283 988 2334 dignitati
1001 2284 1203 2322 consulas.
1236 2282 1377 2322 Habes
1388 2283 1563 2322 aulicam
1576 2283 1840 2322 sententiam.

297 2349 466 2398 Lupum
492 2347 623 2386 istum
637 2348 673 2386 si
693 2349 913 2397 dimiseris,
937 2350 1043 2399 quod
1066 2350 1166 2387 citra
1177 2348 1311 2387 vllum
1331 2349 1563 2399 periculum
1582 2362 1676 2387 meo
1695 2349 1851 2387 iudicio¹

244 2415 376 2453 facere
401 2415 528 2464 potes,
552 2413 802 2463 Euripideus
831 2414 1001 2453 omnino
1030 2415 1164 2453 exitus
1192 2427 1289 2452 eum
1315 2415 1477 2452 manet:
1510 2414 1716 2464 quaeritat
1738 2415 1849 2454 hanc

188 2490 226 2521 25
244 2479 411 2527 famam,
446 2480 493 2518 vt
522 2479 681 2517 dicatur
714 2492 810 2517 cum
838 2479 1014 2518 Erasmo
1039 2479 1312 2518 contendisse.
1374 2479 1453 2517 Sed
1484 2481 1530 2518 tu
1556 2479 1607 2517 ab
1641 2492 1689 2518 ea
1713 2479 1850 2518 scabie

245 2557 405 2594 vngues
445 2543 660 2592 abstineto,
699 2557 824 2594 quam
860 2545 938 2583 hoc
975 2545 1108 2594 magis
1141 2544 1294 2583 foueris
1327 2557 1408 2593 quo
1446 2545 1581 2594 magis
1619 2544 1844 2594 scalpseris.

247 2611 377 2648 Βάλλε
395 2610 539 2648 τουτονὶ
557 2611 622 2648 τὸν
641 2611 754 2648 λύκον
775 2614 810 2651 ἐς
829 2612 987 2660 κόρακας
1006 2610 1030 2660 ἢ
1049 2611 1141 2660 πρὸς
1159 2611 1243 2650 τοὺς
1263 2611 1380 2650 κύνας.

302 2675 363 2713 De
389 2676 461 2713 tuo
482 2675 741 2725 Hieronymo
760 2677 916 2726 gaudeo
936 2676 1074 2715 isthuc
1096 2689 1183 2715 esse
1202 2676 1377 2714 allatum
1394 2690 1403 2723 3
1432 2675 1550 2714 breui
1568 2675 1684 2714 enim
1702 2675 1753 2714 ad
1773 2687 1851 2714 nos

249 2741 535 2779 transuectum
554 2740 607 2778 iri
626 2741 721 2779 scio.
780 2742 962 2780 Proinde
975 2742 1038 2780 fac
1057 2744 1104 2780 vt
1124 2755 1176 2779 ne
1195 2741 1390 2791 paginam
1410 2741 1579 2791 quidem
1597 2741 1649 2779 ad
1668 2754 1735 2779 me
1755 2740 1849 2778 mit·

297 2836 346 2864 14.
373 2827 414 2857 D.
434 2830 483 2858 E:
506 2815 768 2867 episeopum‘H.
916 2839 966 2868 17.
990 2832 1028 2860 F.
1046 2831 1181 2866 Gerr-iffi:
1207 2827 1288 2858 aula
1305 2830 1343 2859 E.
1488 2829 1537 2859 18.
1563 2827 1794 2868 conspiciaris
1808 2828 1847 2857 F.

252 2878 306 2907 24.
332 2871 473 2908 quaerit
487 2873 529 2902 H.

299 2957 374 2987 478.
405 2967 455 2995 14.
479 2958 630 2999 Scripsi]
656 2959 717 2999 Ep.
737 2962 810 2998 466.
1085 2962 1123 2990 to
1150 2960 1265 2998 pieces
1292 2959 1340 2998 by
1363 2958 1426 2989 the
1449 2957 1534 2997 dogs
1561 2958 1600 2988 of
1623 2957 1682 2988 his
1708 2957 1845 2996 patron,

298 3010 348 3038 24.
376 3001 608 3043 Euripideus]
632 3003 823 3043 Euripides
842 3013 915 3034 was
935 3004 1017 3034 torn
1083 3002 1282 3034 Archelaus
1299 3003 1337 3033 of
1348 3001 1563 3032 Macedonia.
