2010 3417
235 172 316 209 344
694 167 948 206 LETTERS
987 167 1059 206 OF
1095 166 1361 205 ERASMUS
1705 165 1831 220 [1516

233 278 391 329 pariter
409 278 449 315 et
468 275 788 325 elegantissimis
808 274 1163 314 lucubrationibus
1182 274 1350 325 perdius
1368 286 1606 324 pernoxque
1618 287 1771 324 versor,
1788 279 1834 314 vt

233 343 297 382 vel
318 343 376 380 sic
395 343 535 380 tecum
554 340 802 387 confabuler‚
825 341 943 379 cuius

989 406 1175 444 dextram
1202 405 1372 455 iungere
1401 405 1543 443 dextre

503 471 596 510 Non
626 471 749 510 datur
776 484 822 509 ac
849 484 968 510 veras
997 470 1140 509 audire
1169 472 1211 509 et
1238 470 1405 509 reddere
1432 483 1562 508 voces.

178 580 215 601 10
288 558 389 608 Ego,
409 557 745 608 quandoquidem
761 558 810 596 de
824 559 898 596 tuo
913 558 963 596 ad
972 571 1049 596 nos
1064 557 1198 596 reditu
1212 557 1335 607 plane
1350 557 1531 606 desper0‚
1541 557 1592 596 ad
1599 556 1839 607 proximum

234 637 307 663 ver
326 623 495 662 Italiam
514 626 661 674 petam.
714 623 877 662 Feceris
894 623 1001 661 mihi
1020 636 1110 662 rem
1130 622 1320 661 omnium
1338 621 1628 672 gratissimam,
1653 623 1689 661 si
1707 622 1840 661 literis

234 688 319 727 tuis
337 702 404 727 me
421 688 642 728 Bombasio
662 688 1018 727 commendaueris
1038 690 1080 726 et
1099 688 1245 726 ceteris
1264 687 1421 726 amicis.
1472 687 1561 737 Ego
1580 687 1660 726 alia
1678 687 1747 727 via
1765 701 1840 737 pro

235 754 349 793 virili
376 754 552 804 gratiam
579 754 731 792 referre
760 753 949 792 conabor.
1011 752 1140 792 Dabis
1164 755 1305 791 autem
1329 752 1469 790 literas
1494 753 1544 791 ad
1564 766 1631 791 me
1650 752 1842 791 ferendas

236 820 286 858 ad
306 821 535 858 mercatum
555 818 939 858 Francfordiensem
958 818 1198 868 paschalem
1218 817 1436 856 Francisco
1455 816 1716 868 bibliopolae.

179 908 216 939 15
291 885 533 924 Admodum
553 884 633 923 tibi
656 884 843 935 gratulor
862 884 911 922 de
933 883 1158 922 sacerdotio
1186 896 1318 933 nuper
1336 883 1484 933 adepto
1501 898 1510 931 3
1538 883 1642 922 faxit
1662 884 1776 923 Deus
1795 886 1841 922 vt

236 951 277 989 id
307 951 423 1000 quasi
451 951 613 1000 gradus,
646 950 762 989 breui
791 950 841 989 ad
872 949 1018 988 altiora
1045 962 1274 988 ascensuro.
1335 948 1575 987 Lachnerus
1608 949 1743 988 mittit
1770 963 1843 999 per

236 1016 499 1055 Franciscum
511 1029 556 1054 ea
569 1028 672 1065 quae
684 1016 857 1054 deerant
866 1014 1156 1054 voluminibus
1163 1013 1484 1064 Archiepiscopo
1495 1013 1644 1063 missis,
1661 1016 1844 1064 preterea

237 1083 395 1132 septem
428 1094 549 1130 opera
583 1080 862 1130 Hieronymi3
906 1081 955 1119 de
989 1079 1056 1118 his
1088 1092 1161 1129 age
1194 1081 1268 1118 tuo
1301 1079 1517 1118 arbitratu.
1588 1079 1770 1118 Basilius
1802 1082 1844 1118 et

238 1146 476 1185 Bonifacius
508 1146 656 1184 fratres
686 1148 728 1184 te
762 1145 972 1194 salutant;
1015 1146 1189 1194 vterque
1226 1147 1324 1183 tuus
1361 1146 1435 1191 est,
1464 1147 1638 1195 vterque
1675 1145 1844 1183 dextrae

180 1232 220 1253 20
237 1214 331 1250 tuae
353 1211 509 1261 digitus
532 1211 675 1250 haberi
700 1211 824 1260 cupit.
886 1210 1101 1250 conradus
1126 1212 1267 1249 noster
1290 1210 1516 1248 admodum
1543 1210 1654 1248 dolet
1677 1224 1719 1249 se
1745 1210 1844 1248 adeo

237 1277 315 1315 tibi
357 1276 555 1316 excidisse
588 1278 634 1315 vt
666 1289 719 1315 ne
753 1277 799 1314 in
837 1276 984 1316 alienis
1017 1276 1186 1326 quidem
1218 1276 1351 1314 literis
1383 1275 1563 1315 salutem
1596 1275 1842 1326 ascripseris.

237 1342 348 1390 Vale,
380 1342 586 1381 bonarum
614 1341 833 1380 literarum
862 1340 1094 1391 Aesculapi,
1127 1343 1169 1380 et
1197 1354 1265 1380 me
1294 1353 1398 1389 ama,
1423 1354 1518 1379 cum
1546 1342 1587 1379 te
1607 1353 1778 1380 venerer
1805 1342 1847 1379 et

239 1408 464 1447 obseruem.

291 1473 476 1513 Basileae
498 1473 548 1511 ad
568 1472 709 1511 Nonas
728 1471 934 1522 Septemb.
957 1484 1135 1512 M.D.XV1.

184 1559 221 1589 25
1182 1536 1297 1575 Tuus
1316 1537 1460 1575 Bruno
1479 1536 1841 1576 Ammorbachius.

396 1693 493 1733 465.
556 1690 689 1731 FRoM
721 1690 941 1731 WILLIAM
976 1689 1198 1731 VVARHAM
1231 1700 1286 1730 To
1318 1689 1511 1730 THoMAs
1541 1689 1690 1731 MORE.

290 1781 574 1818 Deventer'MS.
593 1791 649 1826 91,
670 1781 697 1817 f.
721 1783 787 1824 178
805 1784 857 1816 v0.
1495 1779 1641 1816 Otford.

290 1841 362 1876 LB.
380 1840 477 1886 App.
496 1841 552 1875 80.
1340 1837 1384 1873 16
1401 1836 1621 1883 September
1642 1836 1799 1885 (1516).

244 1966 266 1996 d
289 1921 377 1996 [Thte
388 1920 521 2005 hleiztizr
542 1919 753 1951 mentioned
777 1919 818 1950 in
838 1919 902 1960 Ep.
936 1919 1012 1958 468.
1037 1928 1057 1958 3
1082 1917 1144 1960 (cf.
1168 1918 1233 1958 Ep.
1260 1917 1353 1959 467),
1372 1928 1410 1949 as
1433 1919 1568 1960 having
1588 1919 1681 1951 been
1702 1919 1848 1959 already

268 1975 350 2006 espa
369 1975 386 1996 c
416 1974 434 1995 e
465 1988 472 1997 .

301 2061 576 2092 WILHELMVS
607 2060 993 2092 ARCHIEPISCOPVS
1024 2059 1384 2091 CANTVARIENSIS
1414 2060 1573 2091 THOME
1603 2061 1729 2092 MORO
1761 2061 1793 2091 S.

301 2144 411 2183 Pos'r
439 2143 751 2193 integerrimam
779 2143 970 2190 salutem,
996 2142 1091 2180 dedi
1113 2142 1273 2181 litteras
1301 2142 1351 2180 ad
1373 2142 1608 2191 Maruffum,
1631 2143 1677 2181 in
1697 2142 1849 2193 quibus

246 2210 311 2260 egi
329 2212 373 2248 vt
393 2209 464 2247 ille
484 2209 624 2247 decem
638 2210 720 2255 aut,
743 2210 779 2247 si
801 2222 904 2258 opus
919 2208 998 2247 erit
1012 2207 1159 2246 maiori
1179 2220 1354 2253 summa,
1379 2220 1437 2245 xx
1456 2206 1619 2259 lib<ras>
1637 2207 1849 2246 numerari

247 2276 361 2314 curet
380 2274 555 2313 Louanii
580 2275 753 2313 Erasmo
782 2275 923 2312 nostro
951 2273 1203 2322 doctissimo,
1225 2272 1479 2322 promisique
1507 2273 1570 2311 illi
1596 2272 1851 2312 solutionem

249 2340 474 2379 earundem
512 2339 562 2378 ad
600 2338 786 2389 primum
824 2340 1091 2389 conspectum
1130 2337 1367 2377 litterarum
1402 2337 1563 2377 domini
1598 2338 1765 2377 Erasmi
1802 2339 1852 2377 de

215 2423 232 2453 5
250 2405 436 2456 receptis.
496 2405 631 2453 Quare
667 2416 811 2454 precor
842 2403 1066 2453 alloquaris
1103 2404 1284 2441 eundem
1314 2403 1547 2452 Maruffum,
1583 2403 1854 2454 intelligeque

251 2473 287 2511 si
318 2471 420 2511 velit
451 2471 494 2510 id
527 2470 687 2520 negocii
724 2469 917 2519 perficere
933 2483 943 2518 3
990 2469 1036 2507 in
1069 2481 1149 2520 quo
1185 2469 1221 2507 si
1251 2468 1463 2507 difficilem
1502 2482 1546 2507 se
1582 2469 1848 2520 praestiterit,

297 2579 373 2611 464.
393 2588 423 2618 7.
447 2578 588 2610 fabuler
603 2579 636 2613 β.
754 2588 784 2618 9.
811 2587 850 2608 ac
865 2578 906 2612 B:
931 2577 958 2608 δι
975 2589 1005 2608 α.
1122 2586 1170 2608 11.
1197 2576 1342 2608 Italiam
1359 2588 1398 2607 a:
1423 2576 1574 2608 Romam
1591 2579 1624 2610 Β.
1740 2586 1790 2608 12.
1815 2579 1851 2607 et

255 2624 381 2654 ceteris
396 2624 522 2653 amicis
537 2632 595 2653 om.
613 2634 644 2653 α.
797 2631 847 2660 15.
873 2631 990 2661 nuper
1004 2632 1043 2652 a:
1068 2621 1135 2651 tibi
1151 2623 1185 2655 β.
1276 2621 1366 2651 faxit-
1384 2644 1391 2651 .
1411 2644 1417 2651 .
1438 2644 1445 2652 .
1468 2622 1517 2652 16.
1536 2630 1726 2652 ascensuro
1741 2631 1800 2652 om.
1818 2632 1848 2651 α.

258 2669 308 2698 16.
333 2676 396 2706 per
411 2666 645 2697 Franciscum
661 2668 737 2697 add.
755 2676 785 2697 α.
922 2665 971 2696 18.
996 2676 1033 2696 a:
1061 2664 1249 2704 Hieroymi
1263 2666 1297 2698 β.
1389 2663 1433 2694 de
1451 2686 1459 2696 .
1479 2687 1487 2696 .
1505 2687 1514 2696 .
1531 2665 1709 2695 arbitratu
1724 2667 1798 2695 add.
1817 2676 1848 2694 α.

256 2721 308 2741 20.
333 2712 375 2745 B:
401 2709 612 2741 Chonradus
626 2720 658 2740 α.
763 2719 815 2740 22.
841 2709 1015 2739 bonarum
1031 2720 1070 2739 a:
1094 2718 1184 2748 pene
1199 2709 1444 2739 emortuarum
1460 2708 1495 2742 β.
1610 2717 1664 2746 24.
1689 2707 1851 2738 Basileae

257 2778 263 2784 .
285 2779 291 2784 .
311 2778 318 2785 .
337 2763 488 2785 mamma.
506 2756 580 2784 add.
597 2764 627 2784 α.
729 2762 781 2791 25.
806 2753 931 2783 Bruno
947 2752 1245 2783 Ammorbachius
1260 2755 1335 2782 add.
1351 2763 1381 2783 α.
1481 2751 1557 2783 465.
1574 2753 1606 2783 6.
1630 2751 1852 2792 praestiterit

257 2801 291 2827 M
293 2800 324 2829 S.
340 2809 346 2828 :
369 2797 574 2837 praebuerit
589 2799 653 2837 LB,
666 2806 840 2834 perperam.

302 2896 377 2926 464.
402 2897 431 2926 8.
458 2894 637 2936 dextram]
663 2895 714 2926 Cf.
737 2895 841 2935 Verg.
868 2897 948 2926 Aen.
987 2904 1016 2925 1.
1133 2903 1184 2932 15.
1210 2892 1424 2934 sacerdotio]
1451 2893 1503 2925 Cf.
1525 2894 1588 2933 Ep.
1611 2894 1685 2932 436.

261 2938 370 2976 408,9.
1135 2938 1184 2968 16.
1211 2935 1434 2976 Lachnerus]
1458 2936 1510 2968 Of.
1532 2938 1597 2976 Ep.
1614 2937 1689 2974 469.
1707 2944 1802 2975 9-12.

309 2990 355 3018 14.
389 2981 595 3022 Francisco]
627 2981 850 3021 Berckman3
882 2981 924 3013 cf.
952 2981 1016 3021 Ep.
1133 2991 1187 3011 20.
1212 2979 1413 3021 Conradus]
1451 2979 1628 3019 Probably
1658 2980 1848 3016 Brunner3

261 3026 334 3063 258.
355 3034 392 3061 14
409 3033 444 3055 n.
1091 3024 1134 3056 cf.
1154 3025 1220 3064 Ep.
1236 3033 1311 3063 331.
1331 3033 1400 3062 5n.
