2010 3417
276 129 351 170 194
734 127 986 168 LETTERS
1024 127 1094 166 OF
1131 127 1399 166 ERASMUS
1736 123 1862 178 [1516

273 251 433 288 quoque
462 236 610 275 accidit
645 236 692 274 de
723 236 796 274 1110
827 234 1069 274 canonicatu
1100 248 1225 284 quem
1258 236 1408 273 vocant
1445 234 1706 282 Tornacensi,
1738 247 1863 284 quem

213 315 254 346 30
273 303 466 342 dominus
480 300 718 351 Montioyus
731 300 965 339 obtinuerat
977 299 1065 338 tibi.
1097 299 1262 338 Videris
1275 312 1385 338 nunc
1401 299 1452 337 ab
1466 312 1513 338 eo
1525 311 1611 337 non
1623 298 1839 338 abhorrere
1855 313 1864 347 ;

272 366 414 405 scribis
444 365 557 404 enim
587 366 727 404 omnia
751 367 792 404 te
820 364 983 403 misisse
1006 364 1288 404 instrumenta
1307 364 1534 414 Montioyo,
1556 377 1659 413 quae
1687 363 1740 402 ad
1767 376 1864 402 eum

271 429 347 467 tibi
378 428 670 467 conferendum
703 428 944 467 viderentur
972 427 1131 466 idonea.
1191 428 1249 466 At
1278 440 1363 477 ego,
1397 427 1434 466 si
1461 427 1704 471 meministi,
1736 439 1864 476 quum

271 506 380 533 esses
409 506 573 531 mecum
603 493 766 542 Brugis,
799 506 846 531 ea
870 493 919 531 de
952 506 994 531 re
1025 505 1259 531 sermonem
1290 492 1420 531 habui
1449 494 1599 540 tecum,
1630 493 1675 530 in
1708 505 1789 542 quo
1817 493 1864 530 tu

272 558 523 597 enumeratis
559 558 753 597 omnibus
784 558 874 596 eius
901 557 1093 596 beneficii
1122 557 1353 596 commodis
1379 559 1421 596 et
1455 557 1732 596 incommodis
1762 557 1865 596 item

213 640 251 672 35
269 623 404 662 alieno
424 636 512 662 esse
535 623 675 662 animo
693 623 912 670 videbare;
960 635 1032 661 nec
1059 623 1102 661 id
1132 623 1273 662 celasti
1298 624 1581 672 Sampsonem,
1606 622 1678 672 qui
1706 636 1750 662 se
1769 622 1865 661 Tor·-

270 689 362 728 naci
381 689 489 739 gerit
507 689 780 728 Eboracensis
800 688 996 738 Episcopi
1014 687 1228 727 vicarium.
1289 687 1344 726 In
1364 701 1490 738 quam
1509 687 1761 728 sententiam
1779 700 1863 726 non

270 755 347 793 hoc
364 757 407 793 te
427 754 563 793 solum
587 754 840 805 impellebat,
860 753 968 805 quod
986 753 1179 793 verebare
1199 767 1252 792 ne
1280 767 1366 792 non
1390 756 1497 793 esset
1524 753 1603 793 tibi
1628 754 1863 804 perpetuus,

270 820 352 860 nisi
370 819 541 859 alterius
559 819 684 858 etiam
702 819 882 871 episcopi
911 831 1136 858 consensus
1163 819 1408 868 accessisset,
1431 833 1455 859 a.
1480 832 1561 869 quo
1580 832 1667 858 non
1686 820 1868 869 expecta-

271 886 345 924 bas
373 887 419 925 vt
450 885 563 924 illius
591 886 746 924 factum
775 884 946 924 haberet
980 886 1118 923 ratum
1151 885 1268 923 cuius
1299 885 1442 924 omnia
1471 886 1576 924 facta
1607 887 1776 924 conatur
1806 884 1866 923 in-

213 967 255 997 40
272 951 476 1001 fringere;
516 951 585 989 sed
618 950 724 989 illud
758 963 918 1001 quoque
951 949 1060 1000 quod
1093 952 1382 1001 praeterquam
1420 951 1529 1001 quod
1567 949 1866 1001 propemodum

274 1017 412 1056 decem
424 1016 555 1055 librae
573 1017 777 1055 nostrates
795 1015 906 1054 illico
926 1015 1004 1054 tibi
1023 1015 1069 1053 in
1084 1015 1221 1065 primo
1240 1017 1360 1054 erant
1371 1016 1561 1066 ingressu
1577 1014 1866 1061 munerandae,

272 1082 420 1121 domus
438 1083 646 1131 praeterea
665 1081 852 1120 ducentis
871 1080 1080 1120 nobilibus
1098 1082 1169 1119 aut
1187 1081 1319 1130 pluris
1339 1082 1464 1120 etiam
1478 1081 1730 1120 redimenda.
1807 1080 1868 1118 Ea

273 1149 337 1185 est
365 1147 426 1185 ibi
446 1146 697 1185 consuetudo
716 1161 725 1194 3
768 1146 834 1184 cui
852 1146 936 1185 nisi
955 1147 1152 1197 parueris,
1183 1147 1253 1185 vix
1272 1159 1346 1185 sex
1364 1147 1526 1186 nobiles
1543 1158 1705 1185 annuos
1732 1158 1868 1184 conse-

273 1211 421 1261 queris,
445 1213 486 1250 at
506 1225 579 1250 nec
608 1212 703 1250 illos
722 1211 902 1261 quidem,
926 1213 1131 1261 quantum
1151 1212 1296 1262 accepi,
1322 1213 1403 1250 nisi
1428 1212 1487 1250 ibi
1516 1212 1712 1262 perpetuo
1731 1209 1865 1261 degas

214 1292 253 1322 45
275 1277 357 1315 His
375 1278 421 1315 tu
441 1277 672 1315 rationibus
692 1276 893 1315 adductus
912 1276 1020 1315 mihi
1039 1289 1085 1315 ac
1106 1276 1328 1327 Sampsoni
1346 1277 1542 1316 videbare
1561 1276 1685 1316 illum
1703 1275 1866 1314 canoni-

274 1344 412 1381 catum
432 1355 517 1381 non
536 1341 805 1381 admissurus.

329 1408 460 1446 Paulo
479 1408 745 1458 posteaquam
763 1409 811 1445 tu
831 1420 854 1445 a
873 1419 940 1445 me
960 1406 1215 1456 discesseras,
1232 1421 1306 1458 ego
1322 1407 1555 1446 Tornacum
1569 1406 1763 1446 concessi.
1795 1405 1863 1444 Ibi

272 1486 296 1511 a
330 1472 495 1511 domino
515 1472 728 1523 Montioyo
747 1473 871 1522 atque
889 1472 991 1510 item
1021 1485 1044 1511 a
1070 1472 1298 1522 Sampsone
1324 1472 1467 1511 audiui
1496 1471 1870 1522 Archiepiscopum

274 1537 578 1576 Eboracensem
611 1536 777 1587 vtrique
808 1550 951 1576 eorum
975 1536 1196 1587 scripsisse,
1218 1539 1266 1576 vt
1291 1537 1333 1576 id
1363 1537 1613 1576 beneficium
1646 1536 1869 1575 donaretur

216 1619 257 1650 50
275 1601 357 1650 alii,
388 1602 464 1651 cui,
497 1604 541 1641 vt
573 1602 799 1651 videbatur,
830 1602 964 1641 fuerat
990 1602 1211 1652 pollicitus,
1245 1616 1374 1653 quum
1403 1603 1611 1653 ignoraret
1634 1601 1714 1640 tibi
1741 1600 1869 1640 fuisse

275 1667 543 1706 destinatum.
593 1667 686 1706 Hoc
704 1680 779 1718 ego
799 1680 928 1717 quum
948 1667 1098 1715 audiui,
1119 1667 1381 1707 dissimulato
1402 1668 1510 1718 quod
1532 1667 1730 1716 intellexi,
1751 1666 1870 1705 bene-

276 1732 418 1771 ficium
437 1732 573 1771 animo
595 1745 680 1771 non
700 1732 925 1771 admodum
941 1733 1184 1782 respondere
1205 1736 1287 1781 tuo,
1312 1733 1423 1772 suasi
1441 1736 1488 1772 vt
1508 1733 1777 1772 rescriberent
1790 1729 1870 1770 tibi

273 1812 360 1837 esse
382 1811 632 1847 concessum,
661 1811 831 1848 remque
860 1797 905 1837 in
936 1811 983 1836 eo
1013 1811 1100 1837 esse
1120 1800 1230 1838 statu
1258 1801 1305 1838 vt
1334 1800 1488 1838 mutari
1511 1811 1596 1837 non
1624 1798 1768 1848 possit,
1790 1796 1872 1836 nisi

274 1864 352 1903 tibi
370 1864 420 1902 de
440 1864 608 1902 meliore
627 1863 793 1902 fortuna
812 1863 927 1914 prius
942 1865 1050 1902 esset
1069 1865 1295 1914 prouisum.
1356 1863 1581 1914 Rescripsit
1600 1862 1871 1902 Eboracensis

217 1943 256 1974 55
277 1942 373 1968 eum
393 1929 532 1967 locum
543 1928 656 1968 haud
676 1942 882 1980 quaquam
900 1928 984 1967 fore
995 1929 1194 1968 idoneum
1213 1929 1302 1978 tibi,
1318 1930 1427 1980 quod
1443 1931 1484 1968 et
1496 1929 1701 1980 praesenti
1720 1941 1868 1979 parum

275 1996 382 2033 esset
400 1994 584 2044 locuples
595 1995 636 2032 et
650 1994 758 2032 nihil
776 1994 940 2032 afferret
958 1994 1140 2033 absenti:
1167 2008 1211 2034 se
1225 2007 1466 2045 sponsorem
1485 1995 1716 2044 acciperent
1729 1994 1870 2032 melio-

277 2059 334 2097 ris
352 2058 428 2097 tibi
446 2058 691 2098 conferendi.
737 2058 804 2097 Ita
825 2072 955 2109 quum
975 2072 1049 2109 ego
1068 2060 1246 2109 aderam,
1268 2073 1343 2099 nec
1361 2073 1429 2098 me
1455 2062 1565 2098 certe
1591 2059 1866 2106 dissuadente,

277 2125 543 2163 decreuerant
562 2124 666 2162 illud
686 2123 934 2162 beneficium
954 2124 992 2162 ei
1011 2124 1164 2163 donare
1185 2125 1251 2164 cui
1275 2125 1441 2164 volebat
1461 2125 1702 2175 Episcopus.
1761 2123 1867 2172 Quid

277 2189 331 2228 sit
349 2189 503 2227 factum
522 2190 663 2239 postea
682 2189 828 2228 nescio.
888 2189 1046 2228 Verum
1060 2190 1139 2228 hoc
1167 2190 1262 2239 scio,
1285 2190 1369 2229 nisi
1388 2190 1495 2229 illud
1515 2189 1651 2238 habes,
1675 2188 1870 2228 Cardina-

217 2260 260 2291 60
276 2255 360 2293 lem
379 2256 420 2293 et
438 2254 635 2304 pinguius
654 2253 733 2292 tibi
752 2254 897 2293 debere
917 2256 957 2292 et
986 2254 1106 2293 breui
1134 2268 1252 2305 spero
1278 2256 1597 2306 persoluturum.
1656 2253 1869 2293 Amicissi-

279 2333 393 2359 mam
414 2332 531 2370 saepe
549 2318 599 2357 de
617 2321 657 2357 te
676 2319 933 2358 mentionem
952 2320 1096 2358 iniicit.

322 2429 375 2458 41.
411 2417 658 2449 numerandae
691 2420 729 2457 C;
764 2419 802 2455 cs.
832 2420 892 2456 Ep.
919 2427 994 2457 317.
1023 2428 1042 2448 2
1062 2428 1094 2448 n.
1272 2429 1324 2458 47.
1360 2422 1395 2449 F.
1425 2420 1560 2457 Com-iffi:
1598 2418 1803 2450 discesseris
1828 2420 1868 2450 Β.

278 2472 329 2502 59.
355 2465 405 2493 B:
428 2462 560 2493 habeas
575 2463 672 2492 Lond.

321 2562 374 2592 29.
390 2549 625 2590 Tornacensi]
649 2549 701 2581 Cf.
719 2550 781 2589 Ep.
800 2550 876 2588 360.
896 2559 934 2588 15
948 2560 983 2580 n.
1109 2551 1352 2589 commissary,
1377 2552 1414 2581 to
1436 2552 1620 2590 represent
1642 2550 1721 2582 him
1744 2551 1786 2581 in
1807 2550 1870 2581 the

322 2604 374 2635 35.
428 2592 677 2635 Sampsonem]
721 2593 822 2624 Rich.
867 2593 1040 2633 Sampson
1109 2595 1245 2624 contest
1261 2594 1351 2624 with
1367 2594 1531 2626 Guillard
1548 2594 1627 2634 (Ep.
1644 2595 1720 2634 360.
1747 2595 1786 2625 16
1801 2592 1866 2635 n.)-

281 2639 319 2677 (†
342 2648 384 2678 25
414 2638 507 2677 Sept.
545 2638 642 2678 1554)
679 2647 752 2668 was
791 2636 913 2669 B.C.L.
948 2637 1039 2668 from
1109 2637 1283 2676 Sampson
1314 2638 1437 2668 served
1468 2647 1514 2668 on
1543 2647 1655 2677 many
1681 2637 1871 2668 embassies

278 2681 424 2721 Trinity
462 2681 560 2720 Hall,
600 2680 822 2720 Cambridge,
862 2680 902 2711 in
943 2688 1036 2721 1505,
1108 2681 1179 2711 and
1192 2680 1295 2711 made
1307 2681 1458 2713 himself
1465 2681 1583 2712 useful
1595 2683 1631 2712 to
1642 2680 1770 2721 Henry
1779 2689 1847 2711 vm
1860 2690 1869 2719 3

280 2725 361 2765 and,
381 2725 472 2756 after
487 2725 658 2764 studying
673 2726 710 2755 at
726 2725 828 2755 Paris
845 2723 918 2755 and
937 2724 1035 2765 Sem,
1108 2723 1180 2755 and
1195 2734 1233 2755 as
1249 2734 1270 2755 a
1285 2724 1423 2755 reward
1444 2724 1607 2756 received
1629 2724 1772 2755 endless
1790 2733 1868 2765 pre-

281 2768 403 2800 D.c.L.
418 2769 458 2800 in
474 2778 566 2807 1513.
601 2768 669 2799 His
681 2767 939 2807 acquaintance
949 2768 1040 2799 with
1107 2767 1273 2806 ferment,
1308 2768 1429 2799 which
1467 2767 1689 2799 culminated
1726 2767 1766 2798 in
1804 2766 1868 2797 the

281 2811 449 2843 Erasmus
472 2814 508 2843 at
532 2811 743 2851 Cambridge
765 2811 977 2842 mentioned
999 2811 1040 2842 in
1107 2811 1307 2851 bishoprics
1330 2812 1368 2842 of
1387 2812 1596 2843 Chichester
1621 2811 1714 2850 1536,
1737 2810 1810 2841 and
1833 2809 1872 2841 of

282 2854 392 2885 Lond.
411 2856 463 2886 iii.
480 2864 511 2895 5,
530 2854 598 2886 LB.
618 2865 692 2894 352,
708 2854 879 2893 probably
894 2854 1040 2894 belongs
1108 2855 1289 2894 Coventry
1298 2855 1369 2886 and
1380 2855 1554 2886 Lichfield
1568 2854 1660 2895 154}
1685 2853 1749 2884 See
1761 2853 1868 2884 DNB.

282 2898 319 2927 to
334 2897 408 2927 this
423 2897 514 2928 later
528 2899 662 2938 period.
703 2897 760 2929 He
777 2898 917 2928 became
933 2898 1039 2938 chap-
1151 2898 1208 2937 58.
1224 2898 1435 2939 Episcopus]
1459 2898 1555 2930 Used
1571 2899 1625 2929 for
1640 2896 1784 2936 Wolsey
1800 2907 1808 2935 ;
1830 2905 1868 2927 as

283 2939 358 2970 lain
379 2941 415 2971 to
435 2941 588 2981 Wolsey,
607 2941 688 2972 who
710 2950 756 2971 on
779 2942 957 2981 receiving
977 2942 1040 2972 the
1108 2942 1148 2972 in
1166 2941 1203 2972 11.
1217 2943 1270 2982 62,
1291 2952 1342 2981 72,
1363 2943 1405 2982 76
1420 2941 1474 2972 for
1484 2941 1666 2972 Warham.
1713 2939 1766 2970 Cf.
1781 2938 1871 2980 Epp.

283 2993 338 3013 see
356 2983 392 3014 of
403 2983 566 3023 Tournay
581 2984 775 3024 appointed
794 2985 966 3024 Sampson
983 2985 1042 3016 his
1109 2994 1181 3023 424.
1201 2986 1254 3025 26,
1272 2986 1345 3023 468.
1363 2994 1393 3024 5,
1412 2986 1486 3023 481.
1506 2985 1558 3015 82.
