2010 3417
263 300 299 330 15

258 2527 295 2549 10

320 176 399 213 522
786 175 1036 215 LETTERS
1075 177 1146 214 OF
1185 177 1450 216 ERASMUS
1791 176 1829 230 [1
1840 188 1913 227 517

373 290 435 327 De
464 290 606 326 sancto
635 301 846 327 sacrorum
878 289 1063 338 praesule
1096 303 1142 328 ac
1176 289 1429 340 optimarum
1457 290 1692 328 litterarum
1729 291 1918 330 antistite

319 354 506 392 Roffensi
535 353 613 392 hoc
636 354 767 393 velim
796 368 1027 404 pernoscas,
1058 368 1124 393 me
1153 356 1290 394 virum
1323 369 1420 394 eum
1448 369 1533 394 non
1569 356 1703 403 modo,
1735 358 1780 394 vt
1809 358 1919 394 certe

318 419 457 466 debeo,
472 418 594 457 valde
614 419 806 467 reuereri,
823 420 893 459 sed
910 433 1050 459 amare
1063 434 1149 459 non
1163 421 1306 459 minus
1326 421 1464 460 etiam.
1526 421 1587 459 At
1601 423 1745 460 metuo
1760 435 1784 460 a
1802 423 1920 460 tanta

317 483 447 530 laude,
480 486 621 534 tuque,
645 485 682 523 si
702 497 769 523 me
789 498 914 532 amas,
936 488 1077 524 auerte
1096 486 1313 524 hominem
1334 499 1358 524 a
1377 486 1593 535 desyderio
1613 485 1708 524 mei.
1783 486 1918 525 Probe

317 548 426 587 nosti
450 562 577 599 quam
603 551 802 588 minuunt
825 551 1057 600 praesentia
1082 551 1249 590 famam.
1310 551 1390 600 Qui
1415 564 1483 590 me
1508 551 1580 589 vbi
1599 564 1735 589 coram
1756 550 1915 593 viderit.

259 625 273 646 2
316 614 352 651 si
371 616 474 663 turn,
491 617 537 653 vt
556 615 604 653 fit
623 615 857 666 aliquando,
880 616 1065 655 fastidire
1084 616 1294 666 inciperet,
1318 616 1377 654 dii
1396 617 1503 656 male
1517 617 1749 655 vortissent.
1807 616 1918 655 Iussi

316 680 499 718 Thomae
518 681 753 719 Anshelmo
773 695 795 719 e
815 682 1019 720 nundinis
1038 682 1132 720 istis
1151 682 1311 720 Martiis
1326 682 1376 721 ad
1392 685 1599 732 vtrunque
1618 683 1803 720 vestrum
1823 695 1917 720 cum

316 744 384 783 his
414 745 520 784 meis
549 745 702 784 litteris
732 746 982 785 Cabalistica
1010 749 1154 786 nostra
1184 748 1292 786 dare.
1352 748 1547 797 Acceptis
1577 750 1624 786 tu
1653 749 1712 786 eis
1741 747 1917 786 alterum

315 809 395 848 tibi
423 810 580 849 librum
610 812 787 850 retineto
816 812 1083 851 monumenti
1112 812 1194 850 mei
1227 813 1328 862 1000,
1359 813 1536 851 alterurn
1565 812 1750 851 Roffensi
1776 814 1917 851 nostro

316 875 537 924 diligenter
556 876 724 924 mittito,
749 878 796 914 vt
815 877 968 916 sentiat
988 880 1084 916 tuae
1103 878 1153 916 de
1172 891 1214 916 se
1243 878 1619 917 commendationis
1643 890 1718 916 nos
1744 877 1916 916 minime

315 940 479 979 oblitos.

370 1007 615 1045 Proficiscor
644 1020 811 1057 peregre
845 1008 898 1046 ab
931 1008 1080 1047 itinere
1108 1009 1266 1048 fessus:
1309 1022 1433 1059 quare
1463 1021 1574 1047 nunc
1608 1009 1659 1046 ad
1687 1010 1728 1046 te
1758 1020 1916 1058 nequeo

314 1072 516 1122 pluribus.
573 1073 804 1123 Postquam
823 1073 998 1112 domum
1016 1074 1185 1123 rediero,
1208 1075 1394 1125 neglecta
1417 1075 1631 1113 resartiam
1650 1073 1918 1125 permittente

315 1138 414 1187 Deo,
445 1137 515 1187 qui
550 1139 592 1175 te
621 1138 860 1177 felicissime
890 1141 1107 1177 conseruet
1143 1141 1255 1189 opto.
1312 1140 1416 1180 Vale
1443 1140 1620 1178 feliciter
1653 1142 1693 1178 et
1721 1140 1795 1178 hec
1822 1140 1918 1177 vota

315 1216 406 1242 mea
427 1216 522 1241 cum
544 1204 772 1242 reuerendo
794 1204 996 1254 Episcopo
1017 1204 1201 1244 Roffensi
1223 1205 1541 1245 communicato.

373 1278 418 1316 27
443 1268 508 1306 die
531 1268 669 1307 Martii
689 1270 816 1308 Anno
842 1280 956 1318 1517.

669 1447 766 1487 563.
831 1445 963 1487 FROM
996 1446 1124 1488 JOHN
1157 1446 1565 1489 OEcoLAMPADIUs.

363 1541 553 1577 Deventer
571 1541 647 1576 MS.
668 1552 723 1586 91,
743 1542 769 1576 f.
793 1551 868 1585 107.
1590 1541 1825 1587 Weinsberg.

362 1599 403 1634 Ε.
423 1612 458 1645 p.
482 1602 570 1645 198:
600 1601 637 1634 F.
658 1613 693 1645 p.
715 1611 804 1646 332:
832 1601 926 1637 HN:
954 1601 1069 1636 Lond.
1088 1600 1148 1635 vii.
1167 1612 1236 1645 42:
1263 1602 1333 1636 LB.
1354 1603 1435 1646 238.
1551 1610 1594 1644 27
1613 1600 1745 1636 March
1768 1609 1868 1645 1517.

359 1681 449 1722 [The
471 1690 680 1712 occurrence
704 1682 743 1712 of
763 1681 838 1713 this
861 1682 967 1713 letter
989 1683 1030 1712 in
1054 1682 1118 1713 the
1140 1683 1322 1713 Deventer
1344 1682 1559 1713 letter—book
1582 1682 1613 1712 is
1637 1682 1812 1713 sufficient
1835 1690 1916 1712 con-

315 1725 629 1809 ΞῑῧῖὺξὲῑΙζγί-ἷὶω
646 1725 827 1764 year—date
843 1726 949 1765 given
968 1727 1013 1766 by
1030 1726 1092 1756 the
1109 1726 1256 1766 printed
1274 1726 1443 1758 editions.
1485 1726 1595 1757 Lond.
1613 1726 1676 1758 vii.
1693 1736 1746 1766 43,
1765 1724 1836 1756 LB.
1853 1734 1916 1764 354

785 1846 967 1876 ERASMO
1000 1846 1382 1878 OEOOLAMPADIVS
1415 1848 1448 1876 S.

366 1927 543 1964 VBINAM
573 1928 614 1965 te
648 1928 845 1975 locorum,
877 1928 1009 1978 gloria
1041 1941 1143 1977 mea,
1175 1927 1294 1967 dulce
1325 1929 1449 1967 decus
1483 1941 1636 1975 meum,
1673 1926 1915 1977 inquiram?

313 1991 391 2029 Oui
405 1992 563 2031 incerto
575 1993 729 2031 nuncio
749 1993 977 2032 certissima
997 1993 1224 2045 desyderia,
1247 1996 1295 2032 vt
1309 1993 1669 2043 desyderatissimo
1689 1991 1915 2042 Desyderio

314 2059 500 2106 exponat,
518 2059 680 2096 credam
696 2060 716 2097 ⁶?
762 2059 947 2098 Tabellio
968 2061 1177 2109 comparet
1199 2060 1366 2108 nullus3
1395 2062 1438 2098 at
1454 2059 1555 2110 quid
1568 2072 1671 2109 opus
1690 2057 1914 2097 tabellione

313 2122 447 2161 literis
466 2123 687 2162 rusticanis
706 2126 747 2162 et
767 2124 1057 2163 incultioribus
1075 2138 1201 2175 quam
1214 2125 1267 2164 vt'
1277 2138 1415 2164 coram
1429 2124 1692 2163 ornatissimo
1711 2123 1916 2174 prodeant

313 2187 525 2226 Erasmo‘?
598 2189 788 2238 Possent,
838 2190 979 2238 fateor⁷
1030 2203 1169 2240 gerrae
1215 2205 1331 2230 meae
1378 2191 1489 2229 intra
1534 2190 1752 2241 speluncae
1798 2202 1915 2228 meae

313 2253 530 2301 angustias
551 2255 782 2303 contineri;
813 2256 883 2294 sed
908 2268 1027 2294 amor
1052 2256 1277 2295 violentior
1303 2258 1377 2305 est,
1401 2268 1542 2294 secum
1562 2255 1749 2294 habitare
1767 2253 1910 2302 nescit,

313 2317 529 2356 silentium
563 2319 643 2357 fert
680 2320 882 2359 minime:
926 2334 1074 2371 parum
1108 2321 1171 2360 illi
1210 2321 1346 2360 studia
1377 2334 1575 2371 curaeque
1608 2333 1715 2369 suae⁷
1748 2319 1832 2359 nisi
1863 2319 1915 2359 ab

313 2385 450 2422 amato
479 2387 786 2434 cognoscantur.
846 2385 929 2425 Vbi
957 2400 1053 2437 ergo
1082 2389 1122 2426 te
1148 2387 1339 2438 gentium
1367 2387 1607 2425 offendam?
1644 2386 1736 2424 Iam
1765 2385 1915 2436 quibus

313 2449 474 2488 diuitiis
503 2449 753 2500 locupletem
792 2464 890 2499 esse,
926 2452 1081 2501 quibus
1111 2452 1392 2502 voluptatibus
1421 2451 1504 2490 frui
1533 2451 1682 2490 licebat
1713 2451 1911 2499 Basileae,

313 2514 462 2553 absens
500 2518 540 2554 et
570 2529 663 2554 sero
703 2530 798 2554 cum
838 2517 1078 2567 Phrygibus
1116 2518 1320 2567 intelligo.
1381 2517 1460 2556 Sed
1498 2517 1652 2556 frustra
1689 2517 1915 2566 Ἀδραστίαν

313 2579 480 2629 corrigo.
541 2581 612 2619 Sat
633 2594 827 2630 praesens
846 2582 940 2630 eris,
963 2583 999 2620 si
1020 2582 1146 2620 sciam
1167 2584 1209 2620 te
1224 2583 1326 2621 scire
1351 2583 1490 2620 animo
1516 2595 1592 2620 nos
1615 2582 1776 2631 seiungi
1794 2594 1914 2632 posse

313 2656 538 2693 nunquam.
601 2645 756 2684 Haeret
775 2646 931 2696 alioqui
951 2649 1025 2685 tua
1044 2647 1221 2685 maximi
1235 2647 1374 2685 herois
1393 2648 1527 2686 virtus
1547 2649 1588 2685 et
1608 2647 1850 2685 obuersatur
1868 2647 1913 2685 in

314 2709 443 2747 oculis
462 2709 684 2757 (Hebraico
700 2713 819 2761 tropo
835 2712 1016 2761 ignosce)
1036 2713 1212 2762 pectoris
1227 2713 1321 2761 mei,
1339 2713 1448 2752 viuit
1459 2726 1585 2761 amor,
1604 2713 1750 2762 flagrat
1764 2713 1909 2760 virtus,
1945 2704 1948 2706 ’

355 2816 430 2847 562.
452 2827 499 2856 19.
528 2819 665 2849 minuit
680 2821 743 2858 LE,
758 2830 934 2857 perperam.
1097 2821 1172 2852 563.
1190 2831 1252 2852 TIT.
1279 2830 1569 2852 DECOLAMPADIVS
1586 2823 1656 2852 MS.
1673 2830 1681 2859 ς
1703 2822 1742 2858 cf.
1760 2823 1819 2858 Ep.
1837 2829 1911 2859 575.

314 2860 355 2888 28
371 2870 401 2889 n.
567 2872 596 2901 3.
624 2864 662 2893 at
679 2866 751 2893 MS.
767 2875 774 2893 z
798 2873 837 2894 ac
853 2867 889 2895 F.
1042 2874 1091 2895 12.
1110 2867 1178 2896 MS.
1196 2864 1247 2895 Ν2
1262 2876 1268 2895 :
1293 2865 1503 2895 obseruatur
1518 2864 1591 2895 Nm.

356 2958 429 2988 562.
459 2962 510 2990 26.
544 2960 704 3001 peregre]
743 2962 881 3002 Geiger,
906 2963 976 2993 RE.
1003 2973 1075 3003 237,
1189 2963 1264 2994 563.
1290 2965 1321 2994 6.
1348 2963 1529 3003 habitare]
1554 2962 1606 2994 Cf.
1625 2963 1721 2993 Pers.
1741 2973 1771 3000 4.
1791 2971 1842 3002 52.

314 3003 474 3048 suggests
494 3003 576 3033 that
593 3004 767 3036 Reuchlin
784 3016 867 3045 may
882 3006 973 3037 have
990 3008 1077 3038 been
1196 3017 1245 3038 10.
1270 3016 1351 3037 cum
1369 3006 1588 3047 Phrygibus]
1613 3006 1663 3037 Cf.
1682 3009 1787 3044 Λείας).
1805 3007 1858 3037 28.

314 3045 462 3083 vxsrting
483 3046 658 3077 Anshelm
682 3050 720 3079 at
743 3048 941 3088 Tiibingen.
1236 3049 1439 3089 Ἀδραστίαν]
1463 3051 1514 3081 Cf.
1533 3053 1635 3088 Aclctq.
1661 3050 1754 3088 1538.
