2010 3417
77 163 176 218 328]
489 164 642 203 FROM
680 163 905 204 BEATUS
944 160 1261 203 RHENANUs
1611 164 1662 201 63

75 275 169 314 illas
194 274 376 322 trahunt,
398 274 487 324 ipsa
512 273 770 323 praecedunt.
839 273 952 311 Num
980 273 1153 311 dubium
1177 276 1240 311 est
1265 273 1365 323 quin
1390 273 1466 312 hoc
1491 273 1666 312 humani
1687 287 1724 309 10

75 340 237 390 generis
249 339 504 378 domicilium
517 339 712 377 circuitus
724 338 823 377 solis
835 351 880 376 ac
896 338 1017 377 lunae
1030 338 1188 376 vicibus
1203 338 1287 377 suis
1302 340 1536 388 temperet?
1565 339 1666 389 quin

76 405 245 444 alterius
269 404 399 443 calore
422 403 588 443 alantur
612 417 787 454 corpora,
810 406 944 442 terrae
970 404 1211 452 relaxentur,
1235 403 1447 442 immodici
1472 404 1667 444 humores

76 470 410 521 comprimantur,
444 470 613 518 alliyatis
650 469 788 508 omnia
820 469 983 518 hyemis
1015 468 1185 507 tristitia
1209 469 1462 518 franyantur,
1496 469 1666 508 alterius

77 539 238 585 tempore
249 534 459 573 efficaciae
474 533 718 584 penetrabili
731 535 884 583 riyatur
896 534 1113 572 maturitas
1128 534 1295 584 frugum
1308 536 1329 573 ⁶?
1358 535 1458 585 quin
1473 535 1523 573 ad
1538 535 1666 574 huius

77 613 243 639 cursum
254 598 506 638 foecunditas
518 598 703 637 humana
714 599 967 648 respondeat,
985 598 1085 647 quin
1098 599 1168 637 ille
1180 601 1357 639 animum
1370 600 1665 639 obseruabilem
1687 612 1700 634 1
1708 614 1725 645 5

80 664 272 715 (fecerit)
295 664 544 702 circumactu
565 663 694 701 suo?'

131 730 247 769 Haec
275 730 519 777 extempore,
552 740 646 766 cum
675 741 721 766 ea
749 727 889 765 charta
916 728 1000 765 iam
1028 728 1212 777 imprimi
1243 729 1453 777 coepisset,
1483 730 1526 768 in
1556 730 1668 769 hunc

76 796 258 843 modum,
292 793 429 832 nescio
457 792 492 832 si
520 793 608 831 tam
636 792 753 831 docte
781 805 906 841 quam
934 792 1151 841 audaciter,
1183 793 1372 832 restitui:
1405 794 1525 832 ‘Fere
1552 796 1668 833 enim

76 858 351 910 pulcherrima
369 871 551 908 quaeque
575 856 723 896 multis
741 859 782 896 et
801 857 1040 896 aduentitiis
1066 858 1262 896 comitata
1284 861 1383 896 sunt
1402 858 1577 908 dotibus,
1600 861 1668 899 sed

75 925 168 964 illas
190 924 373 973 trahunt,
397 924 485 973 ipsa
506 923 765 973 praecedunt.
836 922 948 961 Num
975 922 1150 961 dubium
1176 925 1239 961 est
1266 923 1366 973 quin
1392 924 1470 962 hoc
1495 924 1671 963 humani
1690 938 1730 960 20

75 990 235 1041 generis
247 989 504 1029 domicilium
519 989 713 1027 circuitus
727 988 826 1027 solis
841 1001 886 1026 ac
901 988 1022 1026 lunae
1034 988 1194 1027 vicibus
1207 989 1294 1027 suis
1310 990 1511 1039 temperet
1521 991 1541 1028 ἵ)
1570 990 1669 1039 quin

75 1055 243 1095 alterius
271 1055 405 1094 calore
429 1053 595 1093 alantur
620 1067 797 1103 corpora,
819 1055 951 1092 terrae
974 1053 1216 1103 relaxentur,
1238 1054 1450 1093 immodici
1477 1055 1673 1094 humores

77 1121 412 1171 comprimantur,
444 1119 656 1170 alligantis
685 1119 823 1157 omnia
851 1119 1013 1169 hyemis
1041 1119 1217 1158 tristicia
1246 1119 1469 1170 frangatur,
1501 1120 1672 1159 alterius

78 1189 215 1236 tepore
230 1185 381 1224 efficaci
399 1186 441 1223 et
460 1184 705 1234 penetrabili
725 1185 881 1235 rigetur
894 1185 1112 1223 maturitas
1127 1185 1294 1235 frugum
1308 1186 1328 1224 ἵ)
1357 1185 1459 1235 quin
1478 1186 1529 1224 ad
1548 1185 1673 1225 huius

78 1264 246 1290 cursum
262 1250 517 1290 foecunditas
531 1250 713 1289 humana
728 1250 980 1300 respondeat,
999 1249 1099 1300 quin
1114 1249 1184 1287 ille
1200 1263 1358 1289 annum
1374 1250 1672 1289 obseruabilem
1693 1264 1708 1285 2
1714 1266 1731 1296 5

78 1316 217 1355 fecerit
246 1317 496 1355 circumactu
526 1316 655 1353 suo‘?’
710 1315 926 1354 Hactenus
956 1314 1116 1354 Seneca.
1177 1315 1269 1353 Hoc
1302 1315 1412 1354 idem
1448 1316 1492 1353 in
1525 1314 1673 1354 multis

78 1382 262 1433 praestiti
298 1381 410 1430 locis,
446 1382 493 1420 vt
531 1393 625 1419 cum
663 1393 736 1430 pro
775 1381 1007 1420 clementisse
1038 1380 1357 1429 dementissime,
1394 1393 1468 1430 pro
1498 1381 1674 1429 perierat

77 1448 242 1497 peierat,
274 1460 348 1497 pro
377 1447 422 1485 de
450 1446 583 1485 stabili
609 1446 673 1484 via
701 1445 935 1484 detestabili
956 1446 1033 1494 via,
1062 1459 1136 1496 pro
1165 1449 1258 1484 nota
1280 1448 1387 1494 vota,
1412 1445 1674 1496 plurimaque

77 1512 118 1551 id
148 1525 279 1563 genus
307 1511 388 1550 alia
415 1511 589 1561 reposui.
650 1511 730 1550 Sed
760 1511 891 1549 nolim
920 1523 1011 1549 meo
1039 1524 1201 1560 semper
1229 1511 1381 1549 iudicio
1407 1510 1547 1559 fidere,
1565 1524 1675 1560 prae-

78 1577 221 1617 sertim
257 1576 558 1627 extemporario
591 1576 780 1626 quodque
819 1576 867 1614 ab
902 1576 1218 1626 impatientibus
1255 1589 1393 1614 morae
1433 1575 1674 1615 hominibus
1694 1592 1733 1623 30

79 1643 274 1693 exigatur.
333 1642 490 1681 Verum
516 1641 551 1680 si
575 1641 695 1680 nobis
719 1641 928 1690 exemplar
954 1641 1119 1692 aliquod
1141 1643 1354 1680 vetustum
1372 1641 1542 1688 adesset,
1566 1641 1674 1679 nihil

79 1720 242 1757 agerem
269 1707 478 1746 lubentius
499 1720 624 1756 quam
642 1708 690 1745 vt
717 1706 828 1745 hunc
855 1708 1041 1745 autorem
1070 1707 1115 1744 in
1144 1706 1209 1744 his
1235 1720 1337 1756 quae
1365 1708 1588 1755 supersunt
1615 1705 1673 1744 in-

81 1772 276 1823 castigata
311 1772 595 1811 restituerem:
636 1772 712 1810 hoc
739 1772 850 1809 enim
882 1772 1037 1822 agendo
1071 1785 1165 1810 cum
1199 1771 1394 1809 studiosis
1421 1771 1670 1820 prodessem,

79 1839 172 1876 tum
199 1837 347 1876 honori
374 1837 630 1875 consulerem
657 1839 740 1884 tuo,
774 1849 1009 1886 quanquam
1037 1838 1084 1874 tu
1112 1849 1196 1874 non
1225 1848 1369 1874 omnes
1402 1836 1572 1874 mendas
1600 1836 1672 1874 sed

82 1902 282 1952 plurimas
301 1904 341 1940 te
368 1901 631 1951 dispunxisse
649 1901 857 1951 praefatus
876 1915 929 1940 es.
1694 1916 1733 1949 35

135 1967 248 2005 Petit
276 1966 537 2005 Frobennius
566 1966 735 2005 Nouum
775 1966 846 2004 abs
879 1968 920 2004 te
947 1967 1260 2005 Testamentum
1298 1967 1456 2014 habere,
1489 1979 1563 2015 pro
1592 1980 1673 2016 quo

80 2034 246 2071 tantum
275 2045 318 2070 se
347 2031 542 2070 daturum
571 2032 788 2082 pollicetur
815 2033 1020 2081 quantum
1058 2031 1162 2070 alius
1191 2032 1419 2082 quisquam.
1479 2032 1524 2070 Is
1553 2033 1675 2081 negat

80 2111 103 2136 a
124 2096 324 2136 Duncello
352 2096 432 2135 sibi
455 2097 676 2147 quicquam
705 2098 753 2135 de
783 2096 999 2136 mittendis
1024 2096 1209 2135 vestibus
1236 2097 1363 2135 fuisse
1391 2096 1671 2144 commissum,
1720 2147 1723 2150 ῃ

82 2175 178 2201 cum
206 2164 348 2200 tamen
376 2161 427 2200 ab
452 2162 634 2211 vtrisque
662 2162 778 2201 vobis
805 2162 916 2200 aliud
945 2161 1231 2200 intellexerim.
1290 2162 1418 2201 Doleo
1445 2163 1487 2200 te
1515 2161 1675 2200 litteras

82 2240 183 2277 quas
202 2228 263 2277 (vt
283 2240 305 2265 e
324 2226 485 2265 Neseno
506 2226 642 2275 didici)
664 2227 768 2265 mihi
788 2227 997 2276 scripsisti,
1021 2240 1104 2265 non
1124 2227 1335 2266 Lachnero
1355 2227 1584 2266 tradidisse.
1631 2227 1675 2266 Si
1693 2243 1735 2275 40

83 2292 301 2331 Schurerio
320 2291 479 2339 dedisti,
500 2293 638 2331 nescio
661 2292 822 2343 quando
842 2293 923 2331 sim
942 2294 1177 2342 recepturus
1193 2307 1202 2340 ;
1231 2292 1341 2331 nosti
1360 2292 1474 2330 enim
1493 2292 1675 2330 hominis

83 2358 234 2397 miram
262 2357 569 2407 negligentiam.
630 2357 685 2396 Et
712 2357 897 2396 fortassis
924 2371 1035 2395 nunc
1063 2358 1113 2396 ad
1141 2358 1342 2406 quaedam
1370 2357 1670 2407 responderem.

132 2445 181 2476 16.
204 2443 327 2475 fecerit
342 2446 454 2475 addidi
470 2447 506 2474 in
516 2446 582 2481 fine
597 2446 710 2475 lineae.
843 2453 893 2482 27.
919 2445 958 2474 vt
974 2454 1047 2475 corr.
1064 2446 1136 2475 LB:
1160 2444 1187 2475 δε
1201 2446 1269 2475 MS.
1411 2453 1469 2482 30.
1492 2453 1589 2474 more
1605 2446 1674 2477 MS.

88 2497 140 2526 40.
163 2488 201 2518 vt
217 2487 350 2518 correxi:
372 2486 399 2518 δι
416 2489 485 2519 MS.

133 2588 182 2617 14.
199 2577 338 2618 riyatur]
361 2578 479 2609 Haase
495 2578 598 2610 reads
613 2583 749 2618 regatur.
910 2580 950 2609 in
966 2579 1063 2618 Italy
1079 2590 1086 2618 3
1103 2578 1176 2610 and
1193 2579 1306 2610 hence
1322 2579 1382 2609 the
1397 2579 1563 2618 frequent
1576 2588 1673 2609 men-

133 2631 181 2660 17.
208 2631 248 2652 ea
278 2620 418 2661 charta]
452 2621 491 2653 f0.
523 2622 570 2662 d2,
603 2632 636 2662 p.
671 2632 724 2661 39.
769 2622 843 2652 The
911 2623 989 2653 tion
1020 2623 1058 2653 of
1083 2633 1104 2653 a
1132 2622 1285 2662 journey
1308 2624 1344 2652 to
1376 2622 1483 2652 Rome
1521 2620 1578 2661 (cf.
1607 2621 1670 2661 Ep.

88 2666 290 2705 signatures
320 2664 418 2695 show
448 2665 527 2695 that
560 2666 624 2696 the
654 2666 743 2696 book
772 2675 844 2696 was
912 2675 985 2704 324.
1005 2675 1047 2705 27
1061 2665 1126 2706 n.).
1175 2666 1236 2696 See
1253 2666 1315 2704 Ep.
1335 2666 1398 2704 384
1416 2664 1548 2695 introd.

89 2708 233 2748 printed
264 2707 418 2746 straight
449 2708 616 2747 through,
650 2709 846 2748 beginning
954 2709 1007 2746 38.
1035 2708 1224 2749 Duncello]
1250 2709 1335 2739 This
1351 2717 1456 2738 name
1472 2717 1620 2747 appears
1636 2718 1674 2739 as

89 2752 181 2783 with
205 2751 267 2781 the
293 2750 442 2790 preface.
488 2751 561 2781 The
586 2752 752 2791 printing
774 2761 846 2782 was
915 2751 1142 2782 Dinckellius
1157 2753 1196 2781 in
1213 2751 1273 2790 Ep.
1288 2761 1362 2789 330.
1378 2761 1429 2782 21.
1456 2750 1531 2782 The
1546 2761 1673 2791 person

89 2794 266 2826 therefore
278 2793 364 2833 only
376 2792 454 2832 just
476 2793 591 2833 begun
607 2795 643 2824 at
658 2795 732 2825 this
748 2795 847 2825 time.
915 2794 1090 2825 intended
1121 2794 1191 2825 had
1217 2794 1402 2833 evidently
1425 2795 1674 2834 accompanied

92 2838 144 2870 Of.
160 2838 199 2869 ll.
219 2846 271 2877 53,
290 2848 320 2876 4.
916 2837 1086 2868 Erasmus
1129 2839 1166 2868 to
1211 2837 1386 2877 England,
1426 2838 1596 2878 probably
1637 2848 1675 2869 as

134 2882 187 2920 36.
216 2879 501 2920 Testamentum]
530 2879 726 2920 Evidently
748 2880 849 2910 Eras-
917 2890 937 2911 a
959 2882 1157 2920 secretary;
1189 2881 1281 2911 from
1309 2881 1475 2912 Froben's
1501 2883 1674 2921 responsi-

93 2934 172 2956 mus
184 2925 255 2956 had
265 2925 329 2954 not
341 2926 401 2963 yet
413 2923 587 2962 arranged
598 2924 652 2954 for
663 2923 726 2954 the
736 2924 849 2963 print·
919 2923 1025 2963 bility
1041 2924 1080 2954 in
1105 2924 1167 2954 the
1191 2925 1333 2965 matter,
1352 2924 1410 2955 his
1433 2935 1496 2955 son
1520 2926 1672 2965 Jerome,

94 2969 157 3008 ing
169 2968 206 2998 of
217 2968 280 2999 the
290 2967 376 2998 New
388 2966 591 2998 Testament
605 2977 613 3005 3
639 2966 681 2997 cf.
696 2967 757 3006 Ep.
773 2976 848 3006 330.
919 2976 1000 2997 now
1016 2967 1103 3007 aged
1122 2976 1172 3007 14,
1190 2968 1220 2997 is
1236 2967 1393 3007 possibly
1409 2969 1540 2999 meant.

96 3012 153 3042 He
173 3011 325 3051 perhaps
347 3010 463 3050 hoped
488 3012 525 3040 to
549 3010 638 3041 have
654 3010 683 3041 it
706 3010 851 3050 printed
963 3020 1015 3050 39.
1034 3009 1189 3052 litteras]
1215 3010 1266 3042 Cf.
1286 3011 1351 3052 Ep.
1368 3020 1443 3051 330.
1466 3012 1572 3052 15,16.
