2010 3417
191 151 271 189 318
657 151 907 189 LETTERS
947 151 1016 189 OF
1054 151 1321 190 ERASMUS
1661 150 1784 205 [1516

191 261 389 299 senserim
409 259 689 309 prouerbium,
712 258 864 311 Ἐγγύα,
882 260 982 308 πάρα
1002 259 1031 297 δ’
1051 260 1131 308 ἄτη.
1182 259 1361 298 Interim
1376 273 1398 297 e
1413 259 1564 298 Latino
1585 260 1787 300 Graecum

191 326 381 372 reddam;
419 325 526 362 113110
555 324 848 373 μεταμόρφωσιν
876 324 921 362 111
951 337 1018 362 1110
1046 324 1195 374 recepi.
1263 325 1483 374 Captaram
1510 324 1788 365 Vrseuuicum

153 401 170 431 5
191 391 317 429 misso
332 390 449 428 Nouo
469 391 745 438 Testamento,
764 390 840 428 1130
861 403 932 440 spe
945 392 991 428 vt
1011 389 1081 428 ille
1101 389 1208 428 mihi
1222 389 1407 428 vicissim
1426 403 1588 427 nouum
1603 390 1789 430 mitteret

188 468 342 505 equum
361 469 370 502 3
401 455 509 504 quod
532 457 653 493 vetus
678 455 751 493 ille
778 454 957 494 bibendo
982 455 1166 505 perisset,
1192 455 1410 493 Flandrica
1432 454 1635 493 nimirum
1660 458 1787 505 peste.

189 523 249 560 At
277 521 378 558 dum
407 520 478 559 ille
502 520 618 559 abest
647 520 691 559 in
711 523 876 570 venatu,
900 534 993 559 mea
1021 521 1174 559 frustra
1202 520 1284 559 fuit
1303 520 1481 559 venatio.
1539 519 1629 559 Hac
1657 522 1791 571 gratia

188 599 361 637 puerum
390 599 531 624 meum
562 586 697 624 isthuc
727 586 868 625 remisi
897 586 1105 636 simulque
1124 587 1170 624 vt
1189 587 1228 623 te
1249 584 1485 624 conueniat:
1517 599 1598 635 quo
1628 586 1663 624 si
1692 586 1791 636 quid

188 651 301 690 aliud
329 652 416 690 fors
444 651 489 689 in
518 653 702 690 mentem
731 653 857 700 venit,
891 651 1122 701 significes3
1161 664 1259 690 nam
1287 651 1386 689 111110
1416 664 1501 689 non
1541 651 1792 691 discedimus

132 726 170 747 ¹0
189 719 285 755 ante
305 716 431 755 huius
450 717 578 755 finem
603 717 889 756 hebdomadis.
946 716 1101 767 Scripsi
1127 716 1178 755 ad
1205 718 1246 755 te
1272 729 1345 766 per
1374 716 1542 755 Morum
1563 717 1788 765 discedens,

190 783 335 821 relicto
369 782 560 832 exemplo
600 783 797 832 epistolae
831 784 880 822 ad
918 783 1115 829 Leonem,
1154 783 1224 820 sed
1259 795 1408 832 parum
1442 784 1536 832 apte
1571 783 1788 833 descripto.

190 850 292 899 Πρὸς
311 852 381 886 τῶν
408 852 569 898 μουσῶν,
592 849 653 887 mi
678 849 894 897 Ammoni,
924 849 981 897 tu,
1005 849 1115 898 quod
1140 849 1258 897 soles,
1287 848 1471 887 amicum
1499 851 1686 898 praesta3
1715 862 1792 899 ego

189 927 418 953 memorem
442 916 484 953 et
502 915 667 964 gratum
685 914 904 964 praestabo
924 915 1125 953 animum.
1183 914 1296 952 Bene
1317 914 1422 952 vale.

245 980 399 1018 Roffae.
421 993 506 1018 XVI.
530 979 730 1018 Calendas
752 980 1028 1030 Septembres

134 1053 170 1085 ¹5
246 1046 496 1093 Plurimum,
514 1045 621 1083 mihi
641 1046 771 1094 crede,
795 1046 950 1096 gratiae
976 1045 1150 1093 accedet,
1176 1046 1236 1083 mi
1257 1045 1473 1092 Ammoni,
1496 1045 1568 1084 isti
1587 1045 1789 1085 beneficio

191 1125 241 1149 ex
261 1111 468 1149 celeritate
487 1110 732 1149 conficiendi
753 1127 761 1159 3
801 1124 898 1149 nam
919 1113 959 1149 et
980 1110 1103 1149 citius
1123 1111 1228 1150 hanc
1251 1110 1545 1149 sollicitudinis
1565 1110 1721 1149 nubem
1741 1125 1791 1150 ex

189 1176 329 1215 animo
361 1175 644 1223 discutiemus,
673 1177 726 1224 et,
765 1176 801 1215 si
837 1176 934 1226 quid
973 1176 1079 1215 forte
1119 1176 1303 1214 extiterit
1341 1176 1582 1226 tragoediae,
1618 1176 1794 1215 tutiores

191 1241 357 1280 erimus.
417 1242 602 1280 Rursum
623 1242 727 1280 vale.

531 1384 712 1425 45¹›2453.
775 1385 906 1424 Fnon
940 1384 1145 1424 ANDREW
1178 1384 1445 1425 AMMONIUS.

239 1473 401 1518 Farrago
420 1485 454 1517 p.
473 1483 553 1507 210.
1391 1471 1667 1507 lVestminster.

240 1531 278 1566 F.
298 1542 334 1576 p.
352 1541 443 1576 352:
471 1530 563 1566 HN:
588 1531 706 1566 Lond.
725 1530 798 1565 viii.
819 1541 883 1574 27:
911 1530 983 1565 LB.
1009 1540 1083 1575 145.
1319 1529 1373 1575 (c.
1395 1540 1437 1574 19
1453 1529 1598 1575 August
1620 1529 1745 1575 1516.)

237 1611 328 1653 [The
344 1611 570 1642 mouth-date
586 1613 691 1651 given
709 1613 739 1641 is
754 1611 895 1652 plainly
909 1611 1126 1651 impossible,
1140 1611 1237 1642 since
1254 1610 1328 1641 this
1344 1610 1450 1641 letter
1463 1620 1620 1641 answers
1636 1610 1699 1650 Ep.
1717 1620 1792 1650 452,

191 1655 263 1686 and
288 1656 327 1685 in
352 1655 416 1694 Ep.
444 1664 507 1693 455
538 1655 599 1685 the
631 1655 733 1685 horse
765 1656 849 1686 here
876 1655 1086 1685 mentioned
1111 1655 1177 1685 has
1204 1654 1355 1684 arrived.
1407 1664 1447 1694 19
1470 1664 1509 1685 or
1531 1665 1573 1685 20
1595 1655 1737 1694 August
1764 1655 1795 1685 is

194 1698 544 1738 approximatelythe
555 1698 637 1729 date
649 1699 816 1737 required
828 1709 836 1736 ;
854 1699 918 1729 but
927 1699 1086 1730 Icannot
1099 1699 1239 1738 suggest
1249 1708 1321 1737 any
1328 1698 1554 1738 satisfactory
1567 1697 1794 1739 correction.]

443 1785 654 1815 ANDREAS
684 1785 925 1816 AMMONIVS
958 1785 1137 1816 ERASMO
1169 1784 1477 1815 ROTERODAMO
1509 1785 1542 1816 S.

247 1861 325 1900 ITA
354 1861 470 1899 visus
491 1861 596 1899 mihi
617 1860 733 1899 fuisti
753 1863 870 1900 trans
893 1875 1047 1911 aequor
1073 1873 1291 1911 properare
1319 1862 1366 1898 vt
1396 1873 1448 1898 ne
1477 1860 1596 1898 bidui
1625 1860 1794 1911 quidem

193 1940 353 1965 moram
373 1927 447 1964 abs
468 1929 509 1965 te
529 1928 668 1975 petere
695 1926 847 1964 fuerim
867 1940 1003 1965 ausus.
1067 1926 1145 1965 Sed
1166 1926 1404 1964 audendum
1426 1939 1513 1964 esse
1539 1925 1669 1974 video,
1692 1927 1796 1964 tam-

194 1990 271 2027 etsi
291 1989 372 2027 scio
393 2002 476 2027 non
497 2002 644 2027 omnes
664 2002 752 2027 esse
772 1989 997 2036 Roffenses,
1022 1989 1107 2027 imo
1134 2001 1231 2026 vero
1251 2001 1476 2038 perpaucos
1496 2001 1622 2038 aeque
1648 1988 1797 2037 dignos

195 2054 267 2104 qui
287 2054 458 2092 Erasmo
487 2054 689 2092 fruantur.
746 2053 881 2092 Istam
896 2055 1163 2104 sponsionem
1185 2055 1268 2091 ἄνευ
1288 2055 1353 2102 τῆς
1373 2055 1462 2102 ἄτης
1480 2053 1666 2091 futuram
1687 2053 1797 2091 nihil

159 2137 174 2166 5
194 2119 368 2168 ambigo.
440 2119 713 2158 Venationem
734 2119 812 2157 tibi
832 2120 939 2158 male
959 2119 1154 2157 cecidisse
1184 2119 1277 2168 quis
1304 2119 1491 2166 miretur,
1516 2118 1678 2156 homini
1707 2132 1794 2157 non

195 2183 399 2222 eiusmodi
418 2183 592 2221 saltibus
612 2183 755 2222 venari
775 2186 938 2223 assueto
952 2186 972 2222 ἱ)
1001 2185 1218 2223 Caeterum
1239 2184 1281 2221 id
1301 2183 1378 2222 tibi
1393 2183 1653 2221 foeneratum
1668 2183 1790 2221 dices.

197 2250 313 2287 Noua
328 2251 435 2287 certe
454 2249 755 2298 μεταμόρφωσις,
778 2249 905 2287 libros
920 2249 963 2287 in
983 2263 1107 2299 equos
1127 2251 1287 2287 vertere
1305 2263 1313 2295 3
1344 2249 1415 2287 sed
1435 2248 1599 2298 quando
1619 2248 1739 2287 video
1754 2250 1795 2286 te

195 2328 298 2365 equo
318 2327 446 2364 egere,
471 2314 564 2352 albo
585 2327 689 2363 equo
709 2314 804 2363 (scis
821 2314 967 2363 quanti
987 2314 1065 2352 hoc
1085 2314 1186 2353 olim
1216 2314 1357 2363 fuerit)
1377 2327 1401 2352 3
1421 2326 1489 2351 1110
1509 2313 1726 2351 donaberis
1747 2326 1796 2351 ex

196 2381 376 2417 querna
407 2378 557 2416 vltima
579 2379 763 2417 aduecto.
821 2380 973 2429 Accipe
1009 2379 1341 2429 qualemcunque
1368 2378 1446 2416 tibi
1475 2391 1693 2428 nunquam
1720 2378 1796 2416 im-

139 2461 177 2483 10
196 2444 439 2494 putandum.

250 2510 412 2548 Literae
428 2522 530 2559 quas
549 2509 665 2547 Moro
687 2509 891 2559 reliquisti
913 2509 1096 2548 redditae
1117 2509 1224 2547 mihi
1245 2509 1360 2547 fuere
1377 2523 1386 2557 ;
1425 2511 1490 2547 sat
1509 2509 1596 2547 fore
1615 2508 1798 2547 arbitror

196 2574 399 2622 prioribus
419 2574 469 2612 ad
490 2575 672 2612 Leonem
693 2574 837 2613 literis.
914 2575 974 2613 De
993 2576 1065 2612 tuo
1086 2574 1255 2624 negocio
1275 2573 1382 2612 nihil
1403 2573 1515 2612 aliud
1542 2586 1665 2624 quam
1686 2572 1796 2623 quod

196 2642 398 2677 internos
427 2639 632 2687 conuenit,
665 2640 851 2677 occurrit.
921 2639 1218 2678 Commentum
1245 2639 1350 2677 illud
1382 2640 1618 2677 constanter
1642 2637 1796 2688 probo3

240 2741 313 2771 452.
340 2751 369 2779 3.
390 2739 531 2781 Ἐγγύα]
557 2744 658 2779 Adaq.
678 2752 750 2781 597.
1074 2753 1106 2782 9.
1133 2741 1488 2782 querna]1reland.

283 2784 475 2825 Graecum]
502 2785 571 2815 For
595 2785 752 2816 Fisher⁷s
780 2784 895 2816 desire
925 2789 962 2816 to
1079 2795 1127 2817 12.
1164 2784 1361 2826 prioribus]
1399 2786 1465 2816 Mr.
1503 2784 1650 2815 Nichols
1683 2784 1795 2814 inter—

199 2827 303 2867 study
320 2828 434 2858 Greek
451 2828 494 2860 cf.
515 2829 601 2868 Epp.
620 2839 684 2867 520
701 2829 773 2859 and
789 2839 863 2867 540.
1031 2831 1128 2868 prets
1158 2830 1233 2860 this
1267 2829 1306 2859 of
1338 2829 1401 2859 the
1432 2829 1589 2867 existing
1622 2827 1721 2858 draft
1760 2826 1799 2858 of

242 2871 271 2900 8.
310 2871 478 2913 puerum]
526 2872 645 2902 Smith
687 2875 758 2911 (see
796 2873 859 2913 Ep.
899 2874 963 2911 276
1032 2873 1095 2912 Ep.
1119 2874 1193 2912 446,
1211 2872 1266 2903 for
1285 2873 1405 2902 which
1431 2873 1601 2903 Erasmus
1619 2871 1691 2901 had
1714 2879 1794 2910 pro-

198 2914 343 2953 introd.)
363 2925 370 2952 ;
404 2915 445 2945 cf.
474 2915 534 2954 Ep.
558 2925 631 2954 455.
656 2926 681 2946 1.
1032 2916 1139 2955 posed
1157 2916 1310 2947 another
1326 2925 1427 2955 copy.
1473 2916 1510 2947 It
1526 2914 1643 2954 might
1658 2913 1734 2944 also
1752 2914 1794 2943 be

241 2957 314 2986 453.
342 2958 370 2986 8.
397 2959 462 2987 <cis
479 2959 622 2999 quanti]
643 2959 691 2989 Cf.
711 2959 795 2990 Hor.
810 2962 841 2991 S.
858 2969 883 2991 1.
902 2970 928 2997 7.
944 2961 963 2989 8
1031 2959 1247 2990 understood
1264 2959 1302 2990 of
1324 2959 1386 2998 Ep.
1405 2960 1470 2996 446
1485 2968 1523 2988 as
1550 2958 1612 2988 the
1629 2957 1796 2995 covering

197 2999 267 3028 and
286 2999 506 3031 NViekham's
524 3009 615 3032 note.
1035 3003 1141 3033 letter
1153 3004 1187 3033 to
1202 3003 1263 3042 Ep.
1277 3012 1350 3041 447,
1366 3002 1436 3032 and
1450 3002 1535 3031 thus
1557 3002 1565 3016 ‘
1576 3000 1686 3040 prior'
1700 3000 1737 3030 to
1752 3000 1793 3030 it.
