2010 3417
577 114 647 153 ΤΟ
684 113 952 153 WILLIAM
992 113 1268 153 BUDAEUS
1640 112 1720 150 367

124 110 224 165 480]

120 235 370 262 exauramur
401 225 444 262 et
477 223 745 262 exhaurimur
777 223 956 273 largiter,
990 225 1033 261 at
1065 224 1154 261 auri
1189 236 1242 262 ne
1274 222 1519 263 tenuissima
1553 223 1720 273 quidem

123 287 322 328 hactenus
341 289 511 327 accessit
525 289 740 328 bracteola.
793 289 1038 339 Quanquam
1052 290 1099 327 vt
1113 288 1221 326 nihil
1236 301 1421 338 vnquam
1440 288 1615 337 accedat,
1635 288 1720 327 iam

123 366 236 392 nunc
256 354 396 392 omnia
409 367 476 392 me
496 354 644 392 debere
663 354 797 392 sentio
815 354 883 392 vel
898 354 1054 403 optimo
1070 353 1258 403 Principi
1273 353 1419 392 Carolo
1438 354 1505 392 vel
1526 353 1721 393 omnibus

119 418 314 457 omnium
346 419 552 458 virtutum
585 420 773 458 numeris
812 419 1000 457 absoluto
1039 418 1188 457 Ioanni
1218 418 1414 469 Syluagio
1454 419 1720 470 Burgundiae

119 483 399 532 Cancellario;
447 484 519 534 qui
559 484 687 523 talem
729 484 937 534 quendam
980 485 1110 522 heroa
1156 483 1300 533 prebet
1346 486 1512 523 nostrae
1555 483 1717 532 ditioni,

122 549 288 600 qualem
324 549 487 599 pridem
524 549 595 588 ille
633 548 701 588 vel
744 551 819 587 tuo
857 548 983 587 vuius
1026 548 1220 598 preconio
1258 548 1425 588 futurus
1465 548 1719 588 immortalis

119 629 144 654 a
170 614 389 665 Rupeforti
415 614 552 654 Guido
577 617 671 653 tuae
699 613 908 664 praestitit
936 613 1107 652 Galliae.

122 680 306 729 ἐπιτρίψοι
340 680 429 719 Ζεὺς
461 681 480 718 ὁ
514 680 778 729 ὑψιβρεμέτης,
810 681 856 719 ὡς
883 676 1091 728 Ὁμηρικῶς
1119 677 1226 723 λέξω,
1259 691 1356 717 cum
1386 691 1478 717 mea
1512 679 1719 719 sententia

118 744 273 794 dignus
309 745 366 782 sis
398 744 464 783 cui
495 745 708 795 contingat
741 745 784 782 τὸ
815 746 880 783 τοῦ
913 743 1074 782 Τιθωνοῦ
1107 746 1234 795 γῆρας.
1295 743 1374 782 Sed
1409 756 1526 793 spero
1556 745 1642 783 fore
1671 746 1719 784 vt

115 810 266 848 aetatis
284 823 504 859 progressu
523 810 777 848 commodior
802 810 858 849 sit
874 809 1096 857 valetud03
1125 808 1168 847 id
1196 809 1305 858 quod
1326 808 1437 847 haud
1459 822 1556 848 sane
1576 811 1716 859 paucis

117 886 196 913 vsu
214 875 377 913 venisse
406 876 501 915 scio.
561 875 647 915 Nos
673 877 836 925 praeter
862 875 1070 925 ἀρρωστίαν
1094 887 1180 912 11011
1205 874 1391 912 crebram
1419 874 1543 914 modo
1569 888 1718 915 verum

118 951 223 989 pene
252 942 494 990 perpetuam
520 940 606 979 iam
631 940 771 991 pulsat
799 940 927 979 etiam
954 940 997 978 τὸ
1025 939 1194 991 χαλεπὸν
1221 942 1348 990 γῆρας,
1377 939 1526 990 νόσημα
1555 941 1717 989 φυσικὸν

121 1005 181 1043 καὶ
199 1006 330 1043 τούτου
351 1006 455 1044 ἕνεκα
474 1007 630 1044 ἀνίατον.

172 1070 303 1109 Ludis
340 1072 386 1109 tu
424 1071 594 1121 quidem
629 1072 719 1110 tota
756 1070 954 1120 epistola:
1001 1084 1105 1121 quae
1144 1083 1209 1108 res
1249 1070 1357 1108 mihi
1395 1083 1479 1108 non
1517 1070 1716 1110 mediocri

117 1135 324 1185 voluptati
352 1135 442 1184 fuit,
474 1139 521 1175 vt
553 1149 655 1186 quae
689 1135 795 1174 mihi
828 1137 1051 1174 testaretur
1083 1135 1300 1174 Budaeum
1334 1148 1420 1173 non
1454 1137 1620 1174 tantum
1655 1136 1714 1175 in-

115 1200 325 1239 columem
347 1214 437 1240 esse
460 1201 733 1255 verumetiam
757 1201 937 1240 alacrem
965 1214 1012 1240 ac
1039 1201 1267 1240 lubentem.
1325 1201 1359 1239 O
1388 1202 1427 1239 te
1456 1200 1617 1239 felicem
1647 1200 1714 1240 cui

117 1264 240 1305 liceat
258 1266 310 1305 ad
330 1267 459 1305 istum
478 1268 651 1306 modum
669 1266 755 1305 frui
774 1266 930 1305 literis!
989 1267 1048 1305 At
1067 1279 1153 1304 non
1176 1265 1278 1305 alibi
1296 1265 1430 1315 magis
1449 1265 1588 1304 videre
1609 1265 1715 1304 mihi

116 1330 258 1370 ludere
283 1344 408 1382 quam
435 1331 507 1370 vbi
531 1333 637 1371 serio
663 1332 748 1371 iam
771 1345 890 1381 agere
919 1332 1053 1370 videri
1075 1332 1150 1370 vis.
1213 1330 1347 1381 Negas
1376 1331 1453 1369 tibi
1475 1331 1714 1381 persuaderi

115 1409 234 1446 posse
265 1396 393 1436 libros
426 1398 520 1435 tuos
552 1411 576 1437 a
609 1398 728 1437 nobis
761 1397 854 1447 legi,
892 1397 975 1435 nisi
1007 1396 1043 1435 si
1080 1396 1174 1447 quis
1211 1396 1438 1435 amicorum
1475 1396 1585 1434 inter
1622 1409 1715 1435 con-

114 1461 387 1501 fabulandum
416 1463 506 1501 orta
533 1463 598 1501 tui
625 1463 837 1502 mentione
865 1462 1012 1501 fuisset
1040 1463 1301 1513 anagnostes.
1357 1461 1520 1501 Adeon'
1545 1475 1613 1501 me
1641 1465 1712 1501 aut

113 1526 379 1566 fastidiosum
412 1527 625 1567 existimas
656 1530 702 1567 vt
732 1528 864 1578 legere
895 1541 1041 1577 grauer
1074 1530 1160 1566 tam
1191 1527 1384 1566 erudita?
1422 1529 1494 1566 aut
1524 1527 1623 1566 adeo
1653 1527 1712 1567 in-

115 1591 359 1640 humanum,
382 1606 434 1631 ne
455 1593 591 1632 dicam
616 1594 820 1643 inuidum,
844 1595 889 1633 vt
912 1594 1010 1632 talis
1036 1593 1157 1632 amici
1183 1592 1541 1632 lucubrationibus
1563 1606 1710 1643 parum

113 1656 323 1696 delecter?
379 1658 473 1696 Imo
494 1671 545 1697 ne
568 1658 626 1698 sis
652 1659 842 1706 insciens,
865 1658 974 1696 nihil
998 1660 1061 1696 est
1084 1658 1257 1696 omnino
1283 1659 1451 1697 tuorum
1477 1658 1712 1697 studiorum

112 1721 222 1772 quod
243 1734 329 1761 non
348 1723 460 1761 inter
478 1724 694 1773 precipuos
713 1726 875 1762 autores
895 1725 1037 1762 nostra
1056 1723 1207 1761 habeat
1222 1722 1484 1762 bibliotheca.
1526 1724 1711 1763 Annota-

113 1787 249 1826 tiones
279 1788 372 1826 tuas
404 1787 449 1825 in
484 1787 714 1827 Pandectas
744 1790 786 1826 et
818 1790 972 1827 Assem
1005 1788 1266 1827 oraculorum
1299 1787 1433 1827 instar
1464 1788 1616 1827 habeo:
1659 1788 1710 1827 ad

112 1864 217 1901 quae
236 1852 454 1902 confugere
474 1852 597 1901 soleo,
621 1853 656 1891 si
676 1853 774 1903 quid
800 1853 976 1902 ambigo,
998 1866 1074 1891 nec
1099 1853 1151 1892 ab
1173 1852 1265 1891 istis
1287 1853 1471 1902 vulgatis
1496 1852 1711 1892 autoribus

112 1917 378 1956 succurritur.
429 1917 572 1968 Neque
589 1930 687 1957 vero
706 1931 772 1956 me
788 1918 899 1968 piget
918 1920 991 1956 aut
1011 1918 1139 1967 pudet
1155 1918 1372 1956 Budaeum
1393 1918 1505 1956 inter
1518 1917 1710 1967 probatos

112 1981 197 2020 iam
226 1983 267 2020 et
294 1995 396 2021 aeuo
425 1983 682 2021 consecratos
711 1985 876 2021 autores
904 1985 1053 2021 testem
1083 1983 1292 2022 adducere.
1349 1983 1432 2022 Cur
1459 1982 1572 2021 enim
1600 1982 1710 2021 viuis

111 2046 191 2086 hoc
214 2047 383 2086 honoris
408 2046 681 2096 inuffleamus,
705 2048 740 2087 si
766 2048 889 2087 modo
914 2050 1261 2098 promereantur?
1289 2061 1363 2086 cur
1389 2060 1474 2086 non
1499 2047 1638 2097 potius
1665 2047 1707 2086 id

1167 614 1243 662 Τὴν
1269 615 1482 664 ἐπίτριπτον
1511 615 1720 664 ἀρρωστίαν

275 2175 336 2214 163
359 2175 534 2206 hactenus
552 2173 585 2206 (ἶι
601 2186 609 2206 z
632 2175 748 2206 adhuc
767 2174 812 2206 6².

159 2311 232 2341 168.
269 2309 403 2352 Guido]
436 2311 518 2351 Guy
544 2311 582 2349 (†
597 2319 635 2349 15
663 2310 745 2343 Jan.
773 2311 871 2353 150573)

111 2353 152 2384 of
181 2353 369 2385 Rochefort
402 2363 490 2385 near
523 2354 621 2393 Dole,
656 2364 676 2385 a
712 2355 874 2385 member

114 2397 153 2427 of
177 2406 225 2427 an
251 2396 312 2427 old
335 2397 571 2437 Burgundian
600 2398 738 2437 family.
786 2398 874 2429 Like

112 2440 172 2471 his
211 2439 310 2470 elder
346 2440 495 2471 brother
528 2441 693 2472 William
728 2443 875 2480 (1433—

117 2492 157 2515 12
180 2483 269 2523 Aug.
299 2486 397 2522 1492)
421 2484 467 2514 he
489 2494 562 2515 was
584 2487 621 2515 at
644 2485 724 2515 first
746 2485 786 2514 in
812 2485 874 2515 the

113 2526 248 2558 service
265 2526 304 2557 of
317 2526 464 2558 charles
479 2527 541 2558 the
558 2527 659 2567 Bold‚
678 2529 744 2558 but
767 2528 872 2559 after-

112 2570 232 2601 wards
256 2569 404 2600 entered
426 2570 508 2600 that
531 2571 569 2600 of
590 2571 698 2601 Louis
718 2579 766 2609 111,
791 2571 873 2601 who

113 2612 220 2644 made
236 2612 316 2643 him
329 2613 510 2652 Secretary
524 2613 562 2644 of
574 2614 636 2644 the
652 2613 874 2644 Parliament

110 2657 152 2687 of
172 2655 384 2695 Burgundy‚
409 2656 481 2686 and
505 2666 551 2686 on
578 2666 616 2695 15
640 2656 763 2687 March
790 2658 872 2695 1482

112 2700 191 2730 first
227 2699 426 2731 President.
487 2699 608 2729 When
639 2699 698 2730 his
727 2701 873 2731 brother

113 2744 256 2774 became
280 2742 491 2773 Chaucellor
511 2743 549 2773 of
567 2743 711 2781 France,
735 2753 773 2773 12
791 2743 873 2781 May

117 2787 211 2825 1483,
238 2786 319 2825 Guy
342 2785 516 2825 probably
537 2785 704 2816 followed
729 2785 807 2816 him
834 2787 872 2816 to

112 2830 239 2867 Paris;
273 2828 327 2860 for
354 2829 399 2859 he
426 2838 573 2868 appears
600 2829 742 2868 shortly
768 2830 874 2859 after-

112 2872 230 2903 wards
259 2881 297 2903 as
328 2882 345 2902 a
376 2874 504 2912 patron
535 2872 574 2903 of
599 2872 725 2903 letters
754 2873 868 2903 there.

113 2916 375 2947 Balbus’Rhetor
385 2918 540 2946 Gloriosus
548 2918 559 2957 (
567 2916 630 2956 Ep.
643 2926 693 2955 23.
706 2916 781 2954 47,8
791 2916 871 2954 nn.)

113 2960 145 2991 is
166 2959 355 2990 dedicated
371 2961 408 2990 to
429 2959 516 3000 him,
537 2969 563 2990 c.
588 2960 668 2999 1487
685 2959 745 2990 fin.
763 2969 772 2999 3
798 2958 872 2990 and

964 2176 1034 2214 178.
1061 2176 1174 2216 magis
1191 2175 1246 2207 0²:
1270 2175 1363 2207 mihi
1379 2176 1491 2216 magis
1509 2175 1553 2206 0¹.

941 2310 1038 2341 John
1049 2310 1216 2342 Fernand
1227 2310 1408 2341 mentions
1420 2310 1499 2341 him
1512 2319 1549 2340 as
1561 2311 1706 2349 present

942 2355 979 2385 at
1015 2364 1080 2385 one
1113 2354 1152 2384 of
1184 2354 1242 2385 his
1278 2354 1430 2385 lectures
1462 2353 1507 2393 (C.
1542 2355 1705 2383 Fernandi

942 2398 1180 2437 Epistole‚¹No.
1205 2407 1257 2436 21,
1282 2408 1308 2428 s.
1331 2399 1350 2427 l.
1377 2401 1403 2428 et
1426 2397 1484 2436 a.).
1543 2395 1600 2426 He
1631 2405 1704 2426 was

942 2439 1138 2481 appointed
1170 2441 1382 2472 Chaucellor
1419 2439 1458 2470 of
1493 2439 1625 2469 France
1657 2439 1705 2478 by

943 2484 1090 2515 Charles
1107 2493 1176 2514 vn]
1197 2494 1243 2515 on
1265 2495 1286 2523 9
1306 2484 1394 2523 July
1419 2492 1500 2522 1497
1522 2481 1595 2513 and
1616 2481 1704 2513 held

942 2528 1023 2558 that
1050 2527 1145 2558 office
1175 2527 1272 2558 until
1298 2527 1354 2557 his
1383 2526 1505 2556 death.
1550 2525 1703 2556 Faustus

941 2570 1177 2601 Andrelinus’
1217 2573 1373 2608 Epistolae
1414 2570 1622 2606 paroemiales
1666 2579 1702 2599 ac

941 2616 1071 2644 morales
1095 2614 1175 2654 (Ep.
1191 2614 1234 2652 84
1251 2613 1402 2653 introd.)
1428 2622 1487 2642 are
1510 2611 1701 2642 addressed

940 2658 978 2687 to
995 2657 1073 2687 him
1087 2667 1095 2695 ;
1119 2667 1156 2687 as
1172 2657 1202 2686 is
1221 2656 1295 2687 also
1317 2657 1379 2687 the
1395 2658 1438 2686 De
1454 2657 1585 2692 Reyibus
1599 2657 1700 2685 From-

941 2710 1053 2738 corum,
1088 2699 1211 2738 Milan,
1243 2699 1297 2730 Jo.
1327 2700 1370 2730 de
1401 2697 1629 2737 Castelliono,
1659 2708 1699 2728 22

940 2742 1029 2779 July
1048 2744 1140 2780 1506,
1161 2743 1199 2772 of
1218 2742 1325 2774 Mich.
1350 2742 1469 2772 Ritius
1490 2741 1527 2772 of
1547 2741 1699 2781 Naples;

941 2786 1013 2816 and
1044 2786 1208 2816 Budaeus
1243 2786 1341 2825 gives
1377 2785 1453 2815 him
1491 2794 1512 2815 a
1546 2785 1701 2824 glowing

941 2830 1068 2868 eulogy
1091 2830 1131 2860 in
1155 2829 1217 2860 the
1232 2832 1275 2860 De
1291 2831 1380 2869 Asse,
1398 2828 1516 2858 which
1539 2837 1612 2859 was
1635 2831 1698 2859 not

941 2872 1127 2912 composed
1150 2872 1247 2903 until
1274 2873 1365 2903 after
1388 2871 1446 2902 his
1469 2871 1590 2904 death.
1635 2872 1698 2903 See

941 2916 1010 2946 GE.
1031 2916 1054 2947 i.
1069 2925 1133 2954 292
1146 2925 1181 2947 n.
1199 2915 1272 2947 and
1289 2916 1325 2947 ii.
1345 2916 1387 2954 63
1397 2924 1432 2946 n.

987 2960 1058 2998 169.
1082 2958 1273 3000 Ὁμηρικῶς]
1291 2962 1330 2990 Il.
1350 2970 1376 2990 1.
1394 2968 1468 2998 354,
1487 2960 1550 2990 &c.

1741 421 1800 463 165

1738 756 1799 790 170

1737 1080 1796 1115 175

1734 1396 1796 1428 180

1731 1729 1792 1772 185

1730 2054 1790 2086 190
