2010 3417
136 150 234 205 347]
627 151 780 191 FRoM
818 150 1041 191 MARTIN
1079 151 1230 191 DORP
1652 151 1726 190 131

138 263 330 302 omnium
368 261 692 312 disciplinarum,
731 263 774 300 et
816 274 971 300 nouam
1017 261 1139 300 nobis
1185 259 1438 311 theologiam
1480 259 1725 310 parturiant,

137 328 390 368 nascituram
422 328 592 366 tandem
625 326 847 378 aliquando
881 341 975 366 cum
1009 327 1181 366 ridiculo
1213 339 1341 366 mure.
1401 327 1557 366 Verum
1591 328 1728 366 metus

139 397 201 434 est
234 407 285 433 ne
317 392 454 432 nolint
485 392 661 432 studiosi
688 393 856 431 illorum
885 406 928 431 se
958 393 1132 442 sceptris
1159 392 1372 431 inclinare.
1429 392 1597 442 Sceptra
1615 392 1730 430 enim

138 461 238 500 sunt
266 457 421 497 ferulae
450 457 602 508 quibus
629 457 797 507 plagoso
821 460 996 508 regnant
1022 458 1068 496 in
1086 460 1214 506 antro,
1237 460 1278 496 et
1304 457 1515 497 Philautia
1534 470 1580 496 ac
1599 456 1732 496 Moria
1751 459 1812 492 160

139 524 350 564 stultiores
387 523 645 563 arbitrantur
682 536 725 561 se
767 536 911 562 omnes
954 536 1075 562 nosse
1118 523 1374 573 disciplinas,
1413 522 1521 573 quod
1565 523 1732 562 voculas

139 589 384 639 intelligunt
421 588 532 638 ipsas
568 589 607 626 et
645 586 880 626 orationum
919 589 1180 627 structuram.
1238 588 1349 637 Ergo
1393 601 1477 626 non
1521 589 1583 627 est
1628 599 1733 638 opus

138 654 370 696 academiis.
428 652 546 691 Scola
578 651 834 702 Squollensis
866 655 938 691 aut
971 652 1254 691 Dauentriana
1283 653 1488 691 suffecerit
1502 667 1513 700 ;
1550 655 1591 692 et
1625 654 1733 692 certe

140 721 215 760 hec
233 721 297 759 est
322 717 527 758 sententia
551 716 694 765 magni
712 716 794 755 viri
819 716 1068 766 Hieronymi
1093 716 1302 766 Hussstae,
1325 718 1618 756 vniuersitates
1644 719 1732 756 tam

139 787 332 836 prodesse
369 782 562 821 ecclesiae
606 781 683 821 Dei
731 794 858 831 quam
905 781 1128 821 diabolum.
1188 782 1331 832 Neque
1375 783 1621 833 gramaticos
1664 782 1734 821 vel
1755 786 1814 828 165

138 849 353 890 tantillum
385 849 620 886 commouet
654 847 762 898 quod
796 847 992 886 damnata
1024 847 1150 887 fuerit
1176 861 1221 886 ea
1249 848 1456 887 sententia
1484 847 1530 885 in
1557 847 1731 886 concilio

136 913 459 962 Constantiensi,
477 913 628 964 quippe
649 912 695 950 in
711 925 791 963 quo
806 915 966 952 certum
985 912 1039 952 sit
1055 913 1267 952 neminem
1287 913 1415 952 fuisse
1434 926 1518 952 11011
1538 925 1732 952 amusum

140 983 212 1022 aut
231 980 304 1031 qui
323 992 408 1018 non
429 978 681 1028 ignorauerit
703 978 842 1017 Grece.

194 1047 315 1085 Nunc
359 1044 410 1083 ad
448 1043 651 1094 reliquam
699 1043 896 1094 epistolae
939 1046 1034 1083 tuae
1078 1046 1252 1094 partem.
1327 1044 1421 1083 Non
1463 1043 1630 1093 asserui,
1676 1043 1736 1081 mi

141 1112 323 1157 Erasme,
350 1109 458 1148 nihil
495 1122 582 1149 esse
615 1108 711 1148 vitii
745 1109 789 1147 in
823 1109 942 1148 Nouo
976 1109 1252 1158 Testamento,
1282 1109 1431 1160 quippe
1466 1109 1575 1159 quod
1609 1108 1736 1159 probe
1757 1120 1818 1154 170

141 1189 340 1217 noueram
365 1188 388 1214 a
411 1173 670 1224 Hieronymo
698 1173 843 1214 multis
872 1174 917 1212 in
944 1174 1046 1213 locis
1069 1174 1363 1222 emendatum3
1392 1187 1541 1214 verum
1563 1174 1737 1213 affirma-

140 1243 249 1289 bam,
285 1254 361 1280 nec
399 1241 517 1278 muto
555 1238 815 1287 sententiam,
856 1239 966 1279 nihil
1003 1240 1138 1279 inesse
1177 1240 1337 1288 erroris,
1373 1239 1481 1278 nihil
1519 1238 1734 1278 mendatii.

143 1308 264 1347 Idem
295 1306 341 1345 in
375 1304 549 1356 epistola
580 1306 627 1343 tu
656 1304 826 1353 fateris;
855 1304 926 1343 sed
955 1304 1073 1344 addis
1091 1318 1233 1346 veram
1260 1305 1482 1344 lectionem
1508 1318 1531 1343 a
1557 1303 1738 1343 librariis

143 1385 231 1412 esse
251 1372 496 1420 corruptam.
555 1368 638 1409 Hic
664 1371 727 1408 est
754 1369 955 1410 articulus
982 1373 1146 1410 nostrae
1166 1370 1469 1421 disputationis.
1530 1370 1608 1409 Dic
1627 1383 1734 1420 ergo,

143 1437 293 1488 quibus
326 1449 376 1475 ex
404 1435 526 1474 libris
555 1437 671 1485 potes
698 1436 949 1486 perpendere
977 1436 1250 1487 deprauatum
1278 1449 1377 1485 esse,
1401 1437 1620 1486 postquam
1648 1448 1738 1475 eam
1760 1450 1820 1484 175

143 1502 429 1552 Hieronymus
447 1501 498 1539 ad
512 1500 758 1540 Grecanicos
773 1501 908 1540 fontes
922 1501 1138 1552 castigauit
1150 1502 1170 1540 ‘?
1195 1501 1247 1540 ad
1267 1514 1370 1552 quos
1390 1501 1565 1540 minime
1583 1501 1740 1540 mirum

144 1570 207 1608 est
238 1580 311 1606 sua
339 1566 573 1616 confugisse
601 1567 847 1617 tempestate
878 1580 978 1618 quos
1005 1568 1052 1605 tu
1082 1567 1193 1615 citas,
1219 1566 1539 1616 Hieronymum,
1563 1565 1740 1606 Ambro-

146 1635 266 1682 sium,
288 1630 589 1682 Augustinum,
605 1631 828 1680 Hilarium,
852 1633 993 1682 vtpote
1021 1645 1146 1682 puros
1162 1632 1295 1671 adhuc
1316 1634 1357 1671 et
1377 1632 1737 1670 incontaminatos.

147 1699 270 1739 Nunc
289 1709 388 1736 vero
414 1696 596 1735 subortis
624 1696 669 1734 111
695 1696 842 1735 Grecia
870 1698 932 1735 tot
961 1697 1175 1736 heresibus
1204 1699 1244 1735 et
1272 1699 1361 1736 tam
1388 1696 1512 1746 longo
1532 1696 1737 1743 scismate,

148 1762 258 1803 vnde
291 1760 495 1801 constabit
533 1761 661 1800 libros
695 1774 839 1800 eorum
870 1774 955 1800 non
989 1775 1076 1800 esse
1114 1762 1315 1801 vitiatos?
1371 1761 1488 1808 Quod
1518 1760 1663 1799 scribis
1696 1760 1741 1799 in
1762 1768 1824 1800 180

147 1840 269 1868 causa
288 1840 377 1866 esse
405 1825 622 1865 literarum
647 1825 970 1874 distinctionem,
992 1827 1127 1877 apices
1146 1829 1187 1866 et
1205 1825 1446 1865 huiusmodi
1466 1825 1739 1874 difficultates,

153 1893 283 1932 miror
319 1892 426 1930 hanc
463 1890 668 1929 redditam
706 1904 729 1929 a
762 1892 804 1929 te
839 1891 1041 1930 rationem
1075 1905 1200 1942 quam
1234 1892 1320 1940 ipse
1354 1891 1400 1929 in
1432 1893 1472 1930 te
1504 1892 1742 1940 retorques3

150 1956 486 2009 quandoquidem
512 1955 675 1994 facilius
704 1958 864 1995 erratur
892 1956 964 1996 vbi
991 1957 1126 1995 multa
1156 1958 1254 1995 sunt
1283 1956 1551 1996 obseruanda.
1610 1956 1743 2004 Quam

148 2023 298 2062 leuiter
317 2021 477 2060 librarii
499 2020 710 2070 apiculum
740 2020 980 2061 omiserint!
1035 2022 1175 2072 Atque
1203 2035 1277 2071 per
1303 2022 1391 2068 hoc,
1416 2022 1451 2060 si
1474 2023 1515 2060 te
1537 2016 1740 2070 intelligo,

148 2087 441 2139 deprauabitur
474 2086 612 2125 codex.
671 2086 726 2125 Et
758 2086 857 2136 quid
890 2089 955 2126 est
984 2087 1093 2137 quod
1127 2086 1297 2125 Latinos
1331 2087 1491 2126 codices
1520 2099 1604 2124 non
1632 2086 1743 2125 sinat
1764 2092 1823 2132 185

148 2153 409 2202 incorruptos
421 2152 441 2190 ⁸?
483 2151 592 2200 Quid
613 2151 696 2190 nisi
711 2151 1075 2202 calcographorum
1093 2151 1252 2190 incuria
1270 2151 1425 2202 pariter
1445 2153 1485 2190 et
1503 2150 1711 2201 imperitia
1723 2152 1744 2190 ¹?

148 2218 254 2257 Vide
273 2217 357 2256 iam
376 2218 488 2256 vtros
508 2216 698 2255 inuenies
717 2216 902 2265 rariores,
927 2217 999 2267 qui
1024 2216 1167 2256 Grecis
1189 2216 1479 2266 imprimendis
1499 2216 1586 2255 sint
1603 2215 1743 2254 idonei

148 2297 201 2323 an
221 2283 293 2334 qui
312 2282 474 2322 Latinis
489 2296 499 2330 ;
528 2283 570 2320 et
589 2281 691 2321 scies
712 2282 826 2320 vtros
846 2281 1004 2321 codices
1025 2294 1190 2321 censere
1209 2281 1356 2320 debeas
1377 2281 1666 2330 castigatiores.

205 2348 285 2387 Sed
322 2360 406 2386 non
434 2346 549 2386 vides
578 2346 674 2397 quid
702 2346 768 2385 hic
797 2347 963 2397 proprie
990 2346 1198 2397 pertineat
1225 2347 1275 2385 ad
1306 2346 1403 2385 fidei
1433 2346 1738 2396 synceritatem.

152 2412 243 2451 Hoc
270 2413 344 2459 est,
367 2412 428 2450 mi
456 2411 638 2459 Erasme,
661 2411 770 2462 quod
797 2414 1011 2462 tantopere
1039 2412 1111 2451 abs
1140 2413 1182 2450 te
1201 2411 1511 2460 contendebam,
1535 2413 1582 2450 vt
1611 2410 1743 2450 sicubi
1764 2425 1825 2458 190

152 2476 412 2516 dormitasset
440 2476 656 2526 interpres,
688 2475 821 2515 sicubi
846 2489 995 2526 parum
1026 2476 1251 2524 commode,
1284 2488 1430 2526 parum
1459 2475 1742 2524 significanter

152 2541 356 2589 vertisset,
376 2540 418 2579 id
443 2542 670 2589 annotares,
693 2541 816 2580 modo
835 2555 888 2580 ne
914 2544 1097 2580 mutares
1122 2541 1356 2591 quicquam,
1380 2540 1510 2579 sicubi
1536 2539 1743 2579 sententia

199 2643 269 2682 158.
294 2643 411 2673 metus
434 2652 473 2673 a:
497 2643 682 2673 necmetus
704 2640 765 2676 [3¹2
798 2651 863 2673 nec
886 2645 1006 2673 metus
1028 2642 1075 2677 βα.
1212 2651 1283 2681 159.
1313 2642 1461 2681 sceptris
1477 2643 1523 2675 B:
1547 2640 1691 2680 scriptis
1707 2652 1738 2673 α.

157 2688 226 2716 160.
252 2695 292 2716 ac
308 2697 327 2714 α
342 2696 349 2715 ·.
372 2686 407 2715 et
422 2686 454 2718 β.
549 2686 618 2724 163.
645 2685 865 2724 Squollensis
880 2697 900 2715 a
915 2696 922 2716 :
945 2685 1110 2716 Nolensis
1126 2684 1162 2719 Bl
1180 2696 1188 2715 ε
1210 2685 1393 2716 Zoulensis
1406 2684 1442 2718 Β2
1458 2695 1465 2715 :
1481 2684 1678 2714 Zuollensis
1688 2684 1738 2719 [3⁸.

155 2732 226 2768 165.
251 2729 374 2767 Neque
390 2739 432 2758 a:
455 2727 527 2758 Nec
543 2728 577 2761 β.
713 2729 782 2759 166.
808 2728 902 2762 αβ13ε
926 2728 1075 2759 consilio
1091 2727 1138 2762 [3².
1279 2729 1348 2766 167.
1376 2727 1672 2759 Constantinensi
1688 2727 1738 2763 βῧ.

154 2775 289 2804 certum
304 2773 347 2806 B:
372 2772 466 2802 certe
481 2781 511 2802 α.
648 2771 720 2802 188.
746 2772 768 2805 β
787 2770 864 2812 (LB.
888 2781 970 2812 1910
985 2774 1020 2812 Ε)
1037 2782 1044 2802 :
1068 2771 1173 2803 debes
1188 2783 1219 2802 α.

199 2880 269 2909 157.
293 2867 515 2909 parturiant]
540 2868 589 2900 Cf.
607 2868 692 2899 Hor.
710 2871 752 2899 A.
770 2871 804 2900 P.
826 2878 896 2908 139.
977 2870 1151 2906 formers;
1175 2878 1231 2899 see
1255 2868 1457 2909 Creighton,
1484 2870 1506 2900 i.
1530 2870 1672 2909 313-61.

200 2915 270 2952 164.
289 2911 520 2952 Hieronymi]
536 2912 573 2943 of
582 2912 716 2950 Prague
731 2912 769 2952 (†
777 2921 820 2950 30
829 2913 911 2951 May
1024 2913 1095 2951 169.
1112 2912 1190 2943 Non
1203 2912 1356 2962 asserui]
1381 2912 1433 2943 Cf.
1453 2913 1515 2953 Ep.
1531 2923 1605 2952 337.
1619 2915 1693 2954 716,
1709 2924 1740 2953 7.

157 2958 266 2998 1416),
291 2957 354 2987 the
378 2955 536 2987 follower
558 2955 595 2986 of
622 2955 701 2986 Hus
725 2955 796 2985 and
820 2957 910 2986 with
1025 2956 1094 2988 180.
1113 2955 1254 2996 scribis]
1279 2955 1341 2995 Ep.
1359 2965 1434 2994 337.
1452 2957 1523 2996 765,
1542 2958 1573 2988 6.

155 2999 233 3032 him
271 2999 391 3031 leader
430 2999 467 3030 of
505 2998 566 3030 the
607 2998 806 3030 Bohemian
845 2998 910 3030 Re·
1025 3000 1094 3038 189.
1111 3008 1183 3030 non
1199 2998 1316 3040 vides]
1340 2999 1392 3031 Cf.
1411 2999 1472 3039 Ep.
1491 3009 1564 3040 337.
1582 3000 1657 3041 817,
1676 3001 1708 3032 8.

915 3066 989 3092 K2
