2010 3417
297 195 378 234 330
759 188 1012 228 LETTERS
1051 188 1120 227 OF
1158 187 1422 226 ERASMUS
1759 185 1883 241 [151'6

769 344 907 398 457562
967 341 1030 383 To
1060 342 1186 383 JOHN
1218 340 1474 383 REUCHLIN.

340 446 547 482 Illustrium
565 445 726 482 virorum
743 444 925 491 epistolae
943 443 986 479 f0.
1003 443 1035 478 s4
1051 447 1089 478 v⁰
1105 442 1167 489 (α).
1582 441 1716 478 Calais.

342 505 415 541 RE.
438 509 536 540 221².
1458 511 1501 545 27
1520 500 1665 547 August
1685 499 1837 547 (1516).

340 587 426 629 [For
443 586 505 617 the
522 595 642 616 source
659 594 715 616 see
731 584 795 624 Ep.
814 594 880 624 300
895 583 1027 614 introd.
1075 582 1149 613 The
1166 580 1394 613 month-date
1411 582 1442 612 is
1457 582 1651 613 confirmed
1670 582 1716 621 by
1729 581 1791 622 Ep.
1802 583 1865 621 562
1880 593 1888 620 ;

297 631 334 661 in
352 640 398 661 no
416 630 520 661 other
535 639 620 669 year
635 629 797 659 between
814 628 878 658 the
895 627 1114 667 publication
1129 627 1167 657 of
1179 626 1242 657 the
1260 626 1346 657 New
1362 626 1567 657 Testament
1583 625 1654 656 and
1671 625 1735 656 the
1746 635 1886 665 appear—

294 684 382 705 ance
398 674 436 705 of
449 674 512 704 the
527 675 633 704 Illust.
646 675 701 703 vir.
717 673 857 709 epistolae
874 671 905 702 is
918 671 948 701 it
963 670 1117 710 possible
1129 672 1165 701 to
1181 669 1258 700 find
1273 670 1441 701 Erasmus
1453 672 1489 700 at
1505 669 1621 701 Calais
1631 670 1667 700 at
1680 670 1755 700 this
1770 668 1888 710 time.]

724 781 928 811 ERASMVS
959 779 1224 811 REVCHLINO
1256 780 1337 810 SVO
1365 779 1396 810 S.
1425 780 1464 810 D.

353 876 497 915 NVLLo
540 886 728 913 sermone
766 873 964 922 consequi
992 885 1142 922 queam
1181 886 1262 922 quo
1301 872 1449 920 studio,
1493 885 1573 921 qua
1608 871 1889 917 veneratione,

297 944 420 980 tuum
439 953 590 979 nomen
608 941 881 990 prosequatur
906 951 1085 988 magnus
1107 937 1179 976 ille
1204 938 1422 976 literarum
1441 951 1487 976 ac
1509 936 1675 987 pietatis
1701 936 1886 982 antistes,

297 1007 526 1057 Episcopus
546 1005 775 1053 Roffensis;
804 1005 903 1043 adeo
923 1005 970 1043 vt
990 1016 1084 1042 cum
1104 1003 1276 1042 antehac
1294 1002 1470 1053 plurimi
1492 1003 1633 1041 fecerit
1652 1003 1886 1049 Erasmum,

298 1084 409 1109 nunc
428 1070 701 1109 admiratione
715 1069 936 1108 Reuchlini
955 1082 1060 1118 pene
1076 1070 1316 1107 contemnat
1335 1083 1344 1107 ι
1374 1081 1476 1118 quae
1496 1080 1562 1106 res
1581 1067 1679 1106 adeo
1691 1080 1760 1105 me
1774 1066 1890 1106 nulla

258 1155 279 1186 5
298 1135 383 1174 vrit
401 1135 572 1183 inuidia,
587 1137 634 1173 vt
656 1134 923 1173 vehementer
943 1134 1071 1173 etiam
1085 1134 1287 1184 gaudeam
1307 1146 1464 1183 proque
1483 1147 1575 1172 mea
1594 1133 1708 1171 virili
1728 1145 1891 1171 curren-

297 1203 398 1248 tem,
419 1201 526 1250 quod
546 1201 673 1248 aiunt,
696 1200 953 1239 extimulem.
1007 1199 1155 1238 Nullas
1173 1199 1224 1238 ad
1244 1213 1310 1237 me
1326 1199 1395 1238 dat
1415 1199 1556 1237 literas
1573 1198 1733 1248 (scribit
1752 1199 1890 1237 autem

298 1266 497 1315 crebrius)
521 1266 566 1304 in
599 1266 750 1315 quibus
775 1278 861 1304 non
890 1265 1011 1304 faciat
1040 1265 1503 1304 honorificentissimam
1532 1264 1595 1303 tui
1621 1263 1887 1303 mentionem.

298 1331 545 1370 Decreuerat
574 1331 709 1380 posito
741 1330 858 1369 cultu
882 1330 1113 1380 episcopali,
1143 1330 1222 1369 hoc
1249 1333 1311 1369 est
1344 1330 1452 1368 linea
1479 1331 1593 1368 veste
1622 1343 1702 1380 qua
1730 1341 1891 1378 semper

297 1398 476 1435 vtuntur
505 1396 551 1434 in
569 1395 726 1446 Anglia
746 1395 827 1433 nisi
846 1409 943 1434 cum
961 1398 1179 1443 venantur,
1202 1395 1408 1443 traiicere,
1427 1395 1504 1433 hac
1533 1395 1750 1445 praecipue
1770 1407 1892 1433 causa

243 1481 281 1503 10
299 1461 506 1511 impulsus
525 1475 605 1511 quo
626 1462 765 1499 tecum
790 1460 970 1510 colloqui
988 1460 1131 1499 liceret
1155 1475 1164 1508 3
1190 1463 1311 1499 tanta
1329 1461 1453 1499 habet
1473 1460 1687 1499 hominem
1707 1459 1891 1499 discendi
1952 1455 1954 1457 ’

299 1527 443 1576 tuique
463 1527 564 1566 sitis.
625 1527 764 1576 Atque
785 1526 861 1564 hac
881 1525 967 1576 lege
988 1539 1065 1565 nos
1084 1526 1135 1565 ad
1159 1526 1303 1565 nauim
1330 1527 1594 1576 properantes
1623 1526 1763 1564 decem
1782 1525 1891 1575 apud

299 1605 389 1630 sese
418 1592 504 1630 dies
531 1592 721 1639 detinuit,
750 1593 796 1630 vt
819 1604 902 1630 vna
931 1591 1224 1630 traiiceremuS.
1283 1593 1440 1631 Verum
1470 1591 1618 1629 incidit
1647 1594 1787 1641 postea
1819 1603 1892 1630 cur

302 1659 484 1695 mutaret
513 1656 733 1695 consilium
751 1671 761 1704 ;
789 1658 841 1703 at,
865 1657 901 1695 si
918 1669 1007 1694 rem
1028 1657 1204 1706 distulit,
1227 1658 1357 1696 animi
1376 1657 1634 1707 propositum
1654 1670 1741 1696 non
1760 1659 1892 1695 muta-

300 1722 374 1760 uit.
433 1721 487 1760 In
506 1724 691 1760 extremo
711 1721 898 1771 digressu
919 1722 1094 1761 sollicite
1113 1736 1179 1761 me
1204 1723 1367 1773 rogauit
1388 1736 1467 1772 qua
1487 1735 1530 1760 re
1554 1725 1690 1772 posset
1708 1722 1788 1760 tibi
1807 1736 1891 1773 gra-

244 1808 280 1840 ¹5
300 1789 392 1826 tum
422 1787 563 1825 facere.
622 1787 834 1837 Respondi
856 1789 972 1826 tuam
997 1787 1208 1826 fortunam
1226 1801 1313 1826 non
1333 1801 1421 1826 esse
1440 1787 1644 1826 eiusmodi
1663 1789 1709 1826 vt
1727 1801 1893 1838 magno-

298 1866 395 1903 pere
409 1865 548 1902 egeres
563 1853 745 1901 pecunia,
767 1865 914 1891 verum
932 1852 968 1890 si
987 1852 1174 1892 mitteret
1191 1854 1393 1892 annulum
1412 1855 1484 1892 aut
1503 1855 1664 1892 vestem
1685 1855 1755 1891 aut
1779 1853 1892 1892 aliud

298 1919 503 1958 eiusmodi
522 1918 630 1967 quod
645 1931 717 1956 ceu
739 1918 804 1956 sui
833 1920 1151 1957 monumentum
1171 1932 1311 1968 posses
1330 1919 1532 1969 amplecti,
1548 1919 1589 1957 id
1609 1919 1696 1957 fore
1715 1917 1893 1969 gratissi-

300 1998 429 2023 mum.
490 1983 720 2033 Respondit
759 1997 801 2022 se
839 1983 944 2022 nihil
982 1984 1167 2023 laborare
1206 1985 1351 2034 quanti
1388 1987 1605 2033 constaret,
1648 1985 1772 2024 modo
1815 1983 1893 2022 tibi

299 2049 465 2096 gratum
484 2048 603 2084 esset.
664 2045 907 2085 Collaudaui
933 2047 1116 2085 hominis
1143 2048 1331 2086 animum
1348 2062 1358 2096 ;
1387 2047 1572 2096 suspicor
1590 2061 1687 2086 eum
1706 2046 1823 2086 breui
1841 2047 1892 2086 ad

243 2134 284 2157 20
300 2115 341 2152 te
368 2115 603 2151 venturum.
661 2112 841 2150 Interim
867 2113 930 2152 fac
951 2112 1106 2152 scribas
1125 2113 1232 2152 mihi
1262 2113 1361 2163 quid
1381 2113 1458 2151 tibi
1477 2113 1745 2162 potissimum
1777 2111 1893 2151 mitti

301 2178 441 2228 cupias
458 2193 466 2225 ;
495 2177 624 2216 nullis
642 2177 711 2215 ille
724 2190 921 2226 parsurus
938 2180 1002 2216 est
1022 2178 1271 2228 sumptibus.
1322 2178 1442 2217 Sensi
1461 2178 1584 2216 illum
1602 2176 1893 2216 auidissimum

301 2245 552 2284 calamorum
599 2245 790 2290 νειλωτῶν,
821 2243 1052 2282 cuiusmodi
1081 2244 1187 2282 mihi
1206 2247 1290 2283 tres
1309 2244 1501 2292 donasti3
1556 2243 1731 2294 proinde
1751 2243 1787 2281 si
1813 2242 1893 2281 tibi

302 2311 400 2348 sunt
419 2309 585 2358 aliquot,
611 2308 773 2347 nullum
797 2321 952 2346 munus
966 2310 1124 2358 gratius
1151 2310 1317 2348 mittere
1336 2309 1479 2360 possis.
1541 2309 1636 2347 Non
1655 2308 1894 2358 grauaberis

305 2387 402 2413 eum
421 2374 577 2412 crebris
605 2374 809 2423 appellare
828 2373 972 2421 literis,
992 2376 1033 2412 et
1054 2374 1156 2412 item
1176 2374 1380 2413 Coletum.
1447 2376 1631 2424 Vterque
1650 2374 1713 2412 tui
1737 2373 1891 2413 studio-

243 2469 282 2500 25
302 2440 492 2478 sissimus
510 2441 582 2487 est,
605 2440 780 2488 vterque
805 2438 902 2477 talis
927 2441 989 2477 est
1008 2441 1065 2486 vt,
1096 2440 1223 2477 etiam
1253 2440 1289 2477 si
1316 2440 1432 2478 nulla
1461 2441 1691 2490 speraretur
1717 2439 1890 2488 vtilitas,

300 2506 439 2543 tamen
459 2504 510 2543 ob
530 2504 714 2553 egregias
734 2503 884 2553 quibus
903 2504 1076 2553 praediti
1097 2507 1195 2542 sunt
1214 2505 1393 2543 virtutes
1415 2506 1457 2543 et
1475 2506 1663 2543 animum
1683 2504 1727 2542 in
1746 2506 1787 2543 te
1805 2507 1893 2543 tam

299 2581 563 2620 propensum,
586 2569 701 2619 digni
729 2571 847 2608 erant
872 2582 1010 2608 amore
1039 2571 1195 2609 mutuo.
1258 2570 1377 2608 Nunc
1397 2570 1519 2608 ambo
1549 2582 1756 2608 summam
1784 2570 1892 2620 apud

348 2693 395 2722 13.
420 2685 456 2714 at
470 2685 598 2720 scripsi:
623 2683 651 2714 <St
666 2694 696 2714 α.
863 2685 910 2714 16.
938 2694 1057 2724 egeres
1078 2686 1199 2723 Geiqer:
1225 2686 1342 2724 egeret
1357 2696 1388 2715 α.
1547 2695 1595 2723 17.
1620 2685 1676 2716 sui
1693 2708 1702 2717 .
1718 2708 1727 2716 .
1748 2708 1755 2716 .
1773 2694 1892 2724 posses
1941 2704 1944 2707 Δ

300 2729 441 2758 Nichols:
465 2727 519 2758 tui
536 2751 543 2758 .
565 2752 571 2758 .
588 2751 597 2759 .
614 2729 731 2766 posset
747 2738 776 2757 α.

345 2827 375 2857 6.
415 2825 557 2867 literas]
582 2826 633 2857 Of.
654 2827 716 2866 Ep.
736 2836 811 2866 432.
831 2837 880 2858 12.
936 2827 981 2858 In
998 2827 1060 2858 the
1131 2827 1388 2866 relinquendae
1410 2828 1631 2867 Britanniae,
1649 2828 1689 2858 vt
1707 2836 1788 2858 cum
1805 2826 1890 2866 Cap-

306 2871 442 2907 Spongia
456 2869 552 2908 (HE.
567 2879 642 2909 333,
657 2880 690 2909 p.
707 2871 772 2901 280
789 2870 876 2908 31.ss.
887 2880 920 2902 x.
936 2872 1018 2909 1642
1028 2872 1062 2910 c)
1133 2872 1240 2902 nione
1271 2871 1371 2902 velut
1404 2872 1545 2902 oraculo
1576 2880 1696 2902 rerum
1728 2870 1891 2901 omnium

307 2912 472 2942 Erasmus
501 2921 582 2951 says
610 2914 648 2943 of
671 2913 818 2944 Fisher:
859 2914 975 2944 ‘Pene
1007 2914 1063 2944 de·
1133 2914 1400 2945 reconditarum
1416 2915 1529 2954 possit
1545 2914 1723 2953 colloqui?

307 2956 493 2993 peribatin
520 2956 753 2996 Capnionem,
775 2959 849 2988 tam
877 2957 1064 2997 magnifice
1177 2968 1208 2997 9.
1233 2958 1428 2998 venantur]
1453 2958 1505 2989 cf.
1523 2958 1588 2996 Ep.
1604 2966 1676 2996 451.
1696 2966 1710 2986 1
1729 2966 1765 2987 n.

307 2997 351 3027 de
368 2997 430 3028 illo
447 2999 606 3029 sentiens
619 3002 658 3030 vt
675 3010 731 3030 me
746 3010 830 3040 prae
847 3000 911 3031 illo
920 3002 1065 3040 putaret
1177 3011 1228 3031 22.
1267 3000 1500 3041 calamorum]
1539 3000 1604 3030 For
1638 2998 1779 3030 similar
1810 2998 1890 3029 reed

309 3040 404 3070 nihil
443 3043 544 3080 scire,
583 3044 806 3082 captaritque
844 3044 1063 3075 occasionem
1134 3053 1222 3083 pens
1239 3044 1282 3075 cf.
1300 3045 1361 3083 Ep.
1385 3054 1455 3083 194.
1475 3053 1525 3082 23.
